3420 5378
202 279 266 344 208
596 281 833 336 corruaurvn
851 282 1095 337 arremarensi:

204 480 362 550 autequam
395 478 623 532 secernerentur
657 469 694 531 at
728 473 866 532 inuicem.
916 471 980 532 Hoc
1014 472 1312 536 animaduertendum
1343 482 1402 545 eet,
1439 475 1508 556 quia

204 571 334 632 Donatus
363 580 475 633 rectum
505 571 640 632 ordinem
665 572 695 630 in
718 571 764 632 his
786 571 891 632 lormis
914 591 972 634 non
997 575 1105 644 tenuit;
1134 576 1231 655 primo
1254 576 1335 637 enim
1358 575 1507 638 debuerat

205 673 403 734 meditatiuam
433 674 558 734 sormam
586 691 712 752 ponere.
747 671 855 733 deinde
883 672 1096 745 inchoatiuam,
1130 684 1232 755 postea
1261 676 1446 753 perlectam,
1469 676 1506 737 ad

204 773 337 835 ultimum
372 773 629 853 frequentatiuanr.
686 773 759 835 Nam
793 772 921 852 primule
954 773 1067 855 aliquid
1100 776 1293 845 meditamur,
1327 779 1506 858 priusquam

203 876 314 957 aliquid
348 874 537 945 inchoernuS,
573 883 602 934 et
629 875 684 935 hoo
712 874 791 954 quod
822 874 992 936 inchoatum
1022 884 1068 937 est
1094 877 1130 937 ad
1159 876 1326 957 perlectum
1356 876 1530 945 ducimuss

203 976 283 1058 quod
313 994 385 1054 ergo
407 976 571 1054 perlectum
594 985 653 1045 est,
682 977 712 1035 in
735 976 884 1055 frequenti
907 995 961 1037 usu
986 986 1130 1039 tenemus.
1176 978 1234 1040 Sed
1257 978 1309 1040 ille
1332 997 1349 1039 a
1372 981 1506 1058 perlecta

205 1081 299 1141 iornra
331 1077 406 1137 bene
434 1075 600 1146 inclroauit,
631 1085 660 1137 et
685 1078 761 1137 sieut
783 1076 978 1139 masculinum
1001 1088 1069 1140 aute
1091 1078 1279 1148 femininum,
1310 1078 1506 1141 indicatiuum

204 1188 272 1242 autc
301 1180 526 1258 imperatiuurn,
555 1179 597 1237 sio
625 1195 753 1257 sequeus
782 1187 916 1239 naturam
940 1180 1102 1258 perlectam
1125 1182 1222 1260 primo
1243 1183 1343 1261 posuit
1365 1182 1504 1243 formam.

206 1283 283 1344 Deus
310 1281 388 1341 enirn
417 1281 515 1340 omnia
542 1280 675 1360 perfecte
703 1279 787 1350 lecit,
817 1278 957 1340 uidelicet
984 1280 1135 1342 hominem
1164 1283 1331 1361 perlectum
1354 1281 1385 1342 in
1410 1289 1507 1343 aetate

204 1383 282 1444 XXX
306 1398 452 1444 annorum
477 1387 506 1440 et
528 1379 652 1442 arbores
673 1380 869 1459 glandiferas,
895 1400 952 1442 uon
976 1383 1106 1450 fructus.
1130 1381 1259 1444 uoletilia
1282 1400 1423 1463 quoque,
1448 1402 1539 1445 noun

116 1504 151 1553 r,
177 1505 270 1561 eoua,
295 1502 383 1564 quern
405 1484 536 1543 imitatus
559 1490 603 1543 est
625 1481 757 1543 Donatus
780 1484 906 1563 primam
930 1482 1070 1562 ponendo
1092 1483 1265 1563 perlectam.
1310 1484 1346 1545 D.
1370 1485 1507 1545 Coniu-

205 1589 380 1666 gationes
402 1583 603 1645 uerborum
619 1580 631 1664 ΙΙ
649 1579 707 1642 121
725 1580 736 1664 l
752 1592 842 1662 quot
865 1585 971 1645 sunt?
1008 1585 1181 1663 Coniugatio
1196 1585 1306 1647 dicitur
1321 1587 1407 1666 quasi
1425 1584 1508 1647 colli·

205 1691 292 1767 gotio,
310 1685 440 1766 eoquod
456 1684 513 1746 sub
529 1703 586 1746 uua
603 1683 706 1760 regula
722 1686 804 1761 quasi
819 1683 874 1745 sub
893 1704 951 1746 uno
968 1686 1036 1764 iugo
1052 1684 1143 1746 multa
1166 1687 1322 1764 coniungit
1344 1695 1374 1747 et
1397 1689 1510 1748 retinet

206 1800 235 1851 et
257 1789 324 1850 ideo
340 1807 356 1848 a
372 1786 579 1865 coniungendo
591 1785 700 1846 dicitur
712 1787 890 1864 coniugatio.
913 1786 951 1847 M.
962 1786 1062 1849 Tres.
1092 1787 1257 1859 Quidam·
1264 1790 1509 1866 grammatici

206 1900 344 1971 quattuor
366 1896 564 1950 annumerant
586 1889 818 1966 coniugatioues,
842 1889 919 1947 sicut
934 1887 1163 1950 Priscianus.
1200 1887 1333 1949 Donatus
1355 1908 1434 1951 uero
1449 1898 1541 1950 tresis

206 2001 360 2056 enumerat
381 1989 544 2051 secundum
568 1990 703 2050 ordinem
726 1990 815 2050 trium
838 1987 1002 2059 uocalium,
1026 1988 1133 2069 quibus
1154 1991 1254 2052 omnia
1276 1989 1372 2052 uerba
1397 1989 1506 2051 adhae-

206 2102 289 2165 rent,
318 2093 502 2170 distinguens
524 2101 657 2171 quartam
681 2108 698 2150 a
721 2091 806 2153 tertia
836 2092 1068 2169 coniugatione,
1086 2109 1155 2153 curn
1183 2091 1255 2153 dicit
1276 2092 1305 2150 ‘i
1335 2100 1508 2170 correptam

105 2217 152 2265 ess,
166 2217 192 2256 ee
206 2195 253 2256 uel
270 2198 279 2255 i
295 2193 495 2275 productam’.
532 2192 707 2254 Discerni
733 2192 762 2251 ·i·
786 2191 952 2253 diiudicari.
982 2191 1058 2263 Quid
1075 2201 1120 2253 est
1135 2194 1322 2272 coniugatio?
1344 2191 1507 2254 declinatio

107 2318 152 2365 sao,
166 2318 192 2355 sa
207 2295 303 2358 uerbi.
350 2295 383 2356 D.
401 2295 544 2356 Genera
562 2293 764 2355 uerborum
782 2302 870 2372 quot
885 2296 989 2355 sunt‘t
1016 2294 1129 2366 ‘Quot',
1143 2296 1219 2356 sicut
1236 2295 1379 2376 superius
1392 2294 1505 2357 dictum

208 2407 267 2467 est,
303 2413 458 2456 numerum
488 2396 622 2474 requirit.
673 2397 774 2456 Genus
801 2394 907 2457 dicitur
934 2398 963 2455 iu
994 2395 1088 2456 uerlro
1111 2414 1127 2456 a
1149 2397 1337 2475 generando,
1367 2416 1406 2457 eo
1430 2394 1537 2477 quodao

206 2518 298 2560 unum
320 2504 482 2576 generetur
505 2515 540 2557 ex
563 2495 672 2565 altero,
701 2495 813 2558 scilieet
834 2498 985 2575 passiuunr
1008 2497 1045 2557 ab
1068 2498 1165 2557 actiuo
1189 2499 1312 2559 etitem
1335 2497 1506 2559 actiuurna

205 2601 333 2680 pessino.
369 2599 472 2660 «letina
495 2617 567 2677 ergo
589 2597 729 2660 dicuntur
751 2598 788 2659 ab
811 2598 935 2677 agendo,
960 2599 1095 2678 eoquod
1119 2609 1207 2677 agunt
1230 2613 1260 2660 et
1281 2606 1382 2659 actum
1407 2606 1505 2661 osten·

205 2703 288 2772 dunt,
311 2710 343 2762 ut
365 2698 432 2778 lego
455 2708 484 2760 te
506 2702 600 2761 doceo
623 2708 661 2763 te.
705 2699 787 2761 Vnde
809 2708 839 2760 et
860 2701 1026 2761 accusatiua
1049 2699 1198 2769 dicuntur,
1225 2702 1292 2777 quia
1315 2719 1354 2761 ex
1377 2702 1505 2761 maxima

204 2812 289 2884 parte
316 2802 491 2863 accusatiuis
518 2799 711 2882 copulantur,
740 2819 832 2882 pauca
864 2820 935 2863 uero
964 2801 1028 2862 aliis
1053 2802 1187 2879 casibus,
1216 2810 1248 2862 ut
1270 2801 1421 2863 benedico
1445 2801 1505 2873 tibi,

205 2908 351 2967 misereor
366 2905 418 2972 tui,
442 2911 472 2963 et
495 2921 585 2964 unum
609 2901 733 2964 uerbum
757 2912 813 2978 est,
836 2904 914 2982 quod
938 2905 968 2964 in
991 2905 1088 2964 aetiua
1111 2911 1141 2963 et
1163 2905 1193 2963 in
1215 2904 1335 2983 passiua
1357 2905 1535 2982 significa-ra

205 3010 284 3068 tione
309 3013 421 3066 tanturn
445 3003 575 3065 ablatiuo
597 3005 739 3082 iungitur,
763 3012 793 3064 ut
817 3003 942 3083 stipulor
965 3024 981 3066 a
1005 3013 1033 3068 te
1057 3007 1085 3065 ·i·
1111 3007 1264 3083 interrogo
1286 3012 1315 3066 te
1339 3005 1391 3066 uel
1414 3007 1504 3067 inter·

205 3124 296 3184 rogor
318 3126 334 3167 a
358 3114 396 3167 te.
440 3105 561 3167 Passiua
586 3105 725 3167 dicuutur
748 3124 764 3166 a
786 3106 940 3185 patiendo,
971 3126 1007 3167 eo
1036 3106 1114 3187 quod
1137 3124 1219 3166 suanr
1242 3107 1415 3187 passionem
1437 3125 1504 3188 pro·

205 3209 339 3279 litentur,
369 3216 401 3269 ut
428 3207 537 3270 doceor
563 3207 611 3267 uel
640 3205 784 3267 uerberor
807 3226 823 3266 a
846 3216 885 3269 te.
930 3209 1009 3270 Haec
1038 3219 1083 3269 est
1103 3216 1202 3270 autem
1225 3225 1311 3268 causa
1335 3210 1502 3271 actiuorun

206 3318 235 3371 et
257 3311 442 3391 passiuorum
466 3308 627 3371 uerborum
649 3310 783 3369 transitio
806 3318 898 3370 actus.
938 3309 990 3370 lile
1014 3311 1092 3371 enirn
1115 3328 1198 3371 meus
1220 3318 1303 3371 actus
1326 3312 1438 3371 transit
1459 3327 1504 3371 me

206 3412 323 3473 dicente
337 3414 442 3473 ‘doceo
459 3416 509 3473 ιε’.
540 3412 585 3473 Tu
602 3428 673 3489 ergo
689 3410 848 3480 confiteris,
872 3410 901 3471 id
917 3411 996 3490 quod
1018 3413 1138 3492 paterio,
1163 3411 1264 3473 dicens
1276 3410 1404 3474 ‘doceor
1419 3431 1436 3473 a
1451 3412 1501 3472 te'.
1513 3431 1535 3470 so

205 3515 287 3576 Tuus
313 3517 422 3576 iterum
450 3522 532 3573 actus
559 3515 666 3575 transit
690 3514 722 3572 in
748 3530 805 3572 me.
852 3511 934 3573 Vnde
957 3522 987 3574 et
1008 3512 1057 3574 illa
1080 3512 1174 3574 uerba
1197 3531 1271 3594 quae
1294 3530 1356 3574 non
1378 3520 1504 3594 possunt

205 3615 395 3695 respondere,
419 3622 524 3675 neutra
547 3621 625 3683 suut,
649 3621 682 3675 ut
703 3633 755 3675 aro
778 3623 890 3675 terram
912 3614 1045 3695 prandeo
1062 3616 1185 3694 piscem.
1223 3614 1336 3676 Neutra
1352 3613 1502 3683 dicuntur,

206 3734 265 3778 non
287 3724 320 3776 ut
341 3715 414 3777 nihil
436 3717 603 3794 significent
625 3725 676 3777 aut
699 3725 797 3777 aetum
820 3715 869 3777 uel
884 3718 1062 3796 passionem,
1086 3717 1138 3778 sed
1156 3725 1318 3794 utrumque
1334 3735 1397 3778 uon
1412 3716 1501 3796 signi-

205 3819 308 3887 iicant,
332 3827 364 3878 ut
386 3808 519 3879 ambulo:
544 3835 613 3879 ecce
636 3825 748 3885 actunr;
777 3816 879 3878 rubet:
909 3836 979 3879 ecce
1001 3820 1163 3897 passiuum.
1181 3815 1192 3898 ll
1211 3815 1298 3899 1221!
1351 3818 1412 3880 Sed
1435 3836 1502 3898 pro·

205 3920 269 3999 prie
292 3927 361 3980 sunt
383 3928 496 3989 neutra,
519 3939 596 4000 quae
617 3937 726 3999 perse
749 3916 868 3998 plenum
891 3936 1011 3979 sensum
1034 3917 1153 3986 habent,
1178 3929 1210 3980 ut
1226 3922 1298 3980 uiuo
1313 3921 1399 3999 spiro
1414 3920 1536 3981 sedeces

205 4020 286 4081 bibo.
330 4021 511 4101 Deponentia
539 4021 678 4081 dicuntur
705 4012 780 4080 κατ’
803 4013 1007 4100 ἀντίφρασιν
1031 4022 1060 4080 ·i·
1083 4038 1137 4099 per
1165 4023 1347 4082 contrarium
1370 4040 1389 4082 a
1412 4022 1503 4103 depo-

205 4122 319 4192 neudo,
346 4141 382 4183 eo
405 4120 482 4201 quud
506 4139 650 4201 nusquam
673 4120 826 4200 deponunt
848 4141 862 4182 r
886 4121 932 4182 uel
955 4122 1022 4183 ideo
1045 4121 1185 4183 dicuntur
1208 4122 1388 4202 deponentia
1412 4142 1430 4185 a
1453 4123 1502 4185 de-

205 4222 352 4303 ponendo,
376 4242 411 4283 eo
435 4222 514 4300 quod
537 4223 692 4303 deponunt
713 4223 902 4303 participium
925 4224 1016 4285 futuri
1038 4225 1189 4302 temporis,
1214 4223 1293 4302 quod
1316 4225 1349 4285 in
1372 4224 1431 4286 dus
1453 4225 1502 4286 de·

204 4325 283 4387 sinit.
320 4326 494 4387 Communia
517 4324 661 4394 dicuntur,
685 4344 719 4386 eo
742 4324 820 4403 quod
844 4323 899 4384 sub
923 4342 979 4384 una
998 4324 1162 4387 litteratura
1178 4325 1252 4387 duos
1267 4343 1374 4386 sensus
1390 4324 1503 4388 habent

203 4427 234 4486 in
257 4425 331 4488 duas
352 4426 464 4488 formas
488 4427 516 4486 ·i·
540 4428 571 4487 in
595 4426 669 4489 duos
691 4425 869 4497 intellectus,
893 4425 1031 4489 uidelicet
1053 4428 1082 4487 iu
1106 4428 1232 4489 sormam
1256 4428 1347 4489 actiui
1370 4430 1438 4508 ipsa
1460 4435 1536 4489 estu

272 4683 376 4746 unod
393 4676 465 4748 ergo]
485 4682 555 4743 quod
573 4681 652 4730 uero?
721 4684 845 4731 Siratura
915 4684 945 4730 11
964 4680 1072 4731 lormanr
1090 4680 1305 4746 anteperfectam
1324 4684 1443 4736 additum
1459 4685 1505 4736 sed

202 4752 304 4813 punctis
320 4752 461 4815 suppositis
479 4751 605 4799 inductum
623 4756 661 4799 est
729 4752 762 4801 36
780 4763 836 4799 cara
854 4750 991 4799 antifrasio
1060 4749 1095 4800 40
1112 4746 1239 4799 ⁵⁰lormum
