3466 5422
221 305 306 355 CVIII
562 292 612 343 DE
631 290 847 344 commuurls
867 288 1167 342 uluslohnuslssvs

214 484 461 559 perscrutatione
482 490 640 554 remotum,
671 482 715 540 itu
742 483 875 555 exceptis
897 482 1026 555 aliquot,
1056 483 1187 554 benaein
1209 482 1336 554 sinordis
1359 480 1512 541 uocabulis

219 602 239 644 o
263 585 381 644 Graeco
404 586 521 657 oripiae
542 583 713 657 repetendis
735 591 912 656 ttersontur,
938 583 1167 655 definitionibus,
1193 585 1223 641 in
1246 584 1418 642 uniuersum
1442 585 1510 641 Ver-

216 689 344 762 pilianis
364 687 562 759 similiumque
584 687 646 745 eius
660 685 892 745 ariolutiouibus
906 700 1008 759 poene
1023 686 1141 744 omnino
1156 692 1250 744 caret.
1296 686 1393 759 Atque
1407 702 1510 744 eorum

218 808 258 849 ex
280 803 405 848 numero
426 795 672 859 commentorum,
703 802 781 860 uitae
807 787 903 845 mtclto
933 788 1023 845 etium
1052 787 1083 845 in
1111 787 1359 847 bibliothecarum
1381 789 1512 847 tenebris

205 894 315 968 ‚lutere
335 898 567 950 consentaneum
590 895 643 961 est,
668 890 750 962 quood
772 888 976 947 llinsidtcnsio
995 885 1182 963 potissimum
1205 891 1273 948 luce
1295 889 1417 961 douaui,
1441 891 1512 949 inde

213 992 335 1065 facturn
350 1000 402 1064 est,
420 994 492 1066 prtia
507 993 583 1050 boec
598 993 665 1066 ipsa
682 991 719 1049 ub
743 992 959 1065 insequentium
981 992 1170 1050 soeculorum
1193 991 1360 1051 bominibus
1379 993 1510 1067 probata

218 1104 247 1154 et
263 1102 443 1171 propagato
466 1094 534 1154 iridi
552 1110 604 1154 seu
626 1092 857 1167 excerpentibus
878 1108 931 1151 scu
953 1093 1017 1151 olio
1037 1093 1162 1151 aliunde
1181 1094 1218 1153 iis
1239 1092 1510 1166 adplutiuuntibus.

218 1198 284 1257 lloc
306 1204 338 1256 ut
354 1196 534 1271 probarem,
559 1197 651 1254 alteri
670 1196 701 1253 in
717 1194 832 1253 Donati
852 1203 948 1253 arteni
963 1197 1106 1254 maiorem
1121 1204 1284 1255 commemo
1306 1204 1397 1271 atquc
1410 1198 1508 1268 tertio,

217 1281 300 1375 quod
319 1298 363 1357 od
382 1297 604 1356 barbarismum
624 1298 773 1371 perlinat,
798 1298 913 1370 passim
941 1298 971 1354 in
995 1298 1192 1356 adnotatione
1212 1299 1326 1358 codicis
1348 1297 1512 1357 Beruensis

220 1408 278 1459 356
297 1403 378 1459 locos
395 1400 564 1459 consimiles
582 1399 714 1473 ascripsi
732 1414 792 1457 non
816 1414 932 1471 nutries,
956 1401 1010 1457 scd
1029 1401 1159 1473 quodum
1176 1397 1299 1459 dicentii
1320 1403 1369 1459 uel
1383 1401 1514 1460 docendi

213 1504 406 1578 proprietate
428 1503 612 1575 conspicuos.
651 1499 762 1573 tenuta
775 1502 865 1558 etium
887 1501 919 1558 in
940 1501 1053 1560 scliolio
1067 1503 1242 1575 murpinuli,
1266 1503 1349 1576 qttod
1368 1503 1434 1562 cod.
1455 1509 1510 1561 2111

215 1604 243 1678 s.
262 1600 314 1662 10⁶
329 1605 441 1679 primis
456 1603 572 1661 bartoli
593 1603 630 1660 de
644 1603 748 1660 littera
764 1602 897 1662 uersibus
912 1605 1077 1677 ascriptum
1092 1610 1135 1662 est
1149 1620 1241 1663 manu
1263 1606 1378 1664 saeculi
1392 1604 1508 1676 decimi,

218 1709 306 1765 talem
336 1707 507 1779 orporncnti
532 1706 743 1778 copnotionem
771 1704 997 1779 depreltendas:
1026 1703 1137 1790 ‘littere
1165 1722 1262 1778 otiare
1288 1706 1388 1764 dicte?
1414 1707 1511 1776 tribus

217 1825 256 1868 ee
278 1810 391 1880 curuis,
421 1823 480 1866 uno
507 1807 595 1866 modo
622 1808 710 1879 nicusi
734 1807 875 1890 lepitterp
902 1822 937 1865 co
962 1807 1043 1880 aliod
1059 1807 1232 1881 praebcant
1254 1807 1419 1882 legentibus
1441 1811 1508 1867 iter.

217 1913 278 1970 cilio
305 1910 393 2000 modo
420 1926 461 1968 ex
488 1909 533 1969 liis
561 1910 641 1994 dicte
669 1923 689 1965 a
716 1909 828 1967 litturis
851 1910 925 1967 idest
952 1924 972 1965 a
994 1909 1136 1967 linioido.
1166 1910 1285 1982 antiqui
1311 1911 1421 1984 qitippe
1449 1927 1509 1970 uon

166 2000 172 2022 ⁶
218 2014 369 2072 liobebont
391 2011 580 2070 atmnbranas
601 2011 654 2069 sed
681 2010 852 2069 scribebam
879 2007 911 2070 iu
940 2010 1050 2069 tabulis
1076 2013 1189 2070 ceratis
1216 2013 1316 2070 omnio
1345 2021 1374 2069 et
1403 2013 1510 2072 iterum

218 2115 368 2175 delebunt.
398 2114 486 2172 tertio
514 2112 603 2172 modo
631 2112 714 2196 dicte
741 2114 841 2197 littere
867 2129 903 2171 co
930 2113 1012 2186 quod
1033 2115 1062 2171 in
1085 2113 1212 2187 lupardo
1234 2116 1390 2173 iterentur.
1434 2112 1512 2188 Sepe

217 2215 298 2276 enim
320 2218 350 2274 iu
374 2230 437 2273 una
458 2215 540 2272 linco
556 2221 656 2289 potest
678 2231 697 2272 u
719 2215 874 2290 repperiri
893 2221 948 2273 aut
968 2214 985 2272 b
1009 2222 1063 2273 tritt
1084 2215 1124 2288 c’,
1149 2213 1193 2286 cs.
1210 2232 1314 2274 comm
1331 2216 1459 2275 Eiresidl.
1476 2215 1512 2275 II

215 2336 248 2394 p.
275 2323 338 2390 221,
365 2321 497 2384 15-11;
520 2316 592 2375 ibid.
616 2316 697 2375 ‘Mos
718 2324 785 2375 erot
806 2317 893 2391 apud
912 2318 1058 2391 utiliquos,
1080 2324 1112 2375 ut
1133 2335 1192 2376 non
1216 2318 1352 2377 dicerent
1374 2319 1509 2393 obtimus,

218 2420 272 2479 sed
293 2420 426 2478 obtumus
447 2435 503 2477 nec
524 2420 574 2478 nir
595 2435 745 2494 expresse,
770 2418 824 2477 scd
845 2420 887 2477 ita
910 2425 942 2478 ut
964 2434 980 2476 e
1000 2426 1124 2478 sonaret
1145 2436 1199 2478 nec
1222 2419 1355 2480 obtumus
1369 2436 1512 2494 expresse

217 2522 272 2582 sed
297 2523 340 2580 ito
368 2528 400 2581 ut
429 2523 441 2580 i
466 2528 589 2581 sonaret
615 2528 643 2580 et
671 2521 738 2580 ideo
760 2524 772 2580 i
796 2529 825 2579 et
851 2539 871 2580 u
898 2522 995 2607 medie
1023 2519 1196 2594 dicuntur’,
1226 2519 1271 2593 cs.
1294 2537 1400 2581 cotnrn.
1426 2522 1510 2581 Eius.

213 2642 247 2700 p.
274 2629 490 2701 223,1t-17.
538 2623 672 2684 Ceterum
700 2624 781 2683 borco
808 2625 980 2696 urpumcnti
1004 2624 1225 2683 similitudinem
1254 2625 1297 2683 ita
1319 2640 1437 2698 ottoque
1457 2640 1509 2684 eu·

212 2728 334 2802 plicare
361 2727 510 2801 quispiam
533 2728 646 2801 possit,
682 2734 714 2785 ut
741 2743 781 2786 eu
808 2727 913 2785 lulium
940 2725 1121 2785 scltoliorum
1154 2727 1289 2799 ritorpiui
1319 2742 1509 2800 uspersorum

213 2827 382 2902 sarrnpine
404 2830 536 2902 undique
557 2835 701 2902 conpestu
723 2835 983 2887 commentatorem
1000 2827 1214 2887 lliusidlensem
1236 2829 1410 2903 opusculum
1425 2845 1510 2889 situm

217 2931 384 3003 confecisse
411 2926 547 3014 dicnt.*)
593 2931 651 2989 Hic
679 2946 752 2989 icero
780 2931 846 3003 queis
868 2929 966 3002 suerit
995 2930 1082 2988 ltorno
1112 2937 1202 3004 otqrte
1229 2930 1349 2989 ubinam
1376 2933 1510 3004 peritiam

219 3032 333 3092 uiuerit
355 3033 498 3106 quibusue
521 3039 685 3107 temporum
706 3032 815 3103 finibus
836 3048 925 3105 ortam
952 3034 1178 3092 accuratissime
1204 3033 1241 3091 sit
1263 3033 1510 3092 circumscriben-
1535 3073 1545 3097 ,

218 3136 292 3207 dtis,
317 3131 497 3205 difficillime
519 3132 603 3192 dictu
624 3140 713 3206 esset,
744 3135 805 3191 nisi
826 3135 959 3207 primum
987 3141 1069 3192 certe
1090 3141 1253 3192 tractatum
1275 3134 1326 3193 sub
1349 3132 1513 3210 Remigii

219 3233 339 3295 nomine
367 3238 398 3294 in
425 3232 515 3294 libris
542 3233 760 3310 ritortuscriptis
785 3237 898 3309 possim
926 3236 1124 3309 circumferri
1149 3242 1316 3306 constaret,
1340 3236 1384 3309 cs.
1409 3238 1513 3296 Caroli

221 3333 350 3396 Tburote'
364 3335 497 3396 ‘Notices
518 3343 547 3394 ct
568 3334 700 3396 eatroits
721 3338 773 3395 des
794 3339 974 3396 trinnuscrits
995 3338 1033 3395 de
1053 3338 1085 3394 la
1107 3335 1306 3412 bibliotliique
1327 3338 1508 3414 impe'riale',

147 3512 153 3525 .
217 3448 285 3498 tom.
309 3437 418 3511 XXII,
447 3444 521 3497 teos
539 3457 573 3513 p.
592 3444 618 3496 9.
639 3445 682 3497 to.
719 3438 795 3496 Nam
818 3439 895 3497 tinec
916 3446 986 3497 sunt
1009 3440 1114 3498 ultimo
1137 3440 1232 3499 uerbo
1259 3438 1324 3501 eius
1345 3449 1505 3515 tractatus,

218 3544 316 3615 qualis
337 3549 380 3601 est
403 3543 434 3600 in
456 3541 562 3600 codice
585 3536 850 3615 Montepessulano
873 3546 930 3598 387
952 3557 1032 3600 saec.
1057 3540 1090 3599 X
1106 3539 1134 3613 s.
1162 3549 1231 3599 tot:
1258 3540 1355 3602 ‘unde
1384 3552 1412 3602 et
1435 3560 1509 3622 papa

218 3643 325 3703 dicitur
348 3640 527 3721 apostolicus
550 3648 579 3701 et
602 3642 816 3720 interpretatur
839 3639 1021 3701 admirabilis
1041 3641 1092 3702 uel
1115 3649 1200 3720 puter
1222 3651 1348 3720 patrum.
1386 3643 1422 3704 EI
1439 3652 1512 3704 allai

218 3745 386 3805 initerieciio
421 3752 466 3804 est
501 3744 667 3804 metuentis
711 3741 800 3802 Liber
836 3742 963 3822 Remigii
998 3741 1126 3822 explicit.
1170 3744 1230 3806 Deo
1259 3748 1370 3823 gratius
1400 3749 1509 3806 urnen’.

218 3855 308 3922 atque
335 3845 367 3907 in
395 3849 499 3908 codice
521 3848 664 3906 Parisino
689 3853 744 3904 712
770 3848 864 3918 (saec.
887 3844 989 3922 XIII)
1008 3844 1037 3918 s.
1063 3853 1115 3905 ti:
1147 3845 1264 3925 ‘Incipit
1287 3848 1430 3926 expositio
1453 3847 1508 3907 Re·

218 3949 300 4026 migii
317 3951 347 4008 iu
364 3951 460 4026 prima
477 3948 607 4008 editione
623 3947 728 4008 Donati
744 3947 897 4025 gramatici
912 3947 996 4008 urbis
1012 3947 1114 4010 Rome.
1145 3949 1203 4010 Iste
1220 3948 1321 4010 titulus
1341 3950 1400 4022 (cs.
1417 3949 1513 4011 Keilii

285 4235 312 4299 ¹¹)
332 4236 418 4287 Obiter
435 4253 530 4298 moneo,
551 4253 603 4286 eum
621 4239 709 4298 locuni,
727 4251 776 4301 quo
794 4237 826 4285 de
843 4237 939 4286 ‘idern’
957 4239 1104 4301 pronomine
1122 4239 1206 4302 agitur
1222 4255 1248 4302 p.
1268 4241 1331 4295 205,
1350 4243 1456 4299 8-15,
1475 4256 1510 4288 ex

142 4335 145 4340 ·
217 4306 319 4356 Iuliano
336 4320 453 4355 manasse
471 4307 560 4364 uideri,
573 4306 719 4365 concilicet,
739 4306 821 4369 qualis
838 4306 930 4368 legitur
948 4307 973 4354 in
991 4306 1078 4355 codice
1090 4305 1220 4355 Beruensi
1232 4309 1290 4369 207,
1307 4306 1329 4367 f.
1344 4305 1408 4355 28¹³:
1429 4307 1507 4354 ‘idem

217 4375 357 4422 masculino
377 4389 469 4438 gessere
486 4374 649 4439 productum.
681 4371 707 4424 Δ
726 4371 878 4429 Quomodo?
913 4370 949 4437 )-(
969 4372 1074 4431 Quando
1093 4373 1226 4423 masculini
1245 4375 1345 4438 generis
1371 4375 1459 4429 inerit,
1484 4388 1510 4423 ut

237 4453 277 4491 iius
297 4442 380 4491 ‘idem
399 4443 456 4490 uir'
476 4443 523 4491 erit
545 4441 671 4506 ilongum
684 4442 740 4490 dem
755 4441 830 4489 breue
848 4453 873 4489 et
890 4442 937 4490 erit
955 4457 1000 4505 pes
1019 4442 1145 4491 trocheus.
1181 4440 1207 4493 Δ
1225 4441 1262 4490 Du
1282 4443 1336 4491 eius
1355 4442 1508 4506 exemplum.

216 4459 252 4574 ξ(
271 4510 337 4559 Viuo
362 4510 477 4560 nocendo
501 4511 603 4573 quidem
626 4511 672 4560 sed
694 4524 735 4558 me
756 4518 841 4558 manet
863 4510 946 4559 exitus
971 4510 1051 4560 idem.
1086 4510 1154 4559 Idem
1182 4520 1270 4558 neutro
1294 4521 1447 4573 correptum.
1482 4509 1507 4560 Δ

217 4577 369 4636 Quomodo?
405 4576 440 4641 )-(
459 4577 565 4635 Quando
585 4579 664 4627 neutri
684 4577 784 4642 generis
804 4576 891 4636 inerit,
912 4589 1018 4643 utputa
1037 4577 1115 4628 ‘idem
1134 4577 1249 4634 animai,
1268 4579 1314 4625 erit
1332 4579 1340 4625 i
1358 4578 1434 4625 breue
1452 4577 1508 4625 deni

216 4646 293 4694 breue
311 4647 400 4695 eterit
419 4661 463 4710 pes
482 4646 626 4712 pirriciiins.
657 4646 682 4697 A
701 4646 737 4694 Du
756 4645 809 4693 eius
829 4646 982 4709 exemplum.
1012 4644 1048 4710 )-(
1067 4645 1171 4695 Mortale
1183 4660 1277 4710 corpus
1292 4646 1357 4694 idom
1377 4644 1509 4694 inmortale

216 4716 346 4777 resurgit.⁷
382 4714 510 4778 Exemplo
527 4717 630 4781 poetico
648 4717 737 4764 desunt
760 4716 830 4777 opud
847 4714 971 4764 lulianum
994 4715 1118 4777 uolpcttion
1135 4730 1161 4777 p.
1183 4717 1221 4762 ib.
1241 4717 1273 4763 Sd
1291 4715 1332 4763 cd.
1353 4713 1430 4775 biom„
1450 4715 1506 4766 cod.

219 4781 296 4831 Banu.
317 4785 369 4832 tto
385 4781 407 4845 s.
428 4780 504 4837 tlob,
