3420 5378
553 292 593 346 m
610 295 697 348 oon.
715 294 840 348 samu
858 294 1039 350 uuroucu.
1385 290 1458 358 237-

156 491 304 554 neutra,
329 492 366 544 ut
387 482 552 563 pelagus.
598 480 748 561 ‘Pelagus’
771 483 882 543 dicitur
904 481 1083 562 protundum
1100 499 1184 544 mare
1198 480 1246 542 uel
1262 480 1448 562 profunditas

155 603 249 665 aquae
274 583 285 668 ll
305 581 366 647 159
382 581 405 665 ll.
452 583 587 661 ‘Vulgus'
611 583 719 645 dicitur
740 585 911 665 promiscua
933 582 1089 644 multitudo
1113 584 1281 653 hominurn,
1304 582 1361 644 boc
1383 583 1448 644 uul-

155 703 225 765 gus,
259 685 311 746 sed
340 683 526 763 Virgilius
556 685 721 746 masculino
751 703 861 763 genere
892 683 1023 765 protulit.
1074 685 1167 746 Sunt
1197 683 1252 746 alia
1286 682 1550 747 atteriususso

154 788 307 865 generis
329 789 360 847 io
382 785 585 863 singularitate
613 796 643 846 et
665 785 789 847 alterius
813 789 843 847 in
866 785 1050 867 pluralitate,
1080 794 1112 846 ut
1139 785 1196 846 boc
1225 783 1396 847 balneum
1419 796 1511 849 etsas,
1525 802 1548 840 ar

127 888 212 950 suae
234 887 370 959 balneae,
401 896 431 948 et
453 888 560 948 dicitur
582 886 719 947 balneum
742 879 808 947 ἀπὸ
828 884 891 948 τοῦ
911 883 1052 966 βάλλειν
1072 881 1156 946 νόον
1178 887 1197 946 i·
1221 904 1237 946 a
1260 889 1448 949 recreatione

153 992 273 1051 mentis.
317 989 373 1049 ilic
395 988 592 1059 Tartarus,
616 989 645 1049 hi
667 987 784 1049 Tartari
806 996 837 1049 ct
859 988 932 1050 haec
954 987 1093 1057 Tartara,
1122 997 1152 1049 et
1174 986 1285 1048 dieitur
1306 988 1449 1050 Tartarus

153 1084 222 1151 ἀπὸ
249 1089 310 1151 τοῦ
337 1088 546 1170 ταρταρίζειν
568 1092 587 1149 i·
612 1108 627 1150 a
651 1101 782 1151 tremore
811 1088 859 1150 uel
882 1090 1065 1152 confusione.
1108 1089 1172 1150 llrc
1199 1089 1342 1150 caelum
1366 1098 1396 1150 et
1417 1089 1448 1150 hi

153 1191 244 1263 coeli,
267 1199 298 1251 et
320 1191 429 1252 dicitur
451 1210 467 1252 a
490 1191 631 1252 caelando
654 1192 673 1250 i·
690 1189 852 1271 pingendo.
898 1190 1043 1253 ‘caelare’
1060 1190 1138 1250 eninr
1162 1189 1290 1252 dicimus
1312 1193 1445 1270 pingere,

152 1293 223 1354 inde
246 1302 276 1354 et
297 1293 411 1354 caelum
435 1294 561 1383 dicimus
582 1311 637 1371 per
659 1310 694 1352 ae
716 1291 934 1372 diphthongon,
958 1310 993 1352 eo
1009 1291 1087 1370 quod
1110 1290 1204 1352 stellis
1225 1292 1264 1352 sit
1285 1291 1445 1371 depictum,

114 1407 140 1446 ¹⁰
153 1402 185 1456 ct
199 1393 341 1456 ‘caelum’
359 1403 484 1455 uocatur
498 1396 612 1455 ferrum
628 1393 715 1464 illud,
739 1411 774 1453 ex
798 1412 856 1474 quo
879 1393 1008 1454 artifices
1023 1391 1168 1472 sculpunt.
1201 1392 1264 1453 Hoc
1286 1411 1445 1472 porrum.

152 1495 280 1557 Porrum
303 1495 410 1557 dicitur
434 1495 595 1574 uirgultum
617 1496 636 1554 i·
661 1494 770 1566 herba,
801 1496 830 1556 bi
854 1496 953 1576 porri,
981 1503 1011 1554 et
1033 1495 1141 1555 dicitur
1170 1513 1293 1573 porrum
1317 1514 1333 1554 a
1356 1512 1446 1575 porro

151 1598 172 1658 i·
197 1615 214 1658 a
242 1596 426 1675 longitudine
453 1615 516 1657 sua.
568 1596 631 1657 lloc
659 1615 770 1676 caepe
799 1605 828 1657 et
855 1597 911 1657 hae
939 1614 1048 1676 caepae
1077 1596 1182 1657 harum
1210 1614 1387 1675 caeparum,
1417 1605 1447 1658 et

152 1697 298 1760 dicituro
322 1698 437 1760 Graeco
466 1691 614 1777 κεφαλή,
643 1697 780 1777 eoquod
810 1705 923 1760 tautum
953 1706 1043 1778 caput
1069 1697 1148 1760 illius
1177 1698 1270 1768 ualet,
1298 1698 1445 1776 reliquum

152 1817 226 1861 uero
248 1818 357 1879 corpus
377 1799 483 1861 inutile
504 1807 550 1860 est
570 1809 600 1861 et
615 1799 750 1860 llacccns.
795 1798 850 1859 llic
872 1801 991 1867 iocus,
1015 1799 1045 1859 hi
1066 1800 1123 1860 ioci
1146 1807 1175 1858 et
1197 1798 1271 1860 haec
1292 1802 1372 1871 ioca;
1396 1801 1446 1862 hic

111 1916 138 1957 15
152 1899 276 1972 locus,
300 1901 330 1961 hi
353 1899 410 1961 loci
434 1909 464 1960 et
485 1899 559 1961 baec
580 1900 660 1969 loca;
690 1900 747 1960 hoc
769 1899 903 1971 iorum,
932 1899 963 1960 hi
990 1901 1057 1962 lori.
1103 1900 1212 1961 Forum
1234 1899 1341 1961 dicitnr
1363 1901 1446 1962 locus

150 2000 301 2081 publicus,
331 2003 389 2062 iori
412 2019 485 2062 uero
508 2000 609 2062 sedilia
633 2011 702 2062 sunt
725 2003 820 2062 nauis.
866 2003 957 2063 Sunt
983 2000 1038 2062 alia
1067 2002 1209 2061 incerti
1231 2003 1252 2060 i·
1277 2002 1359 2064 dubii
1382 2017 1546 2081 ge-eu,a1

150 2105 269 2174 neris,
303 2105 371 2183 quia
400 2103 563 2164 masculino
590 2121 703 2181 genere
731 2110 760 2164 et
788 2104 929 2164 lentinino
959 2102 996 2163 ab
1024 2101 1196 2163 auctoribus
1222 2102 1336 2182 prolata
1365 2112 1443 2174 scrut,

150 2205 203 2265 sed
227 2208 386 2267 auctoritas
410 2204 560 2284 Virgilii
581 2204 815 2283 praeponderat,
844 2223 932 2284 quarn
956 2222 1012 2265 nos
1032 2205 1195 2281 sequimur.
1239 2205 1282 2265 vt
1304 2218 1443 2266 cortex.

150 2306 259 2368 Cortex
282 2307 390 2369 dicitur
406 2304 527 2369 'corium
550 2305 678 2380 arboris,
709 2305 786 2366 dicta
809 2306 887 2387 quod
909 2325 963 2366 cor
985 2304 1101 2367 arboria
1122 2311 1211 2383 tegat.
1258 2305 1341 2367 lianc
1363 2307 1444 2367 Vir-

110 2421 138 2463 ao
151 2406 266 2484 gilius
287 2410 431 2469 feminino
452 2425 563 2487 genere
584 2411 698 2487 posuit:

353 2510 454 2571 'lunc
476 2508 796 2571 Phaethontiadas
819 2528 943 2571 musco
966 2508 1175 2570 circumdat
1196 2527 1344 2570 amarae

354 2612 527 2672 Corticis.

150 2713 254 2774 Silet
276 2711 369 2773 durus
391 2712 480 2791 lapis,
504 2730 539 2772 cx
563 2731 623 2791 quo
645 2714 723 2791 ignis
745 2714 901 2774 excutitur.
947 2711 1043 2772 ldem
1066 2719 1191 2790 pocta:

353 2813 458 2893 Spem
481 2815 606 2892 gregis
629 2813 671 2873 ah
695 2813 804 2874 silice
826 2815 862 2873 in
885 2812 989 2873 nuda.

108 2916 271 2986 sutura,
299 2918 337 2977 in
364 2914 504 2995 psalmo
532 2914 697 2976 masculino
719 2932 830 2993 genere
852 2914 1012 2991 protertur,
1037 2922 1083 2974 ut:
1122 2913 1250 2974 Notum
1274 2914 1331 2976 lac
1353 2914 1445 2975 mibi

149 3018 297 3101 domine
319 3019 435 3078 linem
459 3035 584 3077 meum.
630 3017 744 3078 Poeta
766 3017 924 3085 feminino,
948 3025 993 3075 ut:

351 3118 448 3179 ilaec
469 3119 561 3180 linis
582 3118 721 3179 Priami
743 3119 915 3179 latorum.

150 3289 376 3296 -—--.——.——

216 3401 387 3472 3Virgilius]
407 3405 441 3467 cs.
462 3405 527 3455 Aen.
548 3405 630 3455 1198
698 3408 811 3471 bapotu
830 3404 879 3453 buli
899 3420 980 3465 noco,
1000 3408 1025 3454 ἰν
1043 3419 1138 3469 morpz
1176 3404 1240 3453 Nam
1258 3403 1402 3454 dolentibus
1420 3407 1442 3453 si

148 3473 267 3525 balneum
285 3484 462 3538 praeparetur,
482 3484 577 3522 recreat
595 3483 713 3524 mentem.
817 3475 831 3522 7
851 3487 901 3537 apo
922 3483 947 3521 tu
966 3474 1094 3521 tartarizin
1165 3472 1204 3522 uel
1223 3467 1386 3537 coulusioue]
1410 3472 1443 3521 Iu

146 3557 240 3606 norm:
267 3540 347 3591 Omue
369 3541 436 3590 enim
460 3541 615 3606 profundum
637 3540 720 3605 irigus
743 3540 832 3598 lrabet,
856 3555 888 3588 ex
905 3540 999 3604 frigore
1021 3551 1105 3589 autern
1124 3552 1219 3591 tremor
1237 3540 1357 3593 nescitur.
1427 3541 1443 3589 9

147 3608 291 3675 diptoogou
396 3611 427 3659 10
445 3606 536 3672 celum]
554 3609 589 3659 In
605 3624 697 3672 thorp:
726 3607 846 3657 Nonnulli
865 3607 960 3656 caelum
979 3608 1073 3657 dictum
1092 3607 1270 3673 putantquod
1287 3607 1350 3656 celet
1369 3606 1443 3656 uobis

148 3679 297 3743 superiora,
316 3676 384 3739 quod
404 3677 426 3724 si
444 3686 514 3726 esset
536 3714 609 3727 .....
633 3676 755 3739 (uectem),
774 3692 818 3726 eae
836 3674 898 3724 illud
916 3689 966 3723 non
985 3676 1129 3725 admitteret
1147 3675 1335 3741 diphthongon.
1410 3676 1442 3724 12

146 3759 210 3811 cepe
227 3753 275 3794 etc.
346 3745 378 3794 ts
396 3759 472 3808 greco
490 3743 595 3809 cephale
665 3746 696 3793 tt
714 3753 739 3792 ct
756 3745 865 3793 llaecens
883 3758 963 3808 supro
981 3744 1024 3795 liu.
1085 3746 1116 3794 ts
1129 3744 1253 3808 Virgilius
1280 3742 1338 3793 Ecl.
1355 3742 1396 3792 VI
1409 3744 1442 3791 02

146 3813 179 3863 st
198 3811 394 3878 phoetootiades
449 3814 483 3862 23
501 3813 562 3861 silix
614 3812 680 3861 idem
694 3808 781 3876 poeta]
800 3810 1022 3875 Verg.llct.115
1075 3813 1109 3862 ab
1120 3812 1145 3861 in
1159 3812 1258 3878 psalmo
1288 3807 1443 3859 xxxlxs

145 3881 180 3930 26
197 3875 284 3945 poeto]
307 3879 385 3944 Verp.
404 3879 470 3930 Aen.
488 3879 522 3929 11
540 3883 592 3930 551
1064 3893 1067 3924 ς

214 4153 230 4200 δ
249 4149 340 4200 Gtoaao
357 4151 453 4201 codicis
472 4150 613 4200 Beruenses
631 4152 683 4201 386
700 4166 769 4201 saec.
788 4149 851 4200 XII
866 4152 887 4215 s.
902 4150 939 4201 dl
956 4168 1035 4216 morp.
1047 4153 1110 4202 eim:
1130 4150 1252 4202 Balneum
1269 4153 1295 4202 io
1313 4151 1440 4218 singulari

146 4232 252 4266 numero
271 4217 354 4267 neutri
372 4219 473 4282 generis
493 4229 542 4279 est,
561 4220 586 4266 iu
605 4217 696 4283 plurali
713 4218 843 4283 feminini,
863 4229 890 4267 ut
903 4218 950 4268 hae
968 4219 1080 4283 balneae,
1099 4220 1166 4270 unde
1185 4220 1311 4285 quidam
1331 4231 1439 4286 pocta:

145 4285 191 4335 ‘ad
208 4285 312 4334 balneas
330 4284 479 4337 Palatinaa’.
508 4284 627 4334 Balneum
647 4286 779 4335 dicitur·
790 4287 947 4336 recreatione
964 4289 1066 4337 mentis.
1137 4290 1168 4337 16
1187 4287 1253 4338 Sunt
1270 4288 1320 4337 alia
1338 4286 1439 4353 incerti]

146 4353 237 4404 Gtoero
260 4355 356 4404 codicia
377 4352 518 4403 Beroenu'e
541 4354 629 4415 38612
650 4352 686 4403 3b
704 4370 783 4419 morp.
806 4369 877 4419 cup:
914 4353 965 4403 Sed
989 4356 1120 4405 sciendum
1143 4365 1183 4404 est
1204 4356 1272 4418 quod
1293 4355 1337 4405 llll
1355 4354 1440 4405 modis

144 4420 329 4471 disnoscuutur
351 4435 460 4486 genera,
488 4431 577 4470 natura
600 4420 713 4470 articulis
735 4423 885 4471 auctoritate
902 4431 928 4470 et
944 4422 1073 4472 clausulis.
1110 4422 1220 4483 Natura,
1247 4425 1314 4474 sicut
1335 4423 1441 4487 propria
1507 4416 1512 4433 ⁸

145 4489 264 4548 uomina:
289 4489 416 4554 articulis,
439 4491 512 4549 quin,
536 4502 593 4537 cnm
616 4489 724 4538 dicimus
743 4489 797 4547 hic,
820 4490 989 4539 masculinum
1011 4490 1153 4554 significat,
1176 4490 1251 4551 haec,
1276 4490 1440 4547 femininum

144 4557 304 4619 auctoritate,
323 4557 383 4618 quin
401 4567 462 4605 sunt
478 4556 605 4618 quaedam
624 4557 726 4605 nomino
745 4558 856 4606 incertae
872 4557 1084 4622 significationis,
1102 4559 1151 4607 uisi
1170 4558 1202 4606 ad
1220 4568 1336 4608 auctores
1356 4573 1441 4607 recur-

144 4639 241 4686 remus,
262 4635 289 4673 ut
305 4624 371 4674 silex
389 4633 485 4683 cortex,
503 4638 569 4686 quae
586 4622 725 4686 aliquando
742 4634 802 4673 suut
819 4625 969 4685 masculina,
988 4625 1126 4688 aliquando
1144 4624 1280 4689 leminina3
1307 4625 1438 4684 clausulis,

144 4693 206 4756 quia
222 4694 389 4742 decreuerunt
406 4690 521 4743 auctores
540 4692 677 4757 (actores),
700 4702 728 4741 ut
745 4707 775 4741 ea
792 4693 908 4753 uomina,
928 4708 994 4756 quae
1011 4694 1037 4743 io
1056 4709 1085 4743 us
1104 4703 1210 4754 exeunt,
1233 4693 1376 4743 masculino
1395 4708 1439 4759 ga-

144 4775 221 4822 nara,
239 4760 282 4810 illa
300 4775 370 4824 uero,
390 4777 455 4823 quae
474 4762 498 4808 in
518 4776 533 4809 a
551 4770 652 4820 exeunt,
672 4759 793 4810 feminino
812 4762 1015 4827 pronuntientur,
