3420 5378
204 230 267 295 248
608 230 843 282 eouunurvu
862 226 1108 282 nrueruonusu

101 438 190 486 soo,n
288 420 432 482 Genera
456 417 757 498 pronominibus,
781 419 833 479 ite
857 425 896 479 ut
917 416 1149 486 nominibus,
1179 416 1360 479 occidnut
1382 435 1499 498 poeno

205 523 326 583 omnia
353 523 372 580 i.
398 522 496 581 omniu
525 538 649 598 genere,
681 538 757 599 queo
784 521 814 580 in
843 521 964 580 nomine
992 526 1078 588 sunt,
1107 527 1177 580 sunt
1206 526 1236 580 ct
1262 522 1293 581 in
1323 521 1500 600 pronomine

206 632 329 702 excepto
363 621 509 703 epiirocuo
542 638 668 699 genere,
700 622 779 698 quod
807 623 836 681 in
867 623 1045 700 pronomine
1074 637 1133 681 nou
1168 628 1229 690 est,
1262 623 1349 700 quie,
1385 620 1501 701 quaudo

205 726 388 785 constructio
410 724 443 784 su
465 743 500 783 ex
524 725 581 783 dno
603 723 724 783 nornine
747 731 777 783 ct
799 722 945 784 ediectiuo
968 731 997 783 et
1017 723 1204 801 pronomine,
1228 729 1298 784 ente
1319 739 1411 800 quern
1433 740 1501 802 per·

205 829 342 888 uenistur
365 826 399 887 ed
424 842 603 905 prouorncu,
629 826 686 884 iem
710 826 899 902 cognoscitur
920 842 975 903 por
998 823 1193 895 adiectinum,
1216 825 1302 885 cuius
1322 824 1447 902 generis
1466 824 1524 884 sito

206 930 306 988 bruni.
338 927 427 987 Verbi
443 928 550 1004 gretie:
575 923 686 1002 ‘equile
703 943 821 1004 tongum
847 944 880 985 ee
903 932 962 994 est,
987 941 1063 1002 quse
1086 925 1165 986 uolet
1180 927 1211 985 iu
1226 933 1330 1003 partes
1346 927 1502 987 orientis’:

205 1027 327 1108 ‘aquito’
350 1029 440 1089 tirum
464 1034 523 1096 est,
546 1032 676 1104 ‘magon’
693 1026 887 1094 adiectiuurn;
911 1034 979 1086 ento
995 1044 1082 1105 quarn
1106 1025 1221 1088 dicetur
1242 1027 1302 1088 ‘ee’
1326 1043 1502 1103 pronomen,

206 1131 396 1208 cognoscitur
424 1146 478 1206 per
501 1127 694 1203 adiectiuuur,
720 1128 796 1207 qood
821 1137 867 1188 est
890 1127 1040 1204 ‘magne’,
1074 1130 1159 1188 cuius
1186 1129 1305 1205 generis
1333 1129 1374 1189 sit
1401 1129 1500 1202 dxom,

208 1230 285 1307 quod
309 1237 354 1292 cst
376 1229 514 1309 ‘squila';
538 1229 605 1290 ideo
628 1231 657 1290 in
681 1232 858 1309 pronomine
882 1228 1048 1308 epiboenon
1072 1247 1132 1289 uon
1155 1235 1209 1288 est.
1246 1228 1502 1298 Masculinuru,

207 1338 253 1391 est
274 1331 331 1401 ibi,
361 1333 436 1391 sicut
459 1339 489 1390 ct
511 1333 540 1391 iu
564 1334 695 1392 nourine.
741 1332 781 1390 Vt
809 1331 905 1407 quis,
935 1339 965 1390 et
992 1329 1186 1390 substantium
1215 1331 1354 1408 requirit.
1378 1327 1391 1411 Ι]
1415 1326 1474 1392 102
1489 1327 1533 1411 110

209 1433 455 1501 Femiuinurn,
479 1441 631 1511 utquae
656 1432 887 1513 nimiique...

54 1542 105 1590 000,
120 1544 151 1581 ¹³·
170 1541 194 1580 1⁵
292 1534 453 1610 Vterque
476 1532 512 1593 de
536 1528 653 1595 duobus
677 1533 800 1594 dieitur:
824 1532 885 1594 ‘ubi
910 1532 968 1594 duo
990 1533 1115 1608 fuerint,
1139 1539 1264 1613 uterque
1279 1531 1384 1612 legat’.
1416 1534 1504 1595 Sunt

208 1635 426 1714 pronomine
451 1642 527 1695 tote
550 1635 775 1713 singularia,
800 1653 835 1695 ex
858 1642 942 1724 perte
964 1637 1145 1714 possessoris
1167 1645 1197 1696 et
1219 1653 1253 1695 ex
1277 1643 1366 1714 perte
1387 1653 1502 1716 posses·

208 1739 308 1798 sionis.
339 1736 427 1802 Nam,
453 1744 589 1816 utsupra
605 1736 715 1798 dicium
738 1742 796 1805 est,
820 1737 850 1795 in
874 1738 1049 1815 pronomine
1071 1738 1238 1817 possession
1260 1737 1338 1798 duee
1361 1755 1503 1817 personne

208 1846 293 1900 sunt:
323 1845 452 1917 persona
479 1841 663 1916 possessoris
690 1839 868 1898 intrinsecus
891 1845 919 1898 et
943 1856 1071 1917 persone
1093 1839 1287 1916 possessionis
1309 1840 1532 1910 extrinseem‚¹⁵

208 1949 241 2000 ut
263 1945 359 2000 ‘meus
383 1941 517 2000 seruus’:
544 1957 597 2018 ego
621 1939 703 2001 seius
726 1945 755 1999 et
777 1937 827 1998 itte
849 1937 945 2006 selus;
969 1939 1039 2000 inde
1055 1942 1165 2000 ‘meus’
1181 1941 1271 2000 trium
1294 1955 1442 2017 generum
1463 1949 1506 2003 est

208 2043 399 2110 intrinsecus,
425 2042 502 2101 sicut
516 2043 701 2120 primitiuum
718 2044 800 2108 eius:
824 2041 1012 2101 extrinsecus
1028 2058 1101 2102 nero
1116 2039 1241 2110 mobile,
1264 2043 1344 2102 sicut
1359 2048 1391 2103 et
1404 2043 1506 2105 ‘seed

106 2153 156 2203 000,
171 2153 196 2193 10
210 2143 284 2203 Sunt
306 2141 362 2202 elie
385 2149 463 2203 tote
486 2141 663 2220 pluralia,
685 2144 880 2211 intrinsecus,
905 2149 937 2201 ut
959 2142 1065 2203 ‘uestri
1085 2137 1182 2222 'equi'z
1211 2161 1266 2203 nos
1289 2142 1393 2223 plures
1416 2151 1448 2204 et
1465 2141 1505 2206 illi

208 2243 319 2324 piures.
364 2244 426 2305 ntia
451 2262 491 2304 cx
513 2253 618 2323 perte
642 2244 865 2321 singularia,
889 2243 907 2303 i.
933 2262 968 2303 er
992 2251 1074 2323 parte
1090 2245 1280 2324 possessoris,
1304 2252 1339 2305 ut
1353 2246 1425 2305 ‘mei
1440 2244 1504 2306 iibri

106 2358 156 2405 000,
171 2359 195 2399 lt
209 2353 279 2408 sunt
294 2345 370 2405 isti':
395 2345 546 2423 egosolus
563 2345 690 2406 etmulti
707 2345 776 2406 iibri
795 2352 873 2405 suni.
919 2346 966 2406 Ex
989 2355 1095 2425 perte
1119 2345 1297 2425 pluralia,
1322 2351 1363 2406 ut
1384 2355 1534 2408 nestero

210 2453 351 2508 uester:
375 2449 489 2507 ‘noster
509 2449 616 2508 liber’:
652 2466 707 2508 nos
740 2464 844 2508 suiuus
877 2446 979 2507 decern
1014 2455 1043 2508 et
1077 2446 1220 2508 hebemus
1252 2464 1345 2508 unum
1380 2445 1502 2516 librum:

210 2550 321 2610 ‘uester
342 2549 440 2609 liber’:
464 2566 518 2608 uos
541 2551 610 2610 estis
633 2547 684 2608 Xli
708 2555 738 2609 et
759 2547 875 2608 bebetis
897 2566 990 2609 unuin
1012 2547 1131 2612 librum.

108 2662 197 2709 ³⁸⁰‚18
296 2636 431 2728 Figura
455 2651 563 2711 etiem
585 2651 621 2710 in
644 2649 933 2730 pronominibus
956 2648 1091 2728 duplex
1116 2658 1186 2718 est,
1210 2651 1334 2711 sieutet
1357 2652 1389 2713 iu
1413 2654 1505 2713 norni-

108 2763 159 2812 000,
173 2763 197 2802 ²1
213 2750 312 2812 nibus.
356 2751 551 2828 Quisquis,
576 2752 770 2831 compositum
795 2758 839 2812 est
861 2769 896 2811 ex
920 2751 1036 2812 duobus
1058 2752 1266 2822 nomioeiiuis,
1289 2751 1360 2813 ideo
1377 2771 1414 2821 ex
1430 2760 1506 2816 uire-

211 2871 269 2933 que
291 2861 376 2933 peric
400 2851 579 2920 declinatum
603 2857 735 2914 ‘senatus
757 2851 925 2913 consultum
948 2862 1068 2913 senatus
1084 2850 1222 2914 consuiti’
1245 2872 1281 2913 ex
1303 2863 1392 2934 parte
1415 2854 1536 2918 nomi-o

109 2966 159 3015 000,
173 2968 197 3007 ee
212 2956 305 3015 natiui
328 2953 504 3016 declinatur.
548 2954 661 3025 idern,
686 2957 883 3034 compositum
900 2963 945 3014 est
960 2973 996 3013 ex
1011 2952 1128 3015 duobus
1151 2956 1302 3032 corruptis
1325 2963 1367 3025 et.
1391 2955 1506 3036 qnando

213 3055 407 3116 masculinum
431 3064 489 3125 est,
513 3057 702 3135 producitur,
727 3064 773 3115 ut:

340 3158 430 3216 Viuo
454 3157 620 3218 nocendo
643 3157 802 3236 quideur,
828 3156 890 3217 sed
915 3173 967 3216 me
990 3164 1112 3219 nrerret
1135 3158 1258 3219 exitus
1282 3157 1397 3228 ideru;

212 3259 244 3319 in
267 3265 373 3319 neutro
396 3260 566 3337 corripitur,
590 3266 637 3319 ut:

339 3361 447 3421 Esset
469 3378 532 3438 per
555 3368 659 3422 aetas
682 3370 717 3419 et
739 3360 833 3422 idern
856 3363 887 3421 si
910 3359 1025 3420 robur
1049 3362 1083 3420 in
1105 3362 1222 3421 anuis.
1516 3378 1536 3418 o

110 3475 199 3524 ³⁸0‚2⁵
298 3462 525 3524 Personae
562 3461 718 3523 finitis
756 3461 1105 3538 pronominibus
1142 3461 1369 3523 accidunt.
1429 3461 1507 3525 Rene

212 3562 285 3624 dixit
307 3565 441 3632 ‘finitis’,
465 3565 533 3641 quie
562 3563 706 3644 quaedem
734 3571 803 3624 sunt
831 3565 1005 3642 pronomine
1033 3564 1162 3632 iuliuite,
1192 3583 1269 3644 queo
1298 3563 1506 3644 impersonalis

111 3674 368 3728 commorantur.
419 3665 629 3732 Persona,
661 3663 782 3725 uerbeio
812 3683 920 3725 nomeu
949 3682 963 3724 e
994 3663 1087 3725 uerbo
1116 3670 1263 3745 ‘persono
1290 3669 1455 3743 perseues’
1482 3676 1509 3727 ct

282 3956 294 4002 l
315 3969 380 4018 peuc
398 3954 421 4002 ·i·
442 3954 528 4002 emnia
546 3968 637 4018 genero
707 3957 723 4004 3
742 3968 792 4002 ueu
812 3965 850 4003 est
866 3968 947 4017 sopra
965 3955 1055 4003 tineent
1126 3955 1154 4001 ll
1176 3968 1201 4001 ut
1219 3968 1285 4016 quae
1303 3965 1329 4004 et
1347 3954 1372 4004 ri
1391 3968 1496 4018 uterque

213 4023 343 4071 Lacunam
361 4023 486 4079 indicaui,
506 4029 565 4086 quta
583 4022 713 4086 expositio
731 4025 785 4071 eicis
803 4022 922 4071 lemmatis·
940 4022 1069 4070 intercidit
1151 4022 1183 4070 14
1200 4032 1229 4070 ut
1246 4036 1325 4086 supra
1344 4023 1441 4073 dietum
1460 4036 1496 4072 est

213 4091 270 4140 eod.
288 4105 314 4153 p.
335 4091 398 4145 170,·
415 4106 441 4153 p.
461 4090 520 4146 207,
539 4092 571 4139 10
645 4091 677 4139 16
695 4090 755 4138 iude
773 4105 813 4137 rue
831 4090 907 4139 trium
981 4091 1012 4137 21
1032 4102 1118 4138 nester
1136 4090 1197 4137 iiber
1215 4090 1307 4140 addidi
1377 4093 1410 4140 22
1429 4101 1508 4141 irester

215 4157 276 4206 iiber
294 4157 384 4206 addidi
451 4171 499 4205 uos
518 4155 565 4205 xii
642 4158 675 4207 28
692 4154 772 4221 Viuo]
795 4158 950 4221 Aenipmaiis
968 4172 1065 4216 uerrere,
1086 4157 1119 4219 cs.
1137 4173 1163 4221 p.
1182 4159 1242 4218 205,
1261 4159 1294 4205 10
1376 4162 1410 4209 30
1428 4156 1508 4221 Esset}

218 4225 297 4289 Verp.
317 4225 382 4276 Aen.
402 4224 445 4274 XI
463 4226 512 4273 174

283 4499 315 4548 33
336 4497 426 4548 Gioero
444 4498 500 4547 ced.
520 4496 600 4547 Bern.
620 4499 671 4547 380
688 4498 708 4560 f.
728 4500 759 4546 0Ι
777 4513 856 4562 murp.
877 4497 977 4546 demin:
1014 4497 1126 4546 Persona
1149 4496 1240 4546 dicitur
1263 4511 1308 4558 eo,
1333 4498 1402 4560 quod
1422 4513 1468 4564 per
1484 4512 1510 4547 se

216 4576 301 4628 souet,
326 4565 372 4615 sed
389 4582 421 4615 ne
438 4576 541 4631 putetur
559 4565 690 4632 (putentur
708 4565 775 4628 cod.)
801 4581 858 4615 esse
882 4565 986 4613 uerbum
1005 4565 1148 4630 imperetiui
1167 4565 1244 4625 modi,
1262 4566 1508 4617 circumductionis

215 4634 371 4698 paenultime
390 4635 446 4683 loco
464 4648 574 4700 persone
593 4644 617 4682 et
634 4634 727 4683 dicitur
744 4633 838 4683 tiruece
856 4647 978 4698 prosopa,
1000 4646 1061 4697 pros
1079 4632 1120 4691 ed,
1140 4647 1189 4698 ope
1206 4631 1294 4683 socies.
1317 4634 1381 4683 lude
1399 4648 1510 4700 prosopa

216 4701 308 4751 dieitur
330 4717 359 4751 eo
383 4702 452 4767 quod
474 4703 506 4751 ed
535 4700 625 4751 taciem
648 4702 798 4751 histrionum
822 4698 967 4765 (istionum)
992 4696 1140 4766 peirebntur.
1177 4701 1283 4764 Antiqui
1304 4702 1374 4751 enirn
1396 4702 1509 4754 indentes
