3420 5378
686 295 897 349 BERNENSIS.
1383 293 1444 358 139

152 481 242 543 trium
264 499 407 559 generum
431 491 488 542 cst:
512 482 723 543 diciturenim
746 483 795 543 ‘tn
818 484 883 542 uir’
906 490 954 545 ‘tn
977 482 1100 545 mulicr'
1124 491 1153 544 ct
1175 488 1219 545 ‘tn
1242 484 1444 562 mancipium’.

152 580 273 644 Nullum
302 589 399 644 autem
427 599 591 659 pronomen
620 584 785 663 epicoenon
814 583 891 646 idost
917 584 1117 665 promiscuum
1147 583 1196 645 uel
1225 585 1371 645 incertum
1400 585 1445 644 in-

153 685 283 745 uenitur.
328 682 450 745 Numeri
471 685 680 763 pronominum
704 692 776 763 quot
797 687 884 747 sonti
919 686 999 748 ldest
1020 685 1094 756 duo;
1118 686 1293 764 singularis,
1318 693 1348 746 ut
1372 688 1444 755 istc;

153 784 288 865 pluralis,
312 786 419 848 utisti.
443 785 515 847 lude
530 785 729 866 Pompeius
750 786 833 848 dicit:
858 787 894 848 ln
917 786 1206 866 pronominibus
1227 796 1313 849 sunt
1334 789 1444 848 etiam

124 888 301 949 snnmeri
327 885 410 962 dno,
439 889 662 967 singularis,
693 896 733 948 ut
761 889 834 957 hio;
866 886 1040 968 pluralis,
1069 897 1109 950 nt
1130 888 1175 950 hi.
1221 889 1313 951 Sunt
1335 890 1444 950 ctiam

152 990 297 1050 numeri
328 991 553 1057 communis;
592 989 775 1066 quomodo
811 989 972 1050 dicimus
1007 992 1043 1051 in
1081 990 1294 1051 nominibus
1330 990 1446 1052 nubes

153 1108 284 1152 manne
306 1089 399 1159 dics,
426 1092 480 1151 sic
509 1091 618 1151 etiam
642 1091 678 1151 in
701 1089 990 1170 pronominibus
1017 1092 1215 1153 inuenitur
1238 1092 1446 1152 communis

152 1206 327 1254 numerus
348 1192 448 1252 inter
470 1190 699 1270 singularem
723 1200 758 1252 et
779 1190 977 1271 pluralem,
1000 1195 1128 1272 utqui:
1152 1200 1188 1254 et
1209 1191 1252 1253 de
1274 1209 1344 1252 nno
1367 1210 1446 1272 pos·

153 1310 230 1353 snm
253 1292 383 1353 dicere
405 1293 488 1369 ‘qui
511 1293 587 1353 uir'
610 1296 711 1354 etde
733 1291 879 1354 dnobus
907 1300 941 1354 et
969 1292 1009 1353 de
1038 1292 1213 1373 pluribus
1242 1294 1321 1371 ‘qui
1344 1294 1445 1362 niri’;

114 1394 208 1455 rosio
230 1393 341 1455 ctiam
363 1394 473 1470 ‘quae
497 1393 649 1455 mulier'
673 1395 784 1473 ‘quac
805 1393 999 1456 mulieres’
1023 1393 1084 1455 nel
1106 1394 1211 1474 ‘qnae
1233 1396 1445 1475 mancipia'.

154 1492 269 1556 [licitur
299 1496 389 1555 ctiam
416 1494 512 1555 dualis
539 1511 681 1555 numerus
708 1497 738 1555 in
767 1498 959 1575 pronomine,
988 1505 1021 1555 ut
1041 1503 1107 1556 nter
1128 1502 1268 1573 uterque,
1298 1496 1350 1556 sed
1373 1496 1447 1557 baec

153 1598 209 1657 olii
229 1596 362 1665 nomina,
391 1594 447 1658 olii
468 1613 541 1657 uero
563 1598 738 1676 pronomina
758 1606 879 1678 propter
901 1595 1124 1659 similitudinem
1151 1596 1356 1659 declinationis
1378 1616 1446 1677 pro·

154 1696 295 1759 tulerunt

237 1797 363 1878 Figurae
385 1800 595 1878 pronominum
618 1810 691 1880 quot
712 1801 798 1863 sunt?
843 1801 905 1862 Hoc
928 1808 972 1862 est
994 1801 1078 1862 dnae.
1112 1801 1212 1872 Quae?
1244 1799 1391 1879 Simplex,
1415 1808 1448 1861 ut
1498 1812 1500 1819 ⁴

115 1917 141 1960 n
154 1917 210 1980 ego
230 1899 281 1962 illo
303 1903 366 1982 ipso
388 1899 438 1961 hio
460 1902 527 1981 quis
548 1909 620 1981 quot
641 1902 747 1982 qualis.
793 1902 949 1982 Conposita
971 1904 1147 1981 pronomina
1169 1910 1253 1970 sunt,
1278 1910 1310 1963 nt
1331 1911 1448 1980 egomet

152 2000 283 2081 illoipse.
307 2002 420 2072 hicine,
444 2004 591 2083 quisquis,
615 2003 785 2083 quodpiam,
808 2004 1029 2082 qualiscumque
1052 2013 1082 2065 et
1103 2011 1212 2065 cetera.
1250 2002 1448 2089 Pompeius

154 2101 193 2165 de
219 2104 314 2182 ligura
342 2107 552 2184 pronominum
575 2110 604 2165 et
626 2104 663 2164 dc
685 2104 889 2184 conpositione
916 2105 957 2165 ita
984 2107 1169 2185 pronuntiat:
1200 2105 1294 2166 ‘sicut
1321 2103 1448 2164 diximus

154 2206 186 2266 in
209 2204 394 2275 nominibus,
418 2207 556 2284 quoniam
580 2222 614 2264 ca
636 2207 772 2275 nomina,
796 2224 873 2285 qnae
893 2225 929 2267 en
944 2206 1060 2269 duobus
1082 2208 1273 2267 nominatiuis
1294 2205 1448 2284 conposita

154 2304 279 2375 luerint,
304 2324 339 2366 ex
361 2315 486 2387 utraque
508 2316 592 2386 parto
615 2304 809 2377 declinantur,
832 2316 866 2369 nt
887 2314 1006 2386 praetor
1027 2306 1159 2369 urbanus
1179 2308 1327 2387 praetoris
1341 2305 1449 2368 urbani

113 2415 185 2471 suet
211 2415 326 2478 cetera,
356 2408 399 2468 sic
427 2426 518 2487 eques
547 2408 697 2470 Romanus
724 2409 830 2488 equitis
858 2410 982 2471 Romani
1009 2417 1134 2487 utraque
1163 2417 1247 2489 parte
1275 2408 1447 2478 declinatur,

154 2509 293 2587 qnoniam
315 2516 440 2588 utraque
462 2516 547 2588 parte
570 2510 769 2571 nominatiuus
792 2519 852 2581 est3
882 2531 915 2572 ca
938 2530 1011 2572 nero
1033 2513 1166 2582 nomina,
1197 2528 1272 2588 quac
1295 2528 1331 2569 cx
1355 2511 1448 2570 nomi·

152 2611 256 2671 netluo
270 2618 300 2670 et
314 2610 448 2690 quolibet
470 2611 526 2671 alio
550 2629 620 2672 casn
643 2613 793 2690 conposita
817 2614 939 2683 luerint,
965 2631 999 2673 ea
1014 2620 1098 2692 parte
1113 2610 1301 2673 declinantur
1324 2618 1447 2677 tautum,

154 2728 211 2792 qua
239 2712 330 2772 luerit
356 2714 557 2775 nominatlnus
586 2730 685 2781 casus,
719 2721 751 2773 nt
782 2715 949 2794 praelectus
977 2716 1125 2791 sipiritum,
1157 2712 1296 2774 tribunus
1324 2711 1448 2772 militum

152 2812 217 2874 siue
241 2811 376 2875 tribunus
398 2810 510 2892 plebis,
539 2813 612 2875 lracc
641 2833 676 2875 cx
705 2816 800 2894 prima
829 2825 928 2895 parte,
961 2816 1017 2876 boc
1046 2822 1090 2876 est
1112 2833 1147 2875 ex
1171 2815 1367 2882 nominando,
1397 2813 1449 2890 qui

112 2922 201 2977 nest
224 2914 393 2992 praelectus
415 2922 445 2976 et
467 2913 617 2985 tribunus,
641 2915 836 2987 declinantur,
871 2919 1003 2996 equitum
1031 2923 1128 2978 autem
1154 2914 1202 2976 uel
1233 2913 1358 2975 militum
1385 2915 1449 2974 sinc

153 3014 252 3096 plebis
273 3016 304 3076 in
327 3017 533 3095 conpositione
561 3015 779 3078 indeclinabilia
808 3026 889 3084 ment:
921 3020 993 3079 item
1022 3027 1142 3078 senatus
1175 3013 1357 3077 consultum:
1393 3016 1449 3075 boc

154 3134 264 3179 nomen
292 3119 479 3198 conpositum
508 3120 798 3198 posterioremue,
822 3137 878 3196 qua
902 3120 1102 3180 nominatiuus
1126 3126 1184 3191 est,
1208 3115 1375 3178 consultum
1397 3115 1449 3176 dc·

154 3217 297 3288 elidatur,
332 3218 403 3280 lacit
430 3221 508 3280 euim
537 3218 784 3281 senatusconsulti
813 3219 1069 3282 senatusconsulto
1098 3226 1127 3279 ct
1155 3216 1279 3298 reliqua.
1324 3217 1450 3278 Senatus

154 3336 241 3399 ergo,
264 3320 332 3400 quia
355 3329 386 3381 et
406 3322 565 3398 genetiuns
587 3330 646 3390 est,
668 3323 711 3383 sic
733 3323 828 3383 currit
849 3339 904 3400 per
926 3339 1029 3382 omnes
1044 3338 1129 3381 casus
1144 3321 1207 3380 sine
1228 3318 1448 3381 declinatione’.

112 3421 236 3485 oollaoc
258 3423 428 3483 inuenimus
450 3433 480 3484 ct
502 3422 531 3484 in
555 3421 794 3503 pronominibus:
817 3431 887 3484 sunt
909 3424 987 3484 enim
1011 3423 1200 3502 pronomina,
1225 3438 1301 3498 qnae
1324 3428 1450 3500 utraque

222 3610 388 3674 deppcenon
474 3606 658 3674 4Pompeius]
675 3626 703 3672 p.
723 3612 781 3672 206,
801 3611 838 3660 33
906 3610 1087 3658 licommunes
1139 3603 1283 3673 quomodo]
1302 3605 1372 3669 qnod
1424 3606 1448 3655 in

155 3676 274 3727 omnibus
361 3679 504 3741 'lmagnus
572 3680 631 3728 det
648 3677 750 3726 duobus
821 3679 851 3727 10
869 3677 907 3726 uel
927 3677 971 3738 qni
989 3673 1121 3742 mancipii]
1143 3677 1259 3740 Pompeii
1274 3675 1355 3740 ipsius
1371 3674 1451 3724 uerbo

154 3747 182 3795 tn
197 3744 327 3795 codicibus
343 3747 420 3808 ponto
438 3747 514 3794 aliter
530 3760 558 3795 ee
576 3745 669 3795 babent
686 3761 766 3810 negare
784 3745 954 3804 dubitandam,
973 3746 1032 3811 quin
1050 3746 1071 3794 is
1090 3744 1205 3807 Pompeii
1221 3745 1318 3805 codex,
1338 3757 1386 3808 quo
1405 3758 1451 3792 ex·

154 3817 261 3877 cerptor
277 3827 337 3862 usna
353 3819 404 3873 cst.
423 3813 536 3863 bonitate
553 3815 666 3879 reliquos
683 3814 829 3876 antecedat,
847 3814 881 3875 cf.
893 3812 995 3877 praefi:
1013 3813 1063 3861 ‘lle
1076 3813 1192 3876 Pompeii
1206 3811 1365 3876 grammatici
1381 3812 1451 3860 codi-

154 3878 245 3930 ciduo’.
281 3880 361 3944 Apud
376 3881 522 3945 Pompeium
547 3881 625 3944 igitur
646 3881 710 3930 laec
727 3880 805 3930 dobes
819 3898 847 3945 p.
867 3883 930 3940 206,
951 3883 986 3931 34
1003 3895 1072 3946 rep:
1095 3889 1155 3928 sunt
1172 3879 1247 3928 etiam
1266 3878 1363 3927 numeri
1382 3892 1452 3926 com-

156 3947 251 3997 munis.
288 3946 409 4013 Legimus
432 3950 507 3998 ctiam
531 3948 557 3996 in
581 3948 741 4009 nominibns;
769 3948 899 4010 quomodo
921 3949 1030 3999 dicimus
1049 3947 1129 3996 nubes
1147 3946 1216 4005 dies,
1243 3948 1282 3996 sic
1299 3947 1374 3996 etiem
1393 3953 1450 4002 etc,

152 4017 255 4081 pam,
269 4017 300 4066 3:
328 4029 436 4080 possum
455 4016 539 4065 dicere
556 4016 601 4079 qni
618 4027 643 4065 et
660 4016 692 4065 de
709 4015 810 4065 dnobus
829 4015 903 4066 etde
920 4015 1048 4081 pluribus,
1072 4017 1117 4077 qni
1135 4016 1175 4063 nir
1192 4015 1277 4076 etqui
1301 4014 1364 4075 uiri,
1386 4028 1453 4075 quac

154 4081 246 4132 mulier
262 4091 287 4131 et
304 4098 370 4144 qnae
388 4082 515 4134 mulieres.
585 4087 614 4134 li
633 4082 728 4148 dualis]
746 4083 850 4133 dealiis
922 4086 953 4135 16
971 4084 1069 4132 lrlcme
1121 4079 1271 4147 Pompeius]
1289 4099 1318 4146 p.
1331 4084 1391 4142 207,
1406 4083 1451 4130 17:

154 4164 214 4200 nam
232 4149 345 4200 diximus
364 4151 390 4199 in
410 4152 566 4207 nominibus,
585 4153 705 4214 qrroninm
724 4168 753 4201 ea
771 4153 883 4209 nomina,
903 4167 969 4213 quae
987 4167 1018 4200 ex
1036 4151 1137 4199 dnobus
1156 4150 1300 4199 nominibus
1318 4149 1453 4214 conposita

154 4227 230 4276 sunt,
257 4231 288 4266 ea
313 4229 386 4283 parte
407 4218 579 4278 declinantur,
606 4234 656 4282 quta
680 4230 718 4269 est
741 4220 927 4280 nominatinus;
951 4230 976 4268 et
997 4219 1124 4268 inarcnitur
1147 4232 1238 4266 nomen
1257 4217 1327 4279 quod
1345 4228 1453 4279 utraqnc

155 4296 228 4353 porto
245 4285 398 4338 declinatur:
417 4298 520 4352 praetor
538 4289 650 4336 urbanus
669 4298 774 4350 utraque
791 4297 864 4352 parte
880 4287 1031 4351 declinatur,
1051 4285 1172 4347 qnoniam
1191 4296 1298 4347 utraque
1316 4294 1389 4349 parte
1408 4298 1453 4333 uo-

155 4352 295 4403 minatinns
313 4364 360 4405 est.
449 4357 480 4405 19
498 4355 618 4404 eleclinari
704 4358 737 4405 20
755 4357 832 4417 equiti
922 4357 955 4404 22
975 4354 1133 4404 nominatiuo
1151 4352 1265 4415 quolibet
1331 4352 1450 4402 declinari

154 4423 189 4473 23
206 4436 296 4471 cossus
382 4423 416 4471 tt
433 4423 549 4472 tribunus
568 4423 674 4471 militum
694 4424 808 4471 tribumrs
828 4423 934 4471 militnm
1007 4421 1107 4473 ssime
1125 4431 1213 4470 estex
1232 4421 1390 4470 nominatiuo
1408 4420 1451 4481 qni

155 4501 196 4540 est
213 4488 354 4554 preelectus
373 4490 486 4552 equitum
504 4491 621 4541 tribunus
639 4490 744 4539 militum
764 4492 819 4539 sine
836 4490 953 4539 tribuous
976 4491 1057 4555 plebis
1079 4488 1141 4538 baec
1164 4504 1195 4538 ex
1214 4491 1296 4554 prima
1315 4498 1387 4554 parte
1404 4487 1453 4536 hoc

155 4569 245 4606 estex
263 4558 421 4607 nominatino
507 4560 540 4609 26
558 4569 620 4608 snm
637 4575 683 4609 om.
770 4560 802 4608 27
821 4569 892 4623 parte
910 4560 1001 4608 addidi
1068 4557 1227 4607 declinantur
1295 4558 1329 4607 28
1346 4565 1452 4606 sonamus

155 4624 311 4688 consultum,
328 4640 398 4676 corr.
416 4625 537 4676 consulti
590 4625 829 4675 senatusconsulto
882 4637 988 4675 sanatus
1007 4640 1069 4691 ergo
1147 4627 1180 4675 29
1198 4625 1253 4674 sine
1270 4618 1450 4688 declinatione]

155 4692 191 4809 cs).
210 4693 242 4742 de
259 4699 313 4743 toto
329 4694 378 4744 doc
394 4695 451 4744 loco
468 4695 544 4744 etiam
563 4695 652 4759 Pomp.
667 4710 693 4759 p.
713 4697 770 4756 179,
790 4696 807 4743 3
825 4708 879 4758 seq.
949 4697 983 4746 30
1001 4694 1067 4747 Haec
1085 4688 1243 4760 inuenimus]
1262 4693 1297 4755 cs.
1320 4693 1406 4756 Pomp.
1423 4707 1452 4754 p.

157 4763 217 4824 27,
235 4763 269 4809 21
