3420 5378
521 329 669 382 conluta
686 329 892 382 suencuam
910 332 951 382 sa.
1324 329 1382 394 187

175 515 296 580 Nobiles
319 517 517 578 Romanorum
540 519 626 596 pueri
649 525 679 578 et
694 520 782 578 etiam
805 517 1019 579 adulescentuli
1043 525 1112 579 tunc
1134 520 1277 598 temporis
1300 528 1384 581 erarat

90 627 121 680 et
142 625 212 680 sunt
233 621 323 680 etiam
348 618 435 679 hodie
452 619 625 688 ‘comatuii’‚
646 627 727 681 retro
751 619 890 680 uidelicet
912 618 949 680 ab
973 619 1095 681 auribus
1117 621 1294 700 promissam
1318 620 1384 699 pius

90 722 189 782 minus
211 719 326 781 dimidii
348 737 487 782 mensura
510 720 593 800 pedis
616 720 759 783 habentes
782 739 912 790 comam:
937 721 1006 782 irinc
1028 720 1192 783 adulatorie
1214 721 1261 781 uei
1285 722 1384 801 potius

89 824 228 884 inrisorie
251 815 518 902 ὑποκοριστικῶς
539 822 712 892 ‘comatoria
736 824 819 902 quasi
841 823 993 901 comptuli.
1025 823 1098 884 Nam
1122 832 1152 883 et
1174 821 1384 884 Einhardus

62 926 127 986 ain
151 925 225 986 uita
248 923 351 985 Harii
375 924 620 1003 Imperatoris
643 924 769 985 eundem
793 923 914 996 Herium
937 924 1010 985 dixit
1032 923 1124 985 inisse
1148 923 1348 985 ‘dicaculum'.

176 1127 196 1187 Α
221 1127 377 1206 ‘pumice’
406 1125 531 1187 {terbum
559 1145 618 1187 non
649 1145 695 1187 me
726 1127 825 1188 recoio
848 1127 969 1205 legisse.
1000 1134 1096 1187 tamen
1125 1134 1176 1187 aut
1203 1129 1244 1187 sic
1267 1135 1312 1188 est
1335 1136 1384 1189 aut

89 1229 170 1289 sicut
192 1228 360 1307 ‘galeatus'
384 1235 414 1288 et
436 1229 598 1307 ‘togatus’,
630 1234 681 1290 eut
702 1246 824 1309 asperos
847 1237 879 1290 ut
900 1231 973 1308 ipse,
986 1236 1072 1308 putas
1095 1230 1274 1309 pumicatos,
1298 1232 1384 1309 quasi

89 1330 205 1391 limatos
227 1338 279 1390 aut
300 1339 381 1389 certe
403 1332 486 1409 quasi
510 1329 616 1406 politos
638 1331 837 1411 carpendique
860 1348 915 1392 usu
938 1332 1032 1392 tritos.

174 1536 198 1594 Α
221 1531 352 1595 ‘calceis’
375 1534 421 1593 uei
444 1534 568 1594 ‘caletis’
592 1536 689 1613 potius
711 1534 857 1595 ‘calceoli'
882 1535 928 1595 uei
951 1534 1104 1596 ‘calcioli’z
1129 1552 1196 1595 narn
1219 1543 1249 1594 et
1272 1536 1384 1595 ‘calceo

52 1633 218 1696 rocaireas’
241 1642 272 1695 et
293 1633 398 1695 ‘esicio
421 1634 540 1695 eaicias'
563 1634 701 1696 dixerunt
722 1637 847 1715 antiqui.

176 1836 366 1916 ‘Epithema'
390 1836 497 1898 dicitur
526 1849 557 1898 et
584 1839 774 1918 emplastrum
798 1858 813 1900 a
836 1838 1067 1919 superponendo
1095 1837 1222 1909 dietum,
1254 1839 1385 1899 undeet

91 1938 163 2000 iiiud
187 1940 267 2017 quod
290 1940 330 1999 ait
353 1938 616 2020 Hieronymus:
646 1940 807 2020 ‘sumpto
831 1940 1009 2001 themate'
1032 1947 1153 2020 putatur
1168 1942 1253 2019 quasi
1268 1947 1383 2019 sumpta

90 2038 209 2101 dicendi
237 2041 392 2120 positione.
444 2040 537 2102 Porro
568 2040 638 2101 iliud
667 2042 702 2102 iu
732 2041 898 2103 decretis
928 2040 1158 2102 iunocentii:
1197 2041 1386 2101 ‘uenimus

91 2141 133 2202 ad
163 2141 289 2202 i'otini
318 2143 512 2203 maximum
544 2142 683 2203 thema’
711 2143 788 2204 atiud
819 2152 876 2213 est,
908 2143 985 2205 idest
1006 2143 1188 2221 quaestionis
1210 2143 1384 2222 propositio.

53 2258 79 2301 1⁵
91 2242 168 2306 Gaiii
189 2242 324 2304 Senones
342 2238 356 2323 Η
378 2242 398 2303 i.
415 2241 472 2304 74⁸
489 2241 500 2325 ti
523 2243 559 2304 ab
583 2242 658 2304 urbe
688 2244 817 2305 Romana
851 2252 1039 2306 reuertentes
1069 2243 1267 2307 condiderunt
1299 2263 1386 2306 secus

90 2361 172 2405 mare
195 2345 346 2405 ciuitatem
370 2353 510 2406 uocantes
533 2343 704 2406 Anchonam
728 2345 808 2406 uciut
831 2346 920 2409 ‘hauc
936 2352 1047 2416 onam',
1072 2346 1140 2407 inde
1158 2345 1385 2425 progredientes

91 2453 275 2506 uocauerunt
297 2447 468 2514 Auximum,
492 2454 690 2526 quapropter,
715 2447 765 2507 ubi
788 2456 818 2508 to
844 2449 967 2526 posuisti
990 2447 1178 2528 ‘syntirema’,
1195 2449 1221 2509 si
1235 2449 1386 2528 posuisses

90 2545 285 2626 ‘epithema'‚
321 2557 454 2628 putasses
488 2555 515 2607 te
540 2549 642 2614 iritis
675 2548 899 2629 quaestionibus
931 2548 960 2609 id
992 2548 1120 2627 augendi
1154 2550 1247 2626 gratia
1281 2566 1385 2629 super·

91 2647 248 2709 addidisse.

51 2885 79 2925 20
179 2850 191 2933 Η
212 2851 231 2913 i.
249 2849 306 2913 74·
322 2848 336 2935 ΙΙ
361 2853 567 2930 Agroecius
594 2851 713 2932 (peridem
737 2853 809 2913 dicit
837 2856 872 2914 in
903 2851 1191 2931 orthographia:
1223 2853 1385 2913 ‘aidciruur
1466 2888 1467 2892 =

93 2953 207 3015 honore
231 2961 262 3014 et
283 2952 437 3015 adficimur
459 2954 591 3024 iniuria',
614 2953 666 3013 sed
690 2959 787 3015 tamen
812 2972 956 3034 nusquam
979 2955 1130 3033 reperitur
1153 2961 1182 3012 et
1204 2954 1311 3015 ‘nrorte
1335 2954 1385 3014 ad·

91 3055 193 3138 deient
214 3073 250 3115 ex
274 3054 375 3116 uobis'
400 3056 447 3116 uei
471 3054 669 3116 ‘contumelia
692 3055 824 3118 adiectos
847 3055 1047 3125 occiderunt',
1077 3055 1156 3117 uude
1179 3056 1260 3117 ueiut
1282 3074 1385 3135 soper-

91 3155 150 3218 dua
173 3156 293 3217 uidetur
317 3155 389 3217 haec
412 3156 592 3226 differentia,
628 3158 803 3236 praesertim
830 3175 898 3217 oum
922 3156 1126 3218 indifferenter
1149 3166 1179 3217 et
1201 3158 1231 3217 iu
1254 3156 1333 3218 hono
1357 3166 1386 3218 et

91 3260 121 3318 in
144 3258 221 3319 maio
244 3257 357 3320 dicatur
380 3258 527 3318 ‘aiiectus'
551 3266 580 3319 et
600 3258 753 3320 ‘affectio’.

51 3490 79 3533 ,ὅ
172 3453 252 3522 ‘Yazd
275 3459 379 3522 παντί
399 3452 632 3531 Graecum'est,
662 3462 714 3522 sed
743 3469 876 3540 agrestes
899 3462 1004 3523 Graeci
1026 3462 1192 3524 Latinitatis
1215 3462 1310 3539 ignari
1335 3479 1385 3522 ne·

91 3571 204 3644 queunt
231 3562 340 3624 idioma
369 3562 505 3641 proferre
534 3562 620 3624 nobis
649 3562 828 3625 Huiusmodi.
874 3565 1037 3640 Vtcumque
1066 3569 1163 3623 tamen
1195 3570 1293 3640 potest
1320 3561 1385 3621 ‘oir-

91 3666 201 3726 uiatio’
226 3665 274 3726 uei
296 3664 478 3726 ‘decursus'
501 3664 723 3744 interpraetari,
752 3683 768 3725 a
791 3663 900 3744 paiatio
922 3664 1068 3745 siquidem
1092 3663 1244 3725 Lateranis
1267 3666 1386 3725 exerenti

91 3766 187 3846 Papae
210 3785 278 3827 cum
301 3766 396 3835 clero,
426 3767 503 3828 sieut
531 3768 561 3827 in
584 3769 703 3845 gestis
725 3766 952 3827 Pontificum
980 3767 1099 3844 iegitur,
1130 3768 1261 3827 occurrit
1282 3776 1313 3827 et
1334 3765 1385 3825 ni:-

91 3869 153 3928 uiat
174 3866 303 3948 popuius
325 3866 361 3928 ad
385 3876 519 3928 sanctum
542 3868 734 3931 Hadrianum.

51 3998 78 4039 ³0
177 3968 300 4047 ‘Nugas’
324 3969 445 4049 piuraiis
466 3987 585 4049 semper
609 3971 725 4030 numeri
748 3978 777 4032 et
799 3971 965 4030 eommunis
988 3979 1032 4031 est
1054 3971 1181 4048 gereris,
1206 3978 1238 4031 ut
1254 3976 1299 4030 est
1313 3967 1385 4030 iliud

92 4070 325 4150 Hieronymi:
350 4075 491 4132 ‘uerum
515 4071 605 4133 haee
628 4088 743 4150 nugas
766 4072 954 4132 terimus'.

93 4260 321 4268 —————————--—-—-

87 4475 124 4492 N
156 4369 356 4493 ἑαάἓὲεῑοτίιω
424 4410 592 4459 diorisoriac
611 4407 897 4462 ΥΡΟΔΟΗΙὸΤΙίθδ
950 4409 1032 4472 opsonii,
1051 4409 1202 4472 commissi
1256 4409 1314 4457 5in
1335 4409 1387 4456 nito

92 4496 187 4547 ΚΙΜΡ
206 4496 313 4545 eundem
333 4490 407 4559 Hori]
431 4494 504 4547 Erat.
523 4511 580 4559 cap.
600 4494 684 4543 .th
745 4497 909 4561 dupomice
971 4494 1134 4545 8li1uiuatos
1198 4494 1318 4558 dporius
1336 4493 1387 4541 eari-

91 4565 163 4624 cioii,
182 4580 250 4615 corr.
268 4564 330 4614 -eoii
384 4564 414 4611 ll
433 4561 606 4627 empiestrum‚
624 4578 692 4615 corr.
712 4562 877 4627 emplastrum
932 4565 962 4612 12
980 4559 1051 4625 qimsi
1104 4560 1211 4619 locati,
1228 4577 1339 4611 eornm.
1353 4561 1389 4610 ΙΙ

92 4633 155 4683 Gaiii
208 4630 526 4692 reuerterrens‚corr.m.l
580 4629 750 4680 lisintiremo
821 4635 851 4682 18
864 4631 943 4679 teritis
956 4630 1133 4691 questionibus
1186 4625 1386 4692 20Agroecius]

89 4719 118 4768 p.
130 4703 199 4751 2270
210 4701 247 4751 P:
266 4700 399 4770 adficimur
416 4698 512 4747 honore
530 4707 555 4746 et
572 4697 805 4748 udiloimuriniuria
875 4701 908 4749 25
925 4694 1103 4751 ΥΡΟΡΑΝΤΙ
1116 4711 1218 4763 grecum
1271 4696 1304 4746 28
1320 4711 1388 4762 pape

91 4805 125 4855 29
143 4802 255 4870 populos
324 4806 355 4855 31
374 4762 499 4871 {ieronimi
