3420 5378
224 304 284 369 133
734 300 802 352 uns
821 299 994 352 uuonrun

222 510 432 573 posueram,
462 492 497 552 id
521 500 577 552 cst
599 508 701 558 suus,
730 505 958 549 communem
988 504 1070 547 esse
1097 485 1288 546 definiunt
1307 472 1396 545 'inter
1416 485 1520 564 siugu-

193 586 196 591 ’
221 594 313 655 {arem
334 601 364 654 et
378 592 523 672 pluralem
546 608 720 667 numerum,
744 598 781 650 ut
803 589 928 650 dicant
951 589 1019 648 sic:
1043 605 1144 647 meus
1168 594 1253 648 tuus
1274 603 1367 648 suus
1388 595 1520 649 noster

221 703 346 755 uester
374 712 470 755 suus.
520 693 603 753 Sicut
629 694 659 752 in
694 690 988 753 Deuteronomio
1024 688 1146 766 legitur:
1184 689 1269 767 quia
1302 687 1394 749 deus
1431 706 1520 750 suus

221 795 393 857 uendidit
426 813 498 854 eos.
544 794 620 853 Sunt
647 793 734 853 etiam
764 790 819 852 alia
849 791 1024 871 pronomina
1054 787 1216 868 qualitatis,
1245 795 1279 848 ut
1305 789 1406 866 qualis
1433 787 1518 859 talis;

220 895 275 957 alia
298 897 483 976 quantitatis,
507 902 539 954 ut
560 901 688 974 quantus
711 898 823 960 tautum
846 891 901 953 aiia
925 891 1167 960 demonstratiua,
1191 907 1266 968 quae
1289 908 1356 950 rem
1380 908 1539 970 praesen-r

221 1008 279 1058 tem
303 997 485 1074 significant,
510 1003 541 1056 ut
564 996 612 1056 hic
635 993 758 1054 ethaeo
781 1000 811 1053 et
833 991 904 1062 boc3
928 991 984 1052 alia
1006 989 1146 1060 relatiua,
1176 1008 1252 1070 (puae
1274 1009 1340 1052 rem
1364 990 1516 1054 absentem

220 1105 338 1168 notant,
371 1107 403 1159 ut
424 1097 449 1157 is
471 1116 504 1157 ea
532 1096 577 1163 id:
613 1095 667 1156 aiia
696 1094 929 1155 demonstratiuae
957 1093 1126 1171 conposita,
1155 1100 1188 1152 ut
1214 1110 1318 1153 eccum
1348 1101 1385 1152 et·
1407 1111 1515 1164 eccam,

220 1200 276 1261 boc
299 1207 344 1259 est
364 1216 433 1261 ecce
454 1215 520 1259 eum
543 1214 613 1259 ecce
636 1214 710 1256 eam.
756 1195 827 1255 item
844 1194 948 1264 eibum,
971 1192 1048 1254 idest
1062 1211 1132 1253 ecce
1147 1191 1238 1264 ilium,
1255 1195 1299 1254 sic
1315 1195 1405 1255 etiam
1421 1191 1516 1264 ellam,

221 1299 277 1360 boc
300 1309 345 1360 est
367 1318 437 1359 ecce
460 1297 549 1358 iiiam.
595 1296 673 1357 ilaec
697 1314 769 1375 ergo
792 1296 968 1375 pronomina
991 1294 1065 1355 nibil
1094 1295 1194 1354 uerius
1221 1312 1381 1374 possumus
1407 1295 1514 1366 dicere,

220 1401 278 1461 uisi
307 1402 401 1478 magis
428 1399 672 1459 demonstratiua:
703 1416 773 1459 eece
801 1399 879 1457 enim
908 1394 1082 1457 aduerbium
1111 1394 1333 1457 demonstrandi
1362 1416 1424 1458 non
1447 1414 1544 1459 eoo-u

219 1504 300 1583 gruit
322 1502 379 1561 nisi
401 1502 461 1571 rei,
485 1517 560 1580 quae
582 1506 680 1577 potest
702 1498 914 1567 demonstrari,
939 1515 974 1557 ex
997 1516 1055 1576 quo
1078 1495 1221 1558 aduerbio
1244 1496 1317 1559 baec
1339 1501 1514 1579 pronomina

219 1605 373 1682 conposita
396 1611 466 1663 sunt
488 1617 590 1662 eccum
614 1609 644 1661 et
665 1598 769 1661 elium:
795 1606 839 1659 est
861 1601 941 1659 enim
963 1597 1138 1659 aduerbium
1162 1598 1405 1661 demonstrantis.

304 1704 421 1764 Genera
444 1703 619 1782 pronomina
642 1708 714 1780 quoi
743 1701 828 1761 suut?
872 1700 1037 1760 Donatus
1065 1700 1195 1761 ostendit
1221 1700 1338 1762 dicens:
1379 1718 1513 1780 genera

219 1804 477 1883 pronominum
506 1809 594 1865 sunt
624 1800 752 1863 eadem
784 1801 879 1870 iere,
913 1819 1005 1880 quae
1039 1809 1074 1860 et
1101 1803 1300 1863 nominum.
1346 1800 1424 1873 Quid
1447 1820 1513 1882 ergo

219 1906 364 1984 significat
385 1903 435 1967 ilia
458 1902 602 1984 particula
626 1903 743 1963 ‘iere’i
766 1901 889 1973 Qualem
914 1901 1112 1964 differentiam
1141 1903 1288 1964 ostendit?
1331 1902 1406 1965 Sine
1427 1903 1541 1966 dubiou

218 2008 380 2084 significat,
411 2004 488 2085 quod
513 2021 572 2064 non
596 2014 664 2065 sunt
686 2011 729 2065 tot
752 2021 860 2081 genera
883 2004 914 2063 in
937 2004 1123 2082 pronomine,
1147 2011 1219 2083 quot
1240 2005 1270 2065 iu
1294 2006 1418 2067 nomine
1439 2014 1512 2068 mut

218 2108 292 2168 Nam
315 2108 484 2167 innomine
507 2107 605 2166 omrria
628 2123 739 2184 genera
761 2111 844 2175 sunt,
868 2103 944 2166 idest
958 2104 1120 2166 masculina
1142 2104 1283 2167 feminina
1306 2115 1415 2169 neutra
1437 2126 1514 2169 com·

221 2211 318 2269 unmia
343 2216 372 2268 et
393 2209 500 2268 incerti
532 2208 650 2282 generis
678 2215 707 2267 et
734 2208 911 2285 epicoenon,
945 2207 976 2267 in
1010 2207 1185 2286 pronomine
1218 2216 1316 2269 autem
1349 2210 1513 2289 epicoenon

218 2327 279 2369 non
302 2316 347 2369 est
368 2325 425 2367 nec
446 2310 593 2368 incertum
616 2323 725 2384 genus,
749 2308 805 2370 aria
829 2324 902 2368 uero
924 2324 1034 2386 genera
1058 2308 1154 2368 omnia
1178 2307 1277 2370 babet.
1320 2309 1396 2372 iude
1418 2310 1514 2373 Pom·

219 2411 328 2489 peius
350 2406 438 2469 dixit:
477 2407 621 2469 Genera
644 2409 900 2487 pronominum
923 2418 1009 2470 suut
1031 2410 1133 2469 baec:
1163 2410 1283 2470 omnia
1306 2412 1406 2472 enim
1429 2430 1543 2492 pro-n

219 2512 366 2573 uomina
389 2518 450 2571 aut
472 2509 676 2570 masculina
698 2518 784 2571 suut
806 2519 867 2572 aut
888 2511 1067 2571 feminina
1090 2518 1151 2571 aut
1172 2518 1307 2573 neutra
1330 2522 1397 2575 aut
1418 2531 1514 2576 eom·

218 2612 341 2672 munia
365 2618 429 2671 aut
450 2611 569 2672 omnis
591 2613 760 2688 geborim
783 2611 1028 2673 masculinum
1044 2628 1248 2691 pronomen
1264 2621 1338 2682 est,
1362 2617 1513 2696 utquis:

219 2712 330 2773 hodie
353 2714 448 2774 euim
470 2713 521 2773 ita
544 2711 703 2774 dicimus
725 2714 827 2791 ‘quis
851 2714 927 2774 uir’
951 2718 986 2773 in
1009 2712 1216 2773 masculino
1238 2732 1396 2791 genere,
1419 2714 1511 2797 apud

218 2815 380 2875 maiores
409 2821 529 2875 autem
559 2822 708 2876 nostros
737 2813 1014 2874 indifferenter
1039 2814 1256 2876 iuuenimus
1284 2815 1355 2877 hoc
1377 2835 1514 2896 prouo-

218 2934 308 2976 nren.
354 2913 536 2975 Dicebant
559 2917 654 2975 enim
679 2917 779 2992 ‘quis
804 2916 878 2975 uir’
902 2922 936 2974 et
959 2915 1059 2993 ‘quis
1083 2915 1244 2986 mulicr’.
1274 2918 1428 2979 omnino
1451 2920 1543 2980 mie

218 3017 302 3084 lies,
327 3033 398 3075 non
422 3014 535 3076 semei
558 3017 719 3095 positum
742 3018 778 3077 in
802 3016 985 3077 feminino
1009 3033 1147 3092 genere
1169 3019 1377 3081 inuenitur.
1412 3018 1513 3100 Apud

217 3115 434 3176 Terentium
457 3115 570 3177 babes
594 3116 664 3177 boc
688 3119 788 3178 iorte
812 3124 945 3198 quarto
967 3125 1032 3178 aut
1053 3117 1186 3195 quinto
1209 3121 1373 3198 positum
1396 3122 1513 3202 ‘quis’,

217 3236 298 3278 cum
322 3216 365 3277 de
388 3215 551 3278 muliere
574 3216 804 3294 loqueretur.
848 3218 924 3280 iiiuc
946 3219 1090 3298 seriptum
1113 3225 1171 3278 est:

345 3317 433 3388 Quis
458 3325 494 3378 tu
517 3336 554 3379 es
576 3316 712 3379 mulier
735 3320 797 3396 qui
819 3337 872 3379 me
895 3321 962 3380 boc
985 3322 1214 3398 nuncupasti
1237 3323 1404 3384 nomine?

217 3419 296 3497 Ergo
323 3428 368 3479 est
395 3418 484 3479 bodie
512 3418 707 3481 masculinum
730 3438 896 3498 pronomen
924 3422 1008 3499 quis,
1041 3422 1216 3487 femininum
1250 3441 1343 3501 quae,
1374 3435 1543 3488 neutrumne

215 3521 303 3600 quod.
347 3522 520 3582 Communia
543 3521 669 3581 duorum
692 3539 849 3599 generum,
874 3531 907 3584 ut
928 3520 1024 3601 qualis
1051 3522 1130 3584 talis:
1159 3523 1284 3587 dicimus
1312 3527 1393 3588 euim
1423 3529 1513 3590 inter·

214 3620 347 3699 rogando
370 3620 476 3698 ‘qualis
499 3624 557 3682 uir'
574 3631 604 3684 et
619 3621 726 3700 ‘qualis
742 3620 869 3694 mulier’‚
894 3624 1003 3684 dicitur
1027 3624 1234 3704 respondendo
1257 3633 1287 3686 et
1303 3625 1513 3707 subiungendo

224 3724 265 3800 ii.
286 3718 363 3784 115¹¹
380 3720 391 3804 ΙΙ
408 3721 493 3784 ‘taiis
515 3725 579 3783 uir'
604 3732 631 3785 et
653 3723 738 3785 ‘talis
760 3723 895 3785 mulicr'.
940 3725 1102 3787 Commune
1124 3728 1215 3787 trium
1242 3746 1406 3806 generum,
1436 3730 1512 3810 quod

216 3842 304 3884 omne
327 3842 420 3902 genus
442 3824 559 3894 dicitur,
583 3833 614 3885 ut
637 3845 692 3905 ego
716 3835 763 3888 tu:
787 3824 858 3887 dicit
881 3829 961 3887 enim
985 3828 1032 3888 uir
1048 3829 1138 3906 ‘ego’‚
1163 3827 1236 3890 dicit
1251 3838 1280 3891 et
1295 3829 1406 3892 muiier
1421 3835 1511 3911 *θεοῖ

216 3943 353 3985 necnon
376 3933 406 3986 et
428 3927 607 4005 mancipium
631 3926 702 3987 dicit
723 3927 813 4006 ‘egoi
859 3927 909 3990 Sic
932 3929 1018 3989 etiarn
1041 3929 1169 3991 secunda
1192 3948 1320 4009 persona
1344 3935 1542 3996 communis&

232 4064 247 4068 .,
262 4063 445 4070 ..------..

283 4146 359 4193 lsus
411 4146 527 4195 idicem
546 4144 592 4210 sii!
631 4128 705 4198 ’ain
719 4146 926 4213 Deuteronomio]
948 4149 1069 4212 XXXII,
1082 4152 1115 4201 30
1165 4150 1316 4200 4niudcdit
1351 4153 1510 4204 sicutetiam

214 4211 432 4274 baiiquantitntis
501 4214 665 4278 bsignisseet
717 4215 775 4264 'ibi
794 4231 837 4264 sca
889 4217 980 4266 8ecee
998 4233 1054 4266 erim
1073 4234 1119 4268 cnr.
1171 4219 1287 4268 orricius
1358 4223 1392 4272 10
1408 4222 1512 4272 demon·

213 4280 346 4329 straticum
418 4284 447 4330 11
467 4283 521 4346 regi
591 4284 622 4333 12
640 4292 680 4333 est
697 4283 763 4330 enim
782 4283 930 4332 uduerbinm
950 4286 1011 4334 irnce
1025 4286 1175 4350 pronomina
1194 4287 1329 4351 conposita
1346 4300 1410 4338 sunt
1426 4304 1510 4340 escum

213 4360 238 4396 ct
255 4347 329 4397 elium
349 4360 388 4398 est
405 4351 471 4398 euim
490 4349 639 4399 uduerbium
657 4351 856 4400 demonstrantis
911 4354 942 4402 13
955 4351 1081 4418 Donatus]
1100 4370 1126 4418 p.
1140 4357 1226 4415 35⁷‚8
1296 4355 1327 4405 15
1345 4355 1510 4408 deferendam

215 4417 245 4465 16
263 4429 326 4477 quor
345 4430 394 4464 non
448 4418 518 4478 quod
536 4419 561 4466 iu
641 4421 672 4470 18
690 4419 814 4483 epicenon
878 4435 1009 4484 cpyecnou
1081 4424 1111 4472 19
1130 4419 1280 4487 Pompeius]
1299 4439 1326 4487 p.
1345 4426 1407 4483 206,
1427 4425 1512 4476 171.

212 4486 245 4534 23
264 4484 340 4533 bodie
359 4486 393 4533 iro
411 4484 519 4534 dicimus
539 4497 566 4534 ur
583 4486 640 4547 quis
664 4486 831 4535 runscuiinum
850 4489 883 4535 sit
906 4503 1058 4553 pronomen,
1080 4490 1150 4554 npud
1172 4491 1283 4540 maiores
1301 4497 1350 4547 eie.
1375 4492 1512 4559 Pompeius

280 4551 324 4613 qui
342 4552 365 4601 is
384 4552 423 4601 uir
495 4554 528 4602 24
546 4553 714 4603 indeierenter
799 4555 833 4605 25
850 4553 961 4622 dicebar]
982 4556 1104 4606 Dicebant
1121 4558 1187 4606 enim
1206 4574 1252 4608 om.
1271 4559 1413 4622 Pompeius
1480 4563 1511 4612 m

212 4621 325 4683 positum
346 4645 377 4655 -
395 4621 524 4669 inuenitur
540 4637 587 4671 om.
606 4623 740 4685 Pompeius
807 4622 902 4672 semino
971 4626 1003 4675 27
1022 4626 1166 4674 terrentium
1253 4627 1286 4675 28
1306 4626 1371 4676 Hiuc
1389 4631 1511 4695 scriptum

212 4684 261 4752 cst]
281 4688 315 4748 cs.
335 4688 424 4751 Pomp.
441 4705 468 4753 p.
488 4692 547 4750 206,
561 4689 641 4742 2711.
709 4692 742 4740 29
761 4700 819 4738 tuus
838 4690 927 4739 mulier
979 4695 1162 4757 mmeeupusti
1236 4696 1270 4744 30
1288 4692 1358 4758 Engo
1378 4699 1512 4749 est—35

213 4768 258 4803 nee
277 4768 327 4802 uon
346 4764 370 4803 et
388 4756 555 4820 mancipium,
574 4757 608 4818 ef.
628 4757 717 4820 Pomp.
736 4762 753 4808 l.
771 4760 788 4811 i.
805 4759 910 4808 29-32
979 4762 1011 4809 32
1031 4762 1192 4826 respondedo
