3420 5378
731 311 943 366 annuerem.
1434 311 1476 377 83

179 499 383 562 irocarbor
406 502 528 562 etheo
557 520 641 562 cera
670 510 706 562 et
734 503 801 562 trec
823 504 930 581 panis
953 510 987 562 ct
1010 502 1077 562 hoc
1098 502 1229 561 tlemus
1252 510 1287 562 et
1315 502 1382 562 hoc
1404 521 1476 562 ma·

128 600 132 604 ’
182 620 258 663 nus.
287 603 336 663 ‘Et
358 605 397 663 ita
421 604 452 662 in
474 600 628 663 uocabulis
650 622 751 664 rernm
774 608 1008 680 incorporalium
1025 603 1184 664 dicendum
1208 602 1264 664 hoc
1285 604 1403 673 iustitia,
1421 601 1477 662 hoe

183 704 324 783 dignitas,
356 715 384 766 ct
408 706 437 765 in
461 703 668 784 corporalibus
690 704 748 765 hoc
776 713 870 777 terra,
900 708 956 767 lroe
984 707 1097 785 paries,
1128 705 1179 764 sed
1209 704 1265 764 lroe
1294 706 1478 766 consuetudo

179 805 321 885 reprobat
343 816 372 867 ct
395 806 452 868 alia
475 809 594 867 nomina
618 806 780 868 masculine
802 810 905 885 generi
922 806 1017 878 dedit,
1041 814 1073 867 ut
1095 806 1144 868 hic
1165 808 1264 886 paries
1288 816 1316 866 et
1340 808 1388 867 hic
1411 827 1478 887 por·

152 915 243 975 stus,
274 906 321 967 hic
349 925 435 986 ager,
469 906 524 969 alia
554 909 697 970 feminino
725 911 844 986 generi,
873 919 906 969 ut
928 910 1000 970 haee
1030 917 1123 978 terra,
1154 907 1226 969 haec
1256 908 1376 977 domus,
1407 909 1479 973 iraec

178 1010 305 1077 institia,
336 1007 408 1069 hacc
437 1008 579 1087 dignitas:
614 1006 670 1069 alia
699 1028 771 1070 uero
799 1012 918 1071 nomina
947 1019 1054 1071 neutro
1084 1010 1179 1078 dedit,
1210 1020 1242 1071 ut
1269 1010 1326 1070 hoe
1355 1009 1477 1088 iignum,

178 1108 236 1170 hoc
258 1109 415 1189 oppidum,
440 1118 472 1170 ut
493 1113 624 1171 suarritas
647 1114 762 1173 aurium
786 1112 938 1189 elcgcrct'.
977 1111 1102 1173 Additur
1119 1122 1255 1190 quartum
1271 1131 1374 1190 genua,
1399 1112 1477 1189 qum

178 1229 335 1272 commune
364 1220 496 1273 rrocatur.
549 1213 711 1273 Commune
744 1230 839 1290 genus
867 1230 958 1290 quare
987 1213 1110 1273 dieitur?
1155 1213 1323 1274 Donatus
1351 1214 1480 1273 ostendit

178 1312 295 1374 dicens:
326 1314 522 1374 Commune
545 1331 661 1390 genus
690 1322 758 1382 est,
788 1314 883 1393 qnod
911 1313 1021 1375 simul
1051 1314 1296 1376 masculinum
1327 1316 1479 1375 semini·

140 1429 339 1495 1⁰numque
367 1415 576 1493 significat,
607 1422 645 1475 ut
673 1416 731 1475 hie
754 1414 901 1475 ethaeo
924 1417 1112 1477 sacerdos.
1156 1415 1229 1476 item
1253 1415 1308 1476 alia
1332 1415 1478 1478 definitio:

178 1534 336 1577 commune
366 1533 462 1594 genus
489 1515 557 1575 idco
586 1515 710 1585 dicitnr,
740 1535 774 1576 eo
803 1516 883 1596 qnod
912 1517 1029 1578 (luobus
1057 1517 1217 1596 generibus
1249 1536 1357 1578 nomen
1386 1537 1483 1602 unum

178 1617 391 1685 communicat,
422 1626 455 1676 ut
476 1618 525 1678 hic
546 1624 576 1676 et
598 1617 672 1679 haec
700 1620 795 1687 canis,
825 1618 872 1678 tric
901 1628 930 1678 et
958 1618 1031 1678 hacc
1058 1619 1136 1689 dies,
1167 1619 1217 1679 tric
1244 1627 1273 1679 et
1302 1620 1374 1679 lracc
1402 1621 1476 1680 sinis.

178 1719 254 1780 Atii
277 1718 387 1780 addunt
415 1720 551 1797 quintum
581 1737 689 1796 genus,
719 1719 798 1799 quod
827 1729 871 1779 cst
899 1722 987 1780 trium
1014 1738 1159 1799 generum
1190 1739 1357 1782 commune.
1408 1722 1479 1782 lrrde

181 1821 347 1882 donatus
369 1820 454 1881 dicit:
493 1820 558 1880 Est
586 1823 694 1880 etiam
719 1822 834 1882 trium
857 1839 1035 1899 generum
1065 1841 1267 1890 commune,
1301 1831 1339 1883 ut
1361 1822 1421 1882 hic
1445 1832 1479 1882 ct

141 1920 271 1982 retracc
294 1929 330 1982 et
352 1920 419 1981 lroc
448 1921 554 1994 ielis,
584 1923 679 2002 quod
708 1926 819 1983 etiam
841 1921 853 2004 ΙΙ
876 1921 924 1982 iel.
941 1920 1030 2006 89¹³d
1050 1943 1154 1984 omne
1181 1942 1298 2001 genus
1327 1923 1477 1985 dicitnr.

178 2022 277 2094 Quare
311 2041 382 2101 ergo
416 2023 526 2083 dieitur
555 2042 642 2086 omne
671 2026 784 2103 genus?
826 2023 998 2084 isidorus
1030 2026 1160 2086 ostendit
1199 2025 1315 2086 dicens:
1367 2025 1478 2086 Omne

179 2144 297 2204 genus
325 2125 477 2193 dictum,
513 2128 598 2203 qnia
629 2128 777 2187 cunetis
808 2125 1013 2203 generibus
1041 2129 1178 2197 seruit,
1208 2126 1419 2188 masculino
1442 2136 1480 2187 et

178 2227 365 2287 feminino
388 2236 424 2287 et
445 2235 596 2297 neutro,
628 2237 666 2289 ut
687 2227 729 2287 ab
753 2227 821 2287 ltoe
845 2238 880 2288 et
901 2228 943 2288 ab
967 2229 1032 2289 liae
1060 2236 1096 2288 ct
1124 2227 1167 2288 ab
1191 2228 1258 2289 hoc
1281 2232 1477 2297 communi,

177 2331 268 2389 item
291 2327 333 2388 ab
357 2327 423 2387 hoc
447 2336 481 2387 et
504 2328 546 2387 ab
570 2328 636 2389 hac
658 2339 693 2389 et
714 2329 757 2391 ab
780 2328 848 2389 hoc
871 2332 977 2391 omni.
1022 2329 1081 2390 Sed
1105 2349 1139 2390 ex
1162 2329 1208 2390 his
1232 2329 1279 2391 uei
1303 2330 1478 2411 principalia

140 2426 228 2491 couci
255 2428 317 2489 sota
346 2447 457 2507 genera
485 2430 544 2490 duo
571 2439 655 2501 sunt,
685 2429 880 2492 masculinum
903 2441 932 2492 et
953 2432 1141 2495 femininum.
1185 2431 1258 2493 Nam
1287 2441 1426 2493 rreutrum
1450 2441 1499 2492 et·

179 2549 335 2592 commune
358 2530 394 2591 de
417 2538 545 2607 utroque
567 2534 708 2593 nascitur.
753 2532 871 2594 Addunt
899 2533 967 2594 alii
995 2542 1110 2594 sextum
1134 2551 1241 2612 genus,
1271 2534 1349 2611 quod
1374 2536 1475 2613 appel·

178 2632 240 2694 lant
268 2634 448 2712 epicoenon,
485 2632 561 2693 idest
589 2635 791 2713 promiscuum
830 2634 947 2696 dicitur.
997 2635 1095 2706 Quare
1130 2653 1201 2712 ergo
1237 2636 1399 2713 epicoenon
1429 2639 1479 2694 uel

178 2736 378 2814 promiscuum
395 2735 521 2796 dicitnr?
545 2735 710 2796 Donatus
732 2735 877 2805 ostendit,
902 2755 967 2797 eum
984 2736 1073 2797 dixit:
1098 2736 1161 2795 Est
1183 2736 1393 2814 epicoenon
1416 2736 1476 2795 net

179 2836 448 2915 promiscuum,
478 2836 572 2916 quod
596 2835 662 2896 sub
685 2855 752 2896 una
776 2838 1063 2915 significatione
1087 2854 1222 2896 marem
1246 2844 1282 2896 et
1304 2836 1476 2897 feminam

139 2935 479 3016 nconprehendit,
515 2947 550 2998 ut
572 2956 703 3017 passer
727 2947 762 2997 et
784 2938 915 3018 aquila.
961 2937 1044 3008 Quod
1068 2956 1161 3016 genus
1183 2935 1251 2998 ideo
1274 2939 1476 3017 promiscuum

179 3037 303 3108 dicitur,
341 3057 376 3098 co
404 3039 482 3115 (tried
512 3057 567 3100 nos
588 3041 776 3119 promiscuos
803 3041 885 3110 lacit,
922 3049 953 3101 ut
975 3040 1023 3100 liic
1046 3041 1149 3119 piscis:
1185 3047 1229 3100 est
1259 3040 1336 3099 enim
1370 3041 1477 3101 incerti

178 3158 281 3212 sexus,
316 3143 384 3220 quia
414 3159 468 3200 nec
497 3140 592 3201 ocutis
620 3139 815 3211 discernitur,
846 3142 898 3202 scd
926 3160 1031 3203 sensus
1059 3149 1171 3204 tantum
1200 3143 1316 3219 peritia.
1359 3141 1478 3202 Addunt

179 3239 245 3302 alii
267 3243 426 3320 septimum
449 3261 554 3321 genus,
578 3241 654 3303 idest
679 3245 836 3313 incertum,
861 3252 893 3304 nt
915 3243 964 3303 nic
988 3243 1035 3304 nel
1059 3244 1133 3305 haec
1157 3243 1229 3311 dies
1254 3242 1331 3320 quod
1348 3261 1363 3301 a
1382 3242 1477 3302 tribus

178 3343 329 3423 prioribus
357 3343 517 3421 generibus
548 3342 661 3420 diiiert,
692 3345 830 3424 quoniam
860 3343 916 3404 hoc
944 3363 1038 3424 genus
1064 3348 1095 3405 in
1124 3342 1276 3406 uocabulis
1304 3342 1476 3405 rerumne!

140 3462 339 3525 etcorporum
362 3446 586 3506 inanimantium
615 3455 750 3525 apparet,
780 3465 938 3508 commune
961 3466 1034 3508 nero
1057 3455 1086 3507 et
1107 3447 1309 3525 promiscuum
1332 3447 1362 3505 in
1387 3463 1475 3505 uoca-

178 3545 257 3608 bulis
285 3548 382 3607 anima
411 3549 607 3608 constantium
636 3559 770 3627 apparet.
815 3548 892 3620 Quid
921 3550 1045 3609 interest
1073 3550 1150 3609 inter
1173 3565 1332 3608 commune
1355 3554 1385 3607 ct
1406 3566 1475 3626 pro·

179 3650 324 3710 misenum
346 3650 456 3726 genus?
480 3648 521 3710 lta
544 3648 733 3721 discernitur,
757 3652 825 3728 quia
848 3668 1006 3711 commune
1029 3650 1145 3711 duobus
1167 3648 1300 3711 articulis
1317 3648 1365 3709 uel
1381 3648 1476 3708 tribus

177 3752 326 3829 iungitur,
351 3758 383 3810 ut
406 3749 454 3810 hic
477 3760 506 3810 et
529 3752 602 3811 haee
623 3751 778 3821 sacerdos,
807 3750 908 3812 hicet
931 3751 1004 3813 haec
1027 3759 1055 3812 et
1077 3751 1134 3813 hoc
1156 3750 1242 3821 felix,
1271 3751 1474 3830 promiscuum

179 3871 251 3915 uero
274 3870 334 3913 uno
358 3850 483 3913 articulo
512 3854 652 3930 iungitur,
677 3862 708 3913 ut
735 3854 783 3915 iiie
812 3851 920 3931 passcr'
943 3861 971 3913 ct
1001 3852 1074 3913 haec
1102 3852 1209 3932 aquila.
1254 3850 1331 3923 Quid
1353 3853 1478 3911 interest

140 3955 256 4015 seinter
279 3971 438 4014 commune
466 3955 554 4014 trium
582 3972 725 4032 generum
749 3963 779 4014 et
801 3973 958 4014 commune
987 3955 1132 4015 duorum?
1176 3954 1238 4015 lloc
1266 3953 1368 4023 distat,
1398 3953 1474 4031 qrrod

178 4075 337 4118 commune
361 4057 449 4116 trium
472 4072 616 4133 generum
639 4074 712 4115 uoce
735 4055 851 4116 mediae
875 4056 1097 4132 significationis
1119 4055 1294 4122 declaratur,
1319 4072 1476 4114 commune

179 4166 277 4219 autem
301 4157 428 4218 duorum
456 4174 601 4234 generum
630 4176 704 4218 uoce
731 4155 837 4236 plenae
861 4157 1083 4235 significationis
1106 4156 1280 4217 ostenditur.
1326 4155 1475 4217 incertum

248 4304 355 4375 thera]
379 4323 435 4358 cera
458 4324 503 4357 are
521 4307 601 4358 Bcrn.
621 4310 677 4359 cod.
697 4312 750 4359 123
767 4311 787 4370 f.
808 4311 865 4370 Μ’,
890 4309 926 4371 ef.
945 4309 1016 4370 infra
1038 4307 1147 4371 Verpitii
1165 4309 1324 4372 grammatici
1341 4315 1475 4370 excerpto.

178 4377 245 4428 ain
262 4379 296 4428 ita
314 4402 347 4412 -—
366 4379 465 4427 aurium
485 4377 595 4442 eicgcrct
612 4378 703 4426 denunt
721 4379 791 4440 opud
808 4377 904 4427 Maium
955 4376 1151 4442 incorporalium
1170 4377 1261 4426 addidi
1306 4376 1407 4425 iusticia
1454 4384 1479 4423 ct

179 4445 426 4511 incorporabilibus
499 4443 691 4508 lmascntintifll
778 4441 912 4508 tineutro]
934 4456 1023 4501 nedem
1108 4443 1246 4508 ‘lepidum
1315 4438 1476 4506 8Donntus]

101 4518 102 4521 ’
178 4531 204 4578 p.
226 4516 337 4570 375,18
416 4515 447 4563 14
464 4508 592 4577 Donatus]
612 4528 639 4576 p.
661 4515 724 4573 375,
743 4515 777 4560 21
863 4513 894 4560 16
913 4508 1040 4578 Isidorus]
1061 4513 1125 4575 orig.
1144 4511 1160 4560 I
1179 4514 1208 4572 6,
1229 4512 1265 4560 sl
1335 4511 1365 4559 17
1384 4511 1477 4558 iniretis

180 4582 211 4631 18
230 4592 255 4631 ct
272 4578 373 4646 neutro}
393 4591 481 4630 neutro
501 4590 525 4629 et
543 4581 671 4628 connnrmi
690 4592 714 4628 ct
733 4581 801 4628 omni
820 4579 939 4629 Isidorus
958 4578 1067 4640 Ottonis,
1086 4580 1184 4628 occissis
1204 4588 1231 4626 nt
1248 4577 1279 4626 ab
1298 4577 1477 4630 hoe-omni.

179 4651 211 4699 al
232 4661 365 4711 rrtrnmquc
417 4648 485 4711 quod
498 4647 629 4714 appellant
641 4649 758 4696 crisenon
774 4647 811 4696 nei
825 4649 966 4712 epicoenon
1018 4649 1050 4696 22
1068 4661 1148 4708 querc
1165 4660 1226 4711 crgo
1246 4647 1362 4694 crisenon
1383 4646 1479 4709 premi-

128 4716 133 4727 '
179 4732 268 4767 seurrm
337 4714 513 4782 renouatus]
531 4734 558 4781 p.
579 4711 642 4776 375,
663 4717 696 4764 22
766 4716 883 4764 crisenon
971 4716 1209 4780 eapromtscumn,
1229 4714 1478 4778 compromiseras

179 4786 212 4834 26
231 4786 324 4834 incerte
376 4787 408 4834 29
426 4785 507 4833 deiert
558 4787 591 4836 30
608 4798 743 4833 euminnne
811 4787 844 4835 33
863 4783 985 4834 sacerdus
1040 4786 1073 4834 35
1090 4798 1191 4832 commu
1210 4783 1286 4831 trium
1354 4783 1386 4832 37
1405 4779 1479 4847 piene

1233 4867 1272 4918 ὓ*
