3420 5378
213 288 276 354 284
606 289 881 341 Dlrrnnnu'rtun
899 288 1110 344 SERMONVM.

298 476 378 538 luter
401 475 486 538 dulce
507 485 538 538 et
560 495 651 539 sunno
672 477 728 537 lroc
750 478 889 546 interest,
913 475 992 553 quod
1015 473 1100 537 dulce
1123 475 1202 538 idem
1226 483 1325 556 potest
1347 476 1509 558 essequod

213 597 313 648 suane,
337 595 396 639 nou
421 580 521 658 utique
543 596 649 647 suane,
674 578 752 655 quod
775 574 875 639 dulce:
905 575 992 638 dulce
1019 577 1098 638 enim
1127 576 1185 638 mel
1215 577 1344 640 dicimus
1366 587 1398 640 et
1420 597 1510 641 sucue

212 688 344 749 acetum,
369 672 453 757 quod
470 698 530 741 uon
554 687 598 740 est
621 677 716 740 dulce.

296 782 376 842 luter
408 780 518 842 bellum
553 788 583 840 et
615 779 745 841 duellum
778 780 835 841 hoc
868 781 1008 850 interest,
1046 779 1126 860 quod
1159 779 1269 841 bellum
1303 782 1334 842 in
1371 790 1509 844 externas

211 890 324 962 partes,
354 881 485 943 duellum
513 883 591 943 inter
614 882 694 965 ciues
717 880 828 943 dictum
851 900 902 951 eo,
931 881 1011 960 quod
1040 879 1196 943 diuellotur
1223 879 1353 962 populus
1380 883 1414 944 iu
1437 882 1534 946 duest

211 992 320 1064 partes

294 1085 375 1146 luter
398 1083 566 1164 exemplum
591 1092 619 1145 et
641 1083 864 1146 similitudinem
880 1083 937 1146 hoc
958 1085 1097 1153 interest,
1121 1083 1200 1163 quod
1221 1082 1394 1165 exemplum
1418 1083 1508 1147 histo-

211 1188 267 1257 ria,
292 1184 453 1247 similitudo
476 1204 510 1246 re
532 1185 724 1266 adprobatur.

293 1289 374 1348 luter
397 1288 582 1348 diuinitatem
607 1295 637 1348 ot
659 1285 873 1347 diuinationem
896 1287 953 1346 lroc
974 1289 1112 1358 interest,
1135 1285 1214 1366 quod
1230 1286 1374 1349 diuinitas
1396 1287 1434 1350 ud
1457 1308 1508 1369 po·

210 1391 330 1450 teotinrn
354 1389 485 1450 retertur
508 1398 538 1450 et
560 1389 704 1449 diuinatio
727 1388 895 1448 futurorum
918 1388 1068 1467 praescios
1090 1388 1168 1449 lucit.
1518 1406 1541 1444 n

294 1490 374 1551 luter
396 1492 456 1550 uim
482 1498 510 1550 et
534 1490 672 1550 uirtutem
695 1489 752 1549 lroc
774 1491 914 1558 interest,
943 1488 1022 1568 quod
1050 1491 1145 1550 uirtus
1166 1489 1292 1550 honesta
1315 1508 1365 1551 res
1390 1489 1505 1562 dicitur,

210 1594 255 1652 uis
276 1592 395 1655 iniuria.
1447 1584 1450 1588 ’

292 1692 373 1753 luter
400 1709 504 1770 rogum
529 1700 558 1753 ot
587 1709 689 1770 pyram
717 1692 773 1752 lroo
801 1692 941 1759 interest,
970 1690 1047 1772 quod
1077 1708 1166 1770 rogus
1194 1692 1344 1753 defunctis
1372 1703 1503 1773 paratur,

208 1814 280 1876 pyro
302 1795 465 1854 sacrificiis.

291 1896 372 1957 luter
399 1877 480 1956 orma
510 1903 540 1956 et
566 1902 751 1955 armamenta
782 1900 812 1954 et
844 1892 900 1955 tela
934 1893 990 1954 hoc
1023 1896 1162 1964 interest,
1192 1875 1279 1972 v‘quod
1313 1913 1397 1956 arma
1426 1906 1534 1967 suutu

208 1996 317 2076 quibus
344 2015 470 2076 corpora
498 1997 529 2056 in
557 1994 636 2056 bello
664 2003 820 2073 teguntur,
847 2002 1030 2057 armamenta
1057 1997 1195 2065 nauium,
1223 1995 1280 2057 telo
1309 1993 1433 2058 missilis
1454 1998 1500 2059 uel

207 2098 314 2160 iacula.

292 2200 371 2260 luter
399 2200 496 2260 uirum
520 2206 550 2259 et
576 2198 740 2260 masculum
767 2197 824 2259 hoc
852 2199 991 2268 interest,
1022 2197 1102 2277 quod
1130 2200 1178 2259 uir
1205 2201 1322 2278 specie,
1351 2199 1500 2262 musculus

207 2319 330 2380 genere,
360 2307 389 2360 et
416 2301 463 2360 uir
490 2307 628 2377 quattuor
655 2298 751 2361 modis
779 2297 976 2378 intellegitur,
1011 2299 1086 2359 idest
1117 2301 1216 2380 specie
1250 2308 1356 2363 natura
1391 2305 1499 2384 nuptiis

206 2405 331 2471 uirtute,
355 2398 502 2462 musculus
525 2401 613 2463 etiarn
635 2400 672 2462 ab
695 2400 814 2462 homine
836 2409 1023 2480 segregetur,
1048 2410 1080 2461 ut
1102 2403 1132 2461 iu
1154 2400 1333 2463 animalibus
1354 2403 1474 2466 dicitur.
1508 2419 1531 2458 ²⁰

289 2504 369 2565 luter
391 2506 522 2583 primum
545 2511 574 2563 et
595 2503 727 2581 priorem
749 2503 805 2563 hoc
827 2502 966 2572 interest,
989 2501 1068 2581 quod
1082 2504 1198 2582 primus
1212 2504 1367 2583 praecedit
1382 2506 1497 2575 multos,

206 2607 287 2686 prior
309 2603 443 2670 alterum.

290 2707 371 2768 luter
398 2707 555 2786 profugum
578 2713 607 2766 et
630 2703 745 2767 exulem
769 2713 799 2766 et
819 2702 985 2784 relegatum
1012 2713 1041 2767 et
1069 2705 1251 2784 transfugam
1279 2705 1338 2769 lroc
1364 2709 1497 2779 interest

205 2807 282 2888 quod
306 2809 449 2888 profugus
471 2809 557 2887 quasi
580 2807 748 2868 uoluntario
770 2807 927 2886 relinquit,
957 2807 1024 2867 exul
1053 2806 1206 2868 damnatus
1229 2806 1398 2888 expellitur,
1423 2809 1495 2872 rele·

205 2917 290 2987 gatus
313 2909 348 2971 ad
373 2916 505 2988 tempus,
529 2909 696 2986 transfuga,
721 2909 771 2987 qui
794 2906 831 2968 ad
853 2906 953 2968 hostes
975 2910 1089 2968 transit.
1507 2920 1528 2959 5

290 3012 370 3071 lutor
392 3009 482 3069 altum
506 3017 535 3070 et
557 3008 707 3071 excelsum
728 3008 786 3069 lroc
808 3010 946 3079 interest,
970 3008 1049 3088 quod
1065 3009 1156 3070 altum
1171 3018 1231 3071 tam
1255 3012 1286 3071 iu
1310 3012 1495 3092 superiorem

205 3118 318 3189 partem
348 3111 457 3171 clatum
484 3108 676 3189 intellegitur,
706 3128 792 3189 quoru
820 3110 899 3190 quod
923 3109 958 3170 ad
981 3112 1123 3172 interiora
1147 3111 1316 3190 deponitur,
1346 3114 1495 3176 excelsum

204 3214 235 3272 in
258 3213 395 3291 superius
417 3219 539 3272 tantum.

289 3313 369 3373 luter
393 3313 451 3373 uim
476 3320 505 3373 ct
528 3313 607 3374 uires
635 3313 691 3374 hoo
719 3314 857 3382 interest,
886 3314 963 3392 quod
986 3315 1030 3375 uis
1053 3317 1165 3394 impetu
1188 3322 1217 3374 et
1236 3315 1347 3375 iniuria
1369 3325 1494 3386 conset,

273 3602 284 3648 1
304 3599 377 3647 dulce
395 3598 461 3647 idum
481 3608 677 3663 potestesse-
690 3600 758 3660 quod
777 3599 850 3648 dulce
869 3616 919 3649 uon
933 3611 972 3649 est
982 3600 1153 3661 Gotlrofredus
1163 3617 1190 3664 p.
1202 3603 1249 3651 101
1319 3605 1335 3652 4
1348 3613 1373 3651 01
1385 3605 1493 3654 nuellnm

236 3668 261 3714 iu
280 3678 399 3723 extenuo,
417 3677 618 3716 comestorum
687 3670 702 3717 5
721 3666 830 3716 nuellum
849 3668 914 3717 inter
931 3669 1000 3716 ciues
1019 3668 1112 3717 dictum
1131 3681 1162 3716 eo
1180 3668 1250 3729 quod
1268 3669 1394 3719 nuellntus
1432 3673 1495 3722 luter

203 3734 294 3783 bellum
313 3747 337 3783 et
354 3732 464 3782 oriellum
482 3732 531 3781 hoe
549 3734 661 3792 interest,
679 3734 749 3796 quod
768 3734 861 3784 bellum
878 3736 943 3784 inter
960 3745 1060 3784 exterus
1078 3745 1177 3801 gentes,
1196 3735 1314 3785 Auellum
1333 3738 1400 3786 iuter
1418 3741 1494 3800 eines,

202 3802 296 3851 clintum
315 3801 385 3863 quod
405 3800 550 3850 nuelluutur
570 3801 659 3866 populi
683 3803 708 3850 in
726 3802 791 3851 duas
810 3817 885 3867 peres
905 3802 1076 3865 Gotlrosredus
1092 3820 1119 3867 p.
1139 3804 1267 3856 101102
1372 3807 1389 3855 '1
1407 3807 1495 3857 istorio

202 3868 346 3934 exemplum
369 3868 477 3918 historio
500 3879 552 3927 est,
575 3868 714 3918 similitudo
732 3870 887 3934 adprobatur
906 3870 1079 3933 Gothosredus
1095 3887 1122 3935 p.
1142 3872 1191 3919 102
1295 3875 1328 3922 10
1346 3876 1495 3936 praesciunt

202 3936 262 3985 inuit
312 3936 434 3985 diuinitus
452 3935 486 3985 ed
504 3938 641 4001 potentium
666 3937 777 3986 nominis
800 3937 956 3987 refertur-
975 3939 1105 4002 praescius
1128 3936 1188 3986 lucit
1207 3939 1380 4000 Gotlrofrerlns
1395 3959 1426 4006 p.
1447 3945 1495 3992 102

204 4003 402 4053 1201010101ἰο
455 4004 536 4052 uirtus
555 4003 656 4054 hortare
678 4015 729 4067 est,
753 4005 793 4053 uis
818 4006 910 4055 iniuria
930 4005 1103 4067 Gotlrofredns
1118 4022 1144 4070 p.
1164 4008 1227 4067 102,
1246 4008 1280 4066 cs.
1299 4006 1379 4071 lieiff.
1398 4025 1427 4074 p.
1447 4012 1495 4059 201

202 4074 233 4122 13
251 4071 332 4135 pirum
385 4080 489 4135 purntus
508 4072 563 4136 piru
580 4071 701 4121 sacrificis
754 4086 833 4137 rogus
851 4099 884 4107 —
902 4073 1034 4121 sacrificiis
1055 4073 1225 4134 Gotltofiednr
1240 4089 1268 4138 p.
1288 4075 1348 4135 102,
1367 4077 1404 4137 cs.
1420 4077 1494 4141 lleiff.

199 4156 225 4202 p.
245 4139 296 4188 288
365 4140 397 4188 16
414 4139 516 4188 musiliu
567 4154 636 4187 orma
655 4150 715 4188 suut
732 4141 825 4202 quibus
843 4154 949 4204 corporo
968 4140 1193 4189 nostre—incolo
1212 4140 1495 4208 601101000010102

202 4207 233 4255 18
252 4206 345 4270 specim
415 4206 910 4268 19010101010013111101010ᾶί0
962 4209 1050 4273 specie
1101 4209 1188 4271 nuptis
1240 4210 1385 4275 uirspecie
1404 4212 1494 4262 intelli-

199 4273 276 4337 0110,
295 4272 423 4322 musculus
440 4288 534 4337 genere
551 4284 575 4322 et
592 4275 661 4333 quod
680 4275 719 4323 uir
737 4274 816 4323 tribus
839 4275 922 4324 modis
945 4275 1108 4340 intelligitur,
1131 4285 1220 4324 0010ιο
1242 4278 1340 4340 nuptiis
1359 4288 1384 4328 et
1402 4281 1495 4330 uirtute

200 4342 319 4390 —utin
339 4341 491 4391 orrimulibus
512 4341 855 4406 Gotdofrednsp.102‚cf.
875 4343 950 4406 lleiff.
968 4359 994 4406 p.
1014 4346 1065 4391 205
1149 4344 1180 4392 21
1200 4344 1270 4407 prior
1291 4345 1403 4395 alterum
1420 4363 1494 4413 pree-

199 4409 266 4458 cedlt
282 4410 381 4473 primus
400 4410 518 4458 omuibus
538 4409 708 4470 Gotdofredns
724 4424 751 4472 p.
769 4412 827 4472 102,
846 4410 881 4472 cs.
900 4410 975 4476 Ileiff.
993 4427 1021 4474 p.
1040 4412 1094 4459 287
1160 4412 1194 4460 23
1212 4411 1348 4476 religatum
1367 4424 1392 4463 et
1410 4425 1494 4464 truns-

200 4476 288 4541 lugum
308 4477 356 4524 hoc
374 4487 413 4525 est
480 4475 1047 4537 24001οη10001011001110101111000000
1100 4476 1220 4543 religatus
1289 4480 1494 4548 2litruusiugus

199 4545 243 4605 qui
266 4544 299 4593 nd
321 4541 404 4593 ¹¹notes
473 4542 599 4609 profugus
621 4545 696 4606 qrrnsi
718 4543 859 4593 uoluntarie
881 4544 1023 4607 reliquerit,
1046 4546 1104 4595 exul
1127 4545 1230 4607 quidum
1255 4556 1332 4596 nutus
1352 4574 1384 4584 -
1403 4552 1496 4601 transit

201 4611 371 4673 Gotlrofredue
388 4627 416 4675 p.
435 4613 484 4661 102
564 4612 597 4661 26
614 4612 728 4661 excisum
746 4610 796 4660 hoc
813 4623 852 4662 est
901 4613 927 4660 in
946 4614 1078 4677 superiore
1099 4622 1171 4679 perte
1237 4614 1270 4663 21
1289 4629 1396 4680 qusmq;
1451 4619 1494 4669 de-

199 4679 273 4741 ponit
323 4678 401 4727 ultum
418 4689 468 4727 tam
488 4680 513 4725 in
531 4679 690 4743 strperiorem
708 4689 805 4743 partem
823 4680 915 4729 elotum
933 4681 1098 4746 intelligimus
1117 4695 1193 4743 quiem
1210 4680 1242 4730 nd
1260 4681 1428 4735 101011001-
1440 4696 1495 4736 ton-

199 4755 252 4793 turn
272 4746 443 4807 Gothofredus
458 4762 485 4810 p.
504 4748 554 4795 102
966 4763 969 4769 ’
