3466 5422
279 273 325 319 XL
690 257 740 307 nt:
758 255 879 308 LIBRIS
898 254 1156 310 Bennuustssvs.

282 450 374 520 tinus,
405 449 468 522 quia
499 447 533 504 alr
561 465 594 504 eo
624 458 806 521 conparatur,
835 457 865 504 ut
893 448 1001 505 doctior
1028 454 1056 505 et
1083 462 1191 522 semper
1216 447 1368 505 eommunis
1395 448 1504 525 generis
1526 457 1579 520 cst,

284 533 469 608 superlatiuus
486 531 586 590 dicitur
602 533 680 607 quasi
696 531 790 608 ‘supra
805 530 984 607 portatiuus':
1006 531 1079 589 latus
1100 534 1171 590 enim
1193 541 1331 607 portatus,
1354 531 1460 589 delatus
1482 532 1581 607 depur-

281 627 355 676 tatus
378 617 462 690 leod:
486 616 524 674 int
547 619 617 674 enim
642 626 734 693 portat
757 616 829 674 deiat
843 614 990 694 deportat),
1013 617 1118 674 delator
1140 618 1301 691 deportator
1323 618 1423 675 dicitur
1444 626 1473 674 et
1494 618 1581 674 seruit

281 703 412 777 genetiuo
435 705 511 759 casui
533 702 648 777 piuraii,
672 711 702 759 ut
718 700 905 759 ‘doctissimus
927 701 1151 777 prophetarum':
1175 701 1373 759 ‘doctissimus'
1396 702 1580 777 superlatiuus

282 783 294 866 ))
311 789 329 845 i.
347 781 406 846 90δ
427 781 438 864 i]
463 787 564 862 gradus
587 797 645 859 est,
668 786 888 862 ‘prophetarum'
912 797 955 844 est
976 790 1122 860 genetiuus
1144 787 1267 863 pluralis.

368 873 469 929 Genus.
513 872 586 928 inter
608 889 696 947 genus
719 881 746 928 et
768 881 878 945 gentem
901 881 929 928 et
951 875 1154 945 generationem
1178 874 1231 930 iroc
1253 874 1381 930 interest:
1404 890 1493 946 genus
1514 872 1581 929 dici·

282 970 327 1016 tur
354 974 434 1015 orrrne
463 974 551 1032 genus
579 958 724 1014 humanum
754 957 786 1014 ab
815 957 912 1028 Adam,
942 974 1009 1032 gens
1039 975 1090 1014 una
1120 975 1228 1032 quaque
1256 958 1335 1031 (gens
1357 960 1384 1014 in
1408 957 1580 1031 unaquaque)

282 1061 349 1117 gens
380 1043 496 1115 dicitur,
525 1052 556 1097 ιιι
586 1042 672 1098 Gotus
700 1042 852 1117 Hispanus,
885 1043 1027 1115 generatio
1057 1061 1124 1099 uero
1153 1043 1269 1114 dicitur,
1291 1059 1361 1116 quae
1384 1059 1433 1116 per
1454 1051 1581 1117 parentes

281 1128 422 1185 descendit
444 1127 604 1202 (discordet)
628 1129 655 1183 in
677 1125 759 1183 idios.
804 1127 908 1184 Genera
932 1129 1069 1183 nominum
1097 1126 1285 1202 principaliter
1307 1136 1371 1183 sunt
1394 1126 1453 1198 iiii,
1476 1145 1580 1184 mascu-

284 1215 380 1285 linum,
403 1221 433 1268 ut
456 1220 579 1284 sauctus,
603 1212 771 1283 femininum,
795 1221 825 1268 ut
847 1211 972 1281 ecclesia,
996 1220 1134 1285 neutrum,
1157 1221 1188 1267 ut
1212 1213 1352 1286 tempium,
1375 1229 1528 1284 commuue,
1551 1220 1582 1268 ut

284 1297 422 1356 sacerdos.
459 1296 568 1353 ddduut
582 1305 671 1353 autem
687 1297 774 1355 adiruc
796 1305 824 1353 et
846 1296 900 1352 duo
916 1313 1034 1370 genera,
1057 1295 1128 1353 idest
1144 1298 1224 1354 trium
1241 1314 1371 1372 generum
1387 1305 1415 1353 et
1430 1297 1580 1373 epicoenon

287 1382 442 1458 (epiciuon).
480 1381 572 1437 Trium
589 1397 731 1454 generum,
755 1391 784 1438 ut
807 1382 850 1440 iric
871 1392 900 1438 et
921 1382 988 1439 haec
1010 1390 1038 1438 et
1062 1382 1113 1438 iroc
1128 1381 1238 1456 elegans
1254 1381 1387 1457 (eligans).
1426 1380 1580 1458 Epicoenon

283 1465 430 1543 (epicinonl
454 1468 543 1538 enim,
566 1467 637 1523 idest
658 1469 843 1541 prorniscuum
867 1483 972 1540 genus,
995 1466 1038 1521 iiii
1061 1466 1149 1523 modis
1170 1466 1323 1525 dinoscitur
1343 1466 1444 1540 (den-l,
1466 1469 1582 1542 primunr

284 1555 309 1609 in
333 1570 401 1608 sono
425 1559 507 1625 atque
530 1551 682 1623 intellectu,
706 1560 737 1606 ut
758 1550 847 1627 gallus
870 1551 979 1626 gallina,
1004 1552 1152 1609 secundum
1173 1553 1201 1608 in
1224 1569 1294 1608 sono
1317 1561 1344 1608 et
1367 1552 1516 1619 intellectu,
1535 1553 1582 1609 scd

282 1655 337 1695 non
361 1637 387 1692 in
411 1637 484 1708 uisu,
507 1645 537 1692 ut
560 1637 640 1692 Gaius
663 1635 736 1702 Gaia,
761 1636 871 1693 tertium
893 1639 920 1693 in
943 1636 1004 1692 uisu
1027 1646 1054 1692 et
1077 1637 1229 1706 intellectu,
1252 1637 1298 1693 sed
1322 1654 1376 1692 non
1400 1639 1426 1693 in
1450 1654 1530 1708 sono,
1553 1647 1583 1693 ut

283 1741 347 1779 anas
364 1737 469 1796 passer,
486 1730 613 1794 quartum
630 1718 750 1796 (quarto)
765 1738 816 1778 nec
831 1722 858 1777 in
879 1723 941 1777 uisu
964 1738 1014 1778 nec
1036 1723 1063 1777 iu
1086 1739 1166 1794 sono,
1182 1730 1213 1779 ut
1228 1721 1318 1795 aquila
1334 1739 1439 1796 cygnus
1454 1721 1583 1796 (cignus),

287 1809 351 1881 quia
373 1823 427 1863 non
451 1814 544 1881 potest
567 1806 658 1862 dicere
680 1806 789 1879 aquilus
811 1815 859 1862 aut
882 1823 968 1880 eygua
990 1805 1100 1880 (cigna).

368 1892 501 1948 Numerus
529 1891 630 1948 dicitur
657 1890 794 1948 adunatio.
839 1890 948 1948 Numeri
971 1893 1111 1948 nominum
1133 1892 1321 1966 principaliter
1343 1900 1407 1948 sunt
1430 1892 1501 1962 rino,
1529 1895 1583 1947 sin·

284 1977 404 2051 guiaris,
434 1985 464 2032 ut
493 1977 538 2033 iric
566 1984 688 2042 sauctus,
718 1975 832 2050 pluralis
860 1985 891 2032 ut
919 1976 946 2032 hi
978 1975 1036 2050 (uit)
1067 1979 1164 2034 sancti.
1207 1976 1272 2034 llam
1301 1986 1328 2032 ιι
1357 1977 1495 2050 quidam
1525 1977 1583 2032 uuit

287 2064 378 2119 dicere
395 2061 477 2118 tertio
494 2061 574 2118 modo
591 2077 699 2136 semper
713 2059 845 2135 pluralem
862 2079 923 2119 esse
939 2078 1081 2118 numerum
1097 2061 1140 2117 uei
1153 2079 1322 2118 communem
1334 2060 1414 2133 (ιιι),
1430 2071 1460 2118 ιι
1472 2070 1515 2118 est
1527 2062 1584 2117 dies

289 2147 374 2203 nuires
398 2163 492 2220 saepes
510 2143 617 2220 (sepes).
656 2144 702 2202 Est
726 2145 834 2219 quidam
857 2162 986 2203 numerus
1008 2162 1115 2221 semper
1137 2146 1296 2219 singularis,
1313 2156 1343 2202 ut
1365 2164 1461 2202 aurum
1484 2147 1585 2207 oieunr,

285 2231 394 2306 quidam
426 2247 533 2304 semper
561 2230 675 2304 pluralis
703 2229 773 2302 (ii),
802 2239 833 2287 ut
860 2230 966 2287 Puteoli
996 2229 1041 2306 (m.
1065 2231 1085 2286 I
1103 2231 1211 2306 potioii)
1239 2230 1401 2288 Saturnalia.
1445 2230 1508 2301 Est,
1537 2233 1584 2304 qui

285 2317 366 2373 irairet
389 2317 504 2371 iorrnam
528 2315 711 2388 singularem,
740 2315 788 2371 sed
816 2315 983 2372 intellectum
1006 2315 1139 2391 pluralem
1164 2314 1315 2393 (intellectu
1337 2313 1389 2391 pi),
1412 2324 1443 2372 ιιι
1465 2315 1585 2390 populns

286 2397 300 2482 p
318 2402 336 2457 i.
353 2401 411 2459 91·
428 2396 442 2479 Η
467 2401 613 2457 exereitus.
657 2400 705 2456 Est
727 2409 771 2473 et,
788 2403 846 2474 ‘qui
870 2399 1010 2459 intellectu
1034 2400 1167 2476 singulari
1190 2410 1217 2457 et
1240 2419 1308 2458 sono
1332 2401 1447 2477 plurali,
1471 2409 1501 2456 ut
1523 2400 1585 2456 idus

286 2482 424 2559 Nouae.*)

370 2571 487 2643 Figurae
520 2570 658 2627 nominum
692 2579 756 2626 sunt
789 2570 873 2640 duae,
906 2568 1020 2644 simplex
1050 2580 1078 2628 et
1110 2572 1264 2646 conposita.
1310 2571 1428 2646 Simplex
1462 2580 1520 2642 est,
1554 2580 1585 2626 ut

287 2658 401 2721 doctus,
425 2656 593 2730 composita,
616 2663 648 2711 nt
670 2655 804 2711 indoctus.
842 2655 906 2712 Nam
931 2656 1020 2711 omnia
1043 2655 1232 2730 principaliter
1255 2665 1385 2731 quattuor
1407 2656 1495 2712 rarodis
1518 2673 1584 2713 con·

289 2749 441 2816 pronuntur,
464 2757 496 2796 ex
519 2739 626 2796 ‹luobus
647 2739 775 2814 integris,
798 2758 828 2796 ex
844 2739 951 2797 duoirus
974 2743 1129 2815 corruptis,
1152 2758 1184 2797 ex
1207 2743 1316 2814 integro
1339 2750 1366 2798 et
1388 2750 1530 2815 corrupto,
1554 2757 1585 2796 cr

288 2834 420 2901 corrupto
444 2833 471 2881 ιι
494 2825 611 2899 integro.

371 2911 456 2967 Casus
484 2910 624 2966 nominum
651 2920 716 2966 sunt
742 2926 797 2967 sex.
843 2913 927 2968 Casus
950 2930 963 2968 a
987 2910 1106 2968 cadendo
1129 2910 1238 2967 dicitnr.
1283 2911 1366 2966 Casus
1395 2911 1440 2966 isti
1468 2926 1522 2964 non
1552 2909 1585 2965 de

288 3014 352 3054 casu
380 3003 446 3051 sunt
473 2994 595 3067 dicendi,
624 2995 671 3051 sed
694 2995 727 3052 de
750 3004 868 3069 euentu,
898 2997 961 3071 quia
989 2997 1082 3054 euenit
1110 2995 1165 3052 iilis
1183 2997 1261 3071 quasi
1285 3012 1335 3068 per
1357 2995 1488 3069 quosdam
1513 2993 1585 3068 (qui-

288 3079 411 3152 busdam)
433 3079 555 3137 casuales
578 3079 679 3154 gradus
702 3080 859 3152 declinatio,
882 3090 912 3137 ut
934 3082 1119 3138 nominatiuus
1141 3081 1174 3137 dc
1190 3079 1365 3147 nominando,
1388 3087 1419 3135 nt
1434 3079 1479 3135 ln'c
1494 3081 1587 3134 iustus

288 3165 363 3238 (om.)
386 3166 532 3239 genetiuus
555 3164 588 3221 de
610 3166 776 3239 generando,
799 3175 831 3222 ut
852 3165 934 3222 iruius
956 3167 1032 3237 iusti,
1055 3164 1162 3220 datiuus
1184 3164 1218 3221 de
1240 3162 1340 3234 dando,
1364 3172 1394 3219 ut
1416 3162 1481 3219 imic
1503 3164 1587 3234 iusto,

289 3252 460 3309 accusatiuus
484 3250 516 3307 de
539 3249 706 3322 accusando,
728 3258 760 3305 ut
782 3250 855 3307 hunc
876 3252 997 3322 iustum,
1025 3252 1170 3308 uocatiuus
1191 3249 1225 3305 de
1247 3246 1387 3319 uocaudo,
1410 3256 1440 3303 ut
1463 3265 1479 3302 o
1504 3249 1586 3318 iuste,

289 3336 426 3394 abiatiuus
449 3336 482 3391 de
504 3335 652 3391 auiereado
676 3331 811 3412 (abiendo)
834 3343 865 3391 ut
886 3334 920 3392 air
942 3334 995 3392 iroc
1010 3335 1093 3391 iusto.
1129 3333 1259 3390 Similiter
1276 3341 1303 3388 ιι
1318 3330 1431 3407 piuraiis
1447 3348 1586 3389 uumerus.

374 3421 469 3478 Omnia
492 3420 600 3477 nomina
621 3428 669 3476 aut
687 3427 752 3476 sunt
770 3418 909 3489 animalis,
932 3428 963 3476 ut
985 3419 1067 3491 iromo¹
1089 3435 1185 3494 pecus,
1208 3427 1255 3476 aut
1277 3427 1342 3475 sunt
1364 3417 1533 3490 inanimalis,
1557 3427 1587 3474 ut

291 3506 373 3565 ariror
394 3506 480 3580 lapis,
509 3513 556 3562 aut
578 3513 642 3560 suut
664 3505 861 3578 incorporalis,
890 3514 921 3562 ut
942 3504 1030 3579 pietas
1053 3503 1174 3575 iustitia,
1201 3513 1248 3560 aut
1271 3511 1335 3560 sunt
1358 3502 1453 3561 localis
1475 3512 1502 3558 et
1525 3511 1587 3558 aute

291 3591 387 3648 oculos
411 3592 552 3647 immanes.
597 3589 786 3662 incorporales
809 3588 868 3662 (·is,
890 3606 968 3646 corr.
990 3607 1026 3644 m.
1049 3588 1089 3664 Ι),
1112 3596 1144 3645 ιιι
1165 3591 1252 3646 anima
1275 3597 1302 3645 et
1325 3589 1445 3662 angelus.

375 3674 494 3743 Qualitas
521 3676 661 3731 nominum
691 3673 817 3730 hilarium
847 3682 921 3730 tenet
950 3689 1058 3749 semper
1086 3690 1229 3746 numerum
1252 3669 1346 3749 (ιιι).
1395 3677 1449 3730 dut
1478 3674 1589 3747 propria

295 3771 360 3819 suut
382 3759 507 3830 nomina,
531 3767 562 3815 ιιι
583 3758 707 3815 iordanis
730 3759 811 3831 Sion,
833 3767 880 3816 aut
901 3757 1081 3834 appeliatiua,
1105 3768 1134 3815 ut
1156 3758 1256 3816 fluuius
1280 3775 1366 3815 mous.
1411 3758 1458 3815 iila
1480 3759 1589 3814 uomina

292 3855 356 3903 sunt
384 3846 497 3920 propria
524 3852 553 3901 et
581 3842 647 3915 lira,
676 3859 745 3916 quae
773 3844 807 3901 de
836 3860 952 3919 persona
980 3847 1006 3900 iu
1035 3843 1114 3901 aliam
1142 3843 1215 3900 iiecti
1242 3861 1297 3900 nou
1327 3852 1460 3919 possunt,
1487 3852 1519 3898 ut
1546 3851 1590 3899 est

292 3931 381 3988 iiciias
409 3929 535 3986 Salomon
567 3925 717 4002 (salamon).
761 3927 808 3985 iiia
831 3938 896 3985 sunt
917 3929 1097 4004 appeliatiua,
1127 3946 1196 4004 quae
1223 3929 1257 3985 de
1283 3946 1336 3985 una
1366 3931 1392 3985 in
1415 3927 1495 3984 aliam
1517 3926 1590 3984 ilecti

293 4024 425 4090 possunt,
449 4023 479 4069 ιιι
502 4021 544 4070 est
565 4030 613 4069 rex
634 4014 785 4087 propheta,
814 4016 877 4089 quia
899 4014 999 4072 dieitur
1021 4031 1068 4071 ιιι
1091 4014 1176 4071 maius
1198 4007 1210 4092 ΙΙ
1227 4013 1245 4070 i.
1262 4007 1349 4092 91⁵ss
1371 4022 1399 4069 ot
1421 4029 1468 4069 rer
1490 4011 1589 4084 bouus,

293 4100 428 4175 propheta
450 4098 520 4154 Elias
543 4108 572 4154 et
593 4097 726 4174 propheta
749 4100 839 4155 isaias.

379 4185 424 4240 iiia
454 4185 563 4240 nomina
592 4193 793 4258 conparantur,
827 4201 896 4258 quae
927 4186 1107 4258 quantitatem
1135 4193 1163 4241 et
1192 4184 1350 4259 qualitatem
1381 4181 1535 4254 significant
1563 4189 1591 4236 ιι

293 4286 379 4346 paene
401 4277 466 4325 sunt
489 4284 596 4343 semper
618 4268 738 4344 adiecta,
762 4278 791 4326 ut
814 4272 902 4326 iustus
925 4270 1007 4327 iortis
1030 4280 1151 4328 sanctus.

379 4353 489 4428 Species
511 4355 650 4410 nominum
671 4357 846 4428 propriorum
870 4364 1001 4430 quattuor
1024 4355 1111 4412 modis
1134 4354 1276 4411 dicuntur:
1304 4367 1470 4426 praenomen
1493 4366 1591 4408 nomeu

295 4456 446 4512 cognomen
475 4456 619 4511 agnomen.
669 4440 837 4497 Praenomen
867 4448 909 4495 est
938 4443 980 4511 (nt
1008 4439 1077 4511 est),
1106 4439 1178 4515 quod
1207 4439 1309 4494 nomini
1340 4437 1534 4511 praeponitur,
1564 4446 1591 4492 et

296 4528 372 4581 uenit
395 4525 427 4580 ad
450 4524 610 4597 dignitatem
633 4542 782 4600 personae,
810 4535 840 4581 ut
863 4534 905 4582 est
927 4525 958 4583 G.
983 4525 1079 4582 Caesar
1101 4524 1183 4583 Gaius
1207 4525 1304 4578 Caesar
1326 4522 1354 4593 (g
1376 4523 1454 4595 gaius
1477 4515 1592 4593 c'aei'ar'r).

363 4672 392 4737 *l
409 4673 477 4724 Haec
496 4673 560 4727 mire
577 4676 741 4726 consentiunt
758 4690 814 4725 enm
827 4676 870 4735 iia,
882 4689 949 4735 quae
960 4675 1029 4740 apud
1043 4676 1156 4740 Asprum
1169 4687 1244 4735 qrrem
1257 4671 1345 4720 dicunt
1358 4671 1483 4720 iuniorem
1502 4671 1592 4738 legun-

295 4754 336 4792 tur
353 4758 379 4809 p.
398 4745 456 4803 550,
475 4745 543 4794 t-8
562 4743 582 4792 ii
602 4742 726 4804 (Gramm.
744 4742 799 4792 Lar.
818 4742 867 4792 voi.
887 4743 930 4802 V).
