3420 5378
211 210 273 278 110
720 158 984 282 ansjmosrna

210 403 242 463 in
264 420 281 462 o
303 401 422 480 longam
445 401 558 463 Graeca
587 407 657 462 sunt
685 408 715 461 et
741 400 904 463 secundum
932 402 1078 463 rationem
1100 401 1284 465 Graecorum
1306 400 1512 471 docimentum

209 502 350 563 feminina
373 500 563 582 appellatiua‚
588 508 619 561 ut
640 499 714 562 haec
735 502 824 563 lectio
846 505 930 583 origo
952 504 1108 573 fortitud03
1136 503 1280 566 feminina
1302 506 1428 585 propria
1450 522 1512 566 nou

207 605 402 664 inueniuntur
424 613 547 682 excepto
569 620 629 663 uno
646 603 731 664 ‘haec
746 603 842 665 luno’.
868 604 979 665 Neutra
1002 623 1038 665 ex
1060 605 1269 667 communione
1291 606 1458 673 uenientia.
1479 613 1512 666 ut

209 713 275 765 octo
309 703 368 765 duo
397 703 495 764 ambo.
520 751 523 755 ,
544 703 675 787 Dicimus
704 706 783 765 enim
811 714 878 766 octo
908 707 965 766 uiri
991 701 1004 789 ΙΙ
1024 705 1045 766 1.
1069 701 1181 788 102ἿΙ
1207 714 1238 767 et
1264 714 1333 768 octo
1359 707 1510 769 animalia.

207 805 282 866 ltem
304 806 363 865 duo
386 806 444 865 uiri
466 805 541 866 duae
564 805 692 867 laminae
714 805 773 866 duo
795 805 943 880 animalia,
966 808 1011 867 sic
1033 790 1121 867 ambo
1141 806 1251 869 iratres
1265 805 1373 869 ambae
1388 825 1533 869 sororess

208 907 297 967 ambo
319 906 466 968 animalia.
504 893 666 967 Commune
689 905 825 977 duorum,
850 916 881 968 ut
903 909 951 970 hic
974 906 1099 970 ethaeo
1120 907 1202 978 lullo,
1225 907 1274 970 ltic
1291 917 1321 970 ct
1335 910 1412 971 llaec
1426 912 1508 979 strio,

208 1009 256 1070 laic
279 1009 403 1070 ethaeo
424 1009 554 1089 papirio,
578 1007 657 1069 idest
678 1010 742 1069 auis
764 1026 840 1089 quae
862 1026 1025 1087 numquam
1046 1010 1164 1079 crescit,
1187 1008 1235 1070 hic
1258 1009 1387 1072 ethaeo
1409 1008 1508 1079 homo,

208 1110 257 1170 lric
284 1117 314 1169 et
341 1109 415 1170 haec
443 1108 528 1170 latro.
573 1108 791 1171 Priscianus
819 1110 903 1172 dicit:
931 1110 991 1172 hic
1018 1110 1172 1172 ethaeo
1199 1112 1315 1173 homo.
1360 1112 1423 1173 Sed
1449 1130 1508 1173 non

208 1212 335 1272 dicimus
357 1211 521 1272 secundum
543 1211 788 1272 consuetudinem
812 1211 901 1273 ‘hanc
916 1211 1091 1283 hominem',
1114 1221 1214 1274 tamen
1236 1212 1404 1275 secundum
1426 1221 1509 1274 natu·

208 1331 272 1373 rant
295 1311 459 1373 communis
481 1313 601 1390 generis
623 1321 676 1372 est.
713 1313 825 1374 Horum
848 1323 946 1376 autem
969 1317 1123 1376 nominum
1144 1315 1176 1375 in
1191 1333 1209 1375 o
1224 1315 1399 1376 exeuntium
1419 1331 1541 1393 gene-n

209 1418 288 1476 tiuus
310 1413 469 1492 singularis
492 1424 542 1475 aut
563 1414 592 1473 in
615 1416 680 1475 onis
702 1416 887 1486 terminatur,
911 1424 944 1476 ut
966 1435 1065 1477 sermo
1088 1417 1234 1477 sermonis
1256 1415 1349 1477 carbo
1370 1414 1510 1477 carmon

210 1515 256 1577 leo
285 1516 382 1576 leonis
410 1514 500 1575 draco
528 1514 665 1576 draconis
694 1524 723 1577 et
746 1524 860 1585 cetera;
889 1518 933 1577 sic
955 1524 985 1577 et
1006 1519 1127 1597 propria
1150 1518 1313 1580 masculina
1335 1517 1507 1597 genetiuum

209 1621 240 1679 in
269 1620 334 1679 onis
363 1618 498 1685 mittunt,
528 1626 559 1678 ut
586 1617 686 1697 Scipio
716 1618 863 1698 Scipionis
886 1616 956 1678 Cato
979 1618 1099 1681 Catonis
1122 1617 1226 1681 Cicero
1248 1618 1406 1681 Ciceronis
1427 1618 1507 1681 ldaro

209 1720 353 1788 Maronis,
383 1726 506 1797 excepto
535 1737 609 1788 uno,
639 1718 717 1796 quod
746 1722 918 1797 genetiuum
944 1722 976 1780 in
1004 1722 1031 1781 is
1052 1721 1155 1791 mittit,
1184 1729 1217 1781 ut
1238 1719 1345 1801 Apollo
1365 1718 1510 1800 Apollinis

209 1828 347 1901 correpta
374 1821 384 1879 i
411 1819 607 1899 paenultima;
637 1826 692 1881 'aut
718 1821 748 1880 in
776 1822 866 1891 ionis,
897 1829 930 1883 ut
956 1821 1045 1883 lectio
1074 1820 1211 1882 lectionis
1240 1824 1337 1883 oratio
1365 1823 1541 1883 orationisrs

211 1931 240 1982 et
262 1930 361 1983 cetera
384 1923 414 1981 in
438 1923 478 1981 tio
501 1921 680 1991 desinentia;
704 1932 754 1984 aut
775 1927 807 1983 in
828 1925 901 1993 inis,
926 1932 958 1985 ut
980 1926 1064 2002 origo
1086 1926 1209 2003 originis
1231 1923 1340 2003 rubigo
1361 1922 1509 2003 rubiginis

208 2022 327 2102 salsugo
359 2022 517 2102 salsuginis
548 2024 655 2103 lanugo
688 2023 836 2103 lanuginis
866 2010 965 2104 imago
997 2027 1135 2104 imaginis
1168 2042 1301 2106 conpago
1332 2026 1509 2105 conpaginis

208 2144 341 2207 propago
369 2128 557 2205 propaginis,
587 2135 617 2187 et
644 2128 742 2188 onmia
770 2128 890 2188 nomina
918 2129 948 2187 in
974 2145 1011 2205 go
1034 2127 1200 2189 desinentia
1221 2128 1364 2188 feminina
1388 2134 1461 2188 sunt
1480 2134 1510 2188 et

210 2229 315 2289 tertiae
344 2226 549 2288 declinationis
579 2235 608 2287 et
634 2229 806 2306 genetiuum
828 2231 860 2289 a'u
889 2230 947 2289 inis
975 2247 1095 2309 semper
1122 2231 1285 2291 terminant
1305 2237 1338 2291 et
1357 2229 1390 2290 ln
1414 2228 1508 2289 nomi·

209 2331 310 2390 natiuo
344 2346 415 2388 casu
442 2328 622 2408 paenultima
650 2329 865 2408 producuntur.
915 2329 988 2390 inde
1015 2329 1237 2393 Priscianus
1265 2330 1358 2392 dicit:
1393 2330 1435 2391 ln
1466 2344 1541 2409 goar

209 2431 425 2491 desinentia
458 2429 635 2490 feminina
667 2439 752 2491 sunt
783 2438 818 2492 et
850 2433 988 2493 tertiae
1022 2432 1294 2494 declinationis
1327 2439 1363 2493 et
1394 2448 1508 2511 gene·

210 2535 325 2593 tiuum
353 2534 384 2592 in
407 2532 482 2591 inis
504 2546 649 2611 semper
672 2534 877 2594 terminant
899 2540 933 2594 et
960 2535 995 2595 in
1024 2536 1257 2596 nominatiuo
1280 2552 1370 2595 casu
1393 2551 1507 2615 paen·

209 2634 339 2695 ultima
361 2633 629 2713 producuntur.
674 2633 747 2695 lude
770 2634 988 2697 Priscianus
1016 2634 1102 2697 dicit:
1137 2636 1175 2696 ln
1204 2653 1247 2714 go
1275 2634 1506 2705 desinentia,

207 2738 288 2797 siue
321 2743 406 2797 sunt
429 2734 636 2796 diriuatiua
664 2754 728 2797 seu
754 2737 964 2815 primitiua,
992 2737 1262 2816 paenultimam
1289 2735 1508 2816 producunt

208 2838 265 2899 uel
287 2847 422 2899 natura
445 2836 505 2897 uel
526 2839 733 2917 positione,
758 2846 794 2899 ut
817 2854 994 2916 compago
1010 2837 1195 2917 Carthago
1217 2835 1539 2917 caligosartagoss

207 2940 343 3017 rubigo
375 2939 529 3017 lerrugo
565 2955 706 3017 aerugo
738 2941 844 3017 uirgo
877 2956 1011 3018 margo.
1062 2939 1138 3001 Sunt
1170 2950 1269 3002 autem
1297 2939 1358 3001 duo
1386 2941 1506 3001 nomim

208 3050 311 3102 contra
333 3039 482 3119 regulam,
511 3058 586 3119 quae
609 3059 664 3102 nec
685 3042 716 3101 in
739 3042 805 3101 onis
827 3042 935 3102 necin
958 3042 1016 3100 inis
1037 3043 1210 3119 genetiuum
1233 3044 1372 3111 mittunt,
1402 3041 1506 3103 sedin

209 3145 273 3203 enis
296 3144 379 3202 etin
402 3145 456 3212 nis,
481 3150 513 3202 ut
534 3143 607 3204 Anio
631 3144 751 3204 ditienis
774 3151 803 3203 et
825 3162 894 3204 caro
917 3145 1025 3215 carnis,
1048 3151 1078 3204 et
1099 3141 1173 3203 lraec
1195 3142 1253 3204 duo
1277 3144 1401 3204 nomina
1423 3143 1506 3205 lemi-

210 3246 279 3305 nina
302 3254 386 3313 sunt;
410 3246 484 3305 Anio
507 3262 579 3323 ergo
601 3262 709 3304 nomen
734 3246 864 3306 llumiuis
886 3253 946 3313 est;
970 3252 1000 3306 et
1021 3263 1112 3306 unum
1134 3264 1244 3306 nomen
1265 3246 1374 3306 incerti
1388 3245 1507 3323 generis

208 3347 238 3405 in
267 3365 304 3425 go
332 3348 499 3416 inuenitur,
528 3354 561 3406 ut
587 3346 636 3406 llic
662 3345 711 3407 uel
732 3344 807 3407 haec
829 3365 931 3426 margo
954 3349 1106 3426 marginis.
1151 3347 1188 3408 Et
1209 3348 1308 3408 omnia
1332 3348 1456 3409 nomina
1476 3349 1549 3413 inat.

208 3449 252 3508 sio
274 3448 322 3509 uel
343 3450 374 3508 in
397 3450 439 3508 tio
462 3448 626 3509 desinentia
648 3447 789 3509 leminina
811 3458 881 3509 sunt
903 3457 932 3509 et
955 3432 1057 3509 tertiae
1074 3446 1280 3510 declinationis
1295 3457 1325 3509 et
1340 3448 1506 3510 deriumiua

208 3569 224 3609 a
247 3550 394 3628 genetiuis
416 3553 481 3610 siue
503 3551 728 3629 participiorum
750 3552 906 3630 praeteriti
930 3552 1073 3630 temporis
1095 3553 1158 3611 siue
1180 3551 1326 3630 genetiuis
1352 3552 1506 3612 nominum
1571 3544 1576 3554 “

207 3650 356 3713 secundae
379 3650 585 3711 declinationis
606 3650 705 3713 addita
728 3671 745 3712 o
768 3654 922 3730 genetiuo,
950 3652 1003 3712 sed
1026 3661 1163 3732 correpta
1185 3651 1383 3732 paenultima,
1407 3660 1442 3714 ut
1463 3659 1507 3713 est

209 3770 372 3814 conuersus
401 3754 538 3813 conuersi
565 3755 739 3824 conuersio,
768 3751 867 3814 laesus
894 3754 966 3814 laesi
994 3753 1085 3815 laesio
1113 3753 1265 3833 professus
1291 3756 1317 3815 si
1345 3754 1505 3834 professio,

208 3873 369 3917 consessus
397 3857 422 3916 si
449 3857 508 3925 sio,
537 3856 645 3916 scissus
673 3856 698 3914 si
725 3857 783 3926 sio,
812 3857 919 3917 missus
946 3858 1049 3917 sisio.
1093 3856 1168 3917 ltem
1189 3857 1221 3916 in
1244 3856 1284 3916 tio
1306 3863 1410 3917 oratus
1431 3856 1540 3918 oratis

208 3960 318 4029 oratio,
342 3965 496 4019 aecusatus
518 3958 649 4018 accusati
670 3958 833 4029 accusatio,
857 3966 951 4020 status
973 3961 1041 4020 stati
1064 3959 1120 4030 tio,
1143 3966 1227 4020 actus
1248 3959 1272 4019 u
1294 3960 1351 4029 tio,
1374 3960 1506 4020 munitus

277 4213 387 4280 lgreci
465 4212 602 4279 Ple⁰tioljjl
672 4214 774 4264 lortudo
843 4214 964 4265 feminina
981 4210 1098 4280 propria]
1119 4213 1307 4264 Desidercntur
1323 4213 1418 4264 aerea:
1437 4211 1507 4279 apud

209 4281 313 4332 Latinos
382 4282 492 4332 3huins
509 4284 570 4332 iuuo
640 4282 709 4332 dics
728 4284 801 4333 umbe
869 4286 1038 4333 ticummuue
1118 4282 1243 4331 'lorescis
1311 4276 1507 4345 8Prisciauus]

207 4352 242 4414 cf.
259 4352 291 4401 de
310 4352 407 4401 nomiae
425 4358 473 4400 etc,
491 4368 518 4415 p.
538 4352 601 4408 416,
621 4353 668 4409 11‚·
690 4351 790 4401 idem!
806 4369 833 4416 p.
853 4355 916 4413 206,
936 4354 969 4400 tl
987 4351 1024 4400 H.
1111 4352 1195 4400 9tum
1214 4348 1272 4398 seco
1290 4361 1405 4398 neutram
1477 4351 1509 4399 lo

209 4418 321 4467 iultimn
374 4419 457 4467 ionis
476 4419 549 4468 lectio
569 4427 596 4466 ut
614 4417 729 4468 lectionis
800 4421 830 4468 ld
849 4420 873 4467 iu
892 4420 915 4468 is
968 4419 1104 4482 latruge
1163 4419 1194 4467 19
1213 4418 1239 4465 in
1257 4418 1279 4466 is
1348 4416 1509 4468 20Priscia-

209 4485 267 4550 trus]
286 4487 367 4551 Apud
382 4486 542 4536 Melonem
559 4488 638 4536 locum
655 4503 705 4537 aon
723 4488 819 4547 inueni,
838 4488 888 4535 nisi
903 4493 942 4537 eat
961 4487 977 4536 l
993 4504 1021 4551 p,
1033 4488 1121 4543 206,1
1178 4485 1295 4534 acinis
1347 4487 1383 4536 23
1400 4484 1510 4535 Priscia-

209 4554 267 4621 nus]
293 4556 310 4603 I
325 4572 353 4619 p.
373 4556 463 4617 1224
531 4556 564 4604 25
581 4554 707 4620 clrostago
776 4556 809 4604 26
826 4553 916 4618 lerugo
934 4570 1014 4621 erugo
1083 4556 1115 4604 tt
1134 4548 1213 4618 genai
1231 4549 1285 4601 tanti
1351 4555 1430 4605 teet
1447 4554 1510 4603 iu'is

241 4637 299 4672 atrro
352 4626 384 4673 31
403 4622 570 4673 desinentiam
639 4623 825 4689 segerannus
877 4623 934 4672 sine
951 4618 1030 4688 genet*
1048 4622 1180 4671 nominum
1198 4618 1239 4671 sic
1254 4620 1327 4670 decis
1398 4624 1434 4673 34
1451 4636 1511 4688 pro·

208 4688 268 4739 lessi
287 4693 309 4739 si
379 4692 513 4741 anseisus
566 4702 652 4741 oratur
720 4693 752 4741 36
770 4689 882 4740 munitur

35 4978 215 5078 A
