3466 5422
212 269 282 315 CLII
760 253 952 306 Pitumnus.

214 462 284 504 nuu
315 461 352 500 se
383 440 483 502 itrxtri
513 459 632 518 {retine
667 443 828 504 inertiae
861 443 1173 522 corrumpendum
1202 443 1317 513 dedit,
1353 444 1432 515 sed,
1465 454 1506 506 ut

214 564 287 606 nnius
315 544 438 622 geritis
466 542 573 603 iliius
600 552 670 612 est,
699 543 859 606 iaculari
887 548 1062 623 eqiritare
1094 564 1202 606 cursu
1232 565 1309 608 curu
1333 547 1502 626 aequali·

214 647 278 706 bus
307 652 472 715 certare,
503 654 538 704 et
570 663 647 705 eum
676 648 796 706 curuis
824 644 944 725 gioria
975 648 1155 715 anteiret,
1190 648 1361 710 omuibus
1393 668 1505 711 carus

214 750 322 818 esse’,
347 765 401 826 pro
425 766 475 814 eo,
505 746 584 827 qrtcri
608 754 651 806 et:
681 750 725 806 ‘ut
753 767 817 808 uros
844 750 939 827 gentis
967 749 1046 809 iiiius
1068 757 1122 818 est,
1151 749 1332 812 iaculabatur
1355 750 1505 831 equitabat

214 871 304 912 ιτιιιιιι
327 869 394 910 citur
424 848 597 929 aequalibus
625 847 775 918 certabat,
805 857 834 911 et
861 870 926 912 runt
956 853 1052 911 otrrnis
1078 850 1171 929 gioria
1199 853 1338 922 anteiret,
1367 852 1535 916 omuibusa

216 962 312 1013 tannen
336 971 424 1013 carus
447 954 531 1013 erat’

279 1073 442 1081 -,---

282 1126 298 1172 *2
322 1121 425 1171 iueuiari
452 1122 558 1183 equitari
585 1122 699 1183 equitare
724 1136 826 1170 rursum
854 1139 900 1170 eun
929 1123 1061 1185 equalibus
1087 1136 1182 1172 certare
1204 1135 1229 1173 et
1251 1141 1299 1174 eon
1323 1127 1406 1175 nuruis
1424 1126 1506 1191 gioria

215 1191 305 1242 amru
373 1192 508 1240 betrrsuur
527 1187 711 1252 conequulibus
763 1200 787 1238 et
805 1204 853 1238 corr
873 1191 955 1239 euntis
974 1191 1055 1254 glorier
1074 1189 1163 1240 ιιιΤῖιϊι

303 1363 392 1434 (tuem
416 1361 510 1421 nobi
528 1363 624 1421 iocum
648 1360 787 1420 Diomedi
801 1369 929 1437 praesto
947 1361 1060 1435 fuisse,
1089 1381 1157 1423 cum
1179 1381 1216 1423 cc
1237 1365 1401 1440 scribebut‚
1430 1381 1509 1439 ptrue

213 1487 245 1544 p.
270 1472 337 1534 311,
365 1472 383 1523 1
405 1480 466 1538 sep.
490 1465 530 1524 K.
552 1465 702 1538 loquutur,
726 1465 786 1522 ium
808 1464 878 1523 oiim
898 1472 967 1523 erut
988 1467 1176 1539 intellectura,
1200 1465 1243 1539 es.
1261 1468 1392 1527 Keiiium
1402 1466 1508 1543 prees.

214 1586 343 1645 prumm.
370 1567 432 1626 Lut.
457 1566 514 1626 uoi.
539 1566 616 1625 IIII
628 1583 663 1641 p.
687 1564 790 1625 XXII
807 1573 836 1624 et
856 1566 969 1626 scholio
994 1566 1161 1627 Berucusic
1183 1567 1292 1643 prees.
1313 1586 1345 1645 p.
1371 1575 1437 1644 727,
1462 1575 1508 1637 22,
1563 1644 1567 1649 ᾖ

218 1688 295 1748 pune
317 1669 437 1745 quidem
459 1670 604 1727 sententio
626 1668 804 1728 authenticis
828 1668 920 1728 Probi
944 1670 1043 1729 uerbis
1069 1672 1197 1746 repertis
1223 1672 1333 1746 optime
1351 1673 1510 1743 firmetur:

217 1791 287 1834 uum
311 1771 480 1832 Diomedem
500 1770 648 1844 pleraque
669 1786 710 1830 ex
733 1770 829 1830 Probo
850 1772 936 1830 mutio
953 1769 1025 1842 fere
1046 1773 1295 1831 transmutatione
1312 1771 1404 1845 suctu
1425 1778 1509 1833 trun-

218 1878 374 1951 scripsisse
395 1873 490 1933 uides.
536 1871 632 1947 Atque
653 1888 688 1932 eo
709 1874 776 1932 ioco
785 1889 935 1948 perquem
950 1874 1142 1932 memorabile
1157 1879 1209 1940 est,
1233 1876 1263 1932 iu
1280 1882 1348 1933 orte
1364 1874 1513 1935 [ternensi

214 1977 403 2056 proecedere
425 1975 569 2034 Comini
575 1977 642 2033 oni
660 1977 759 2034 locum
777 1992 810 2050 p.
838 1981 904 2047 171,
931 1981 968 2032 25
991 1975 1137 2034 Charisii:
1160 1974 1222 2033 iloc
1245 1974 1408 2042 scieruiunr,
1432 1975 1511 2055 quod

221 2088 339 2140 ueteres
362 2076 538 2137 intinitiuuur
562 2074 640 2153 (-iuo
662 2076 739 2152 coti.)
768 2095 823 2156 pro
851 2075 1009 2136 iudicatiuo
1037 2075 1209 2154 imperfecto
1239 2076 1303 2154 (pro
1332 2077 1512 2139 indicatione

220 2179 371 2261 impensu),
395 2185 427 2237 ut
451 2177 693 2238 cousinianus
715 2176 798 2237 dicit:
824 2178 993 2238 ‘Praeterea
1014 2176 1167 2239 dicebatur
1184 2213 1220 2220 —
1239 2181 1378 2257 cognosci
1393 2184 1512 2261 potest’,

221 2290 313 2359 utque
334 2282 419 2356 sequi
438 2280 569 2339 eiusdem
592 2281 761 2340 Cominium
781 2285 973 2356 excerptum:

307 2384 365 2443 Cur
395 2381 562 2440 inueuimus
590 2399 678 2461 saepe
707 2382 736 2439 iu
767 2379 916 2440 historicis
942 2379 1026 2440 libris
1053 2383 1168 2461 passiua
1197 2382 1338 2443 inituitiua
1363 2384 1391 2442 iu
1415 2401 1457 2451 er,
1481 2391 1515 2444 ut

224 2486 342 2564 ‘legier'
365 2483 539 2561 ‘mergier'i
583 2482 661 2550 ideo,
685 2482 763 2562 quoti
787 2483 885 2543 omnia
907 2482 1053 2543 infinitiua
1076 2485 1201 2563 passius,
1225 2504 1300 2565 qum
1324 2484 1411 2562 (quod
1433 2486 1514 2563 coti.)

224 2587 302 2669 apud
325 2605 380 2648 nos
401 2583 489 2646 hodie
512 2585 540 2644 iu
564 2586 573 2645 i
596 2580 846 2661 desiuuut'(diss-
867 2584 957 2663 coti),
981 2584 1059 2664 apud
1075 2596 1193 2647 ueteres
1215 2588 1243 2646 iu
1268 2606 1300 2646 er
1316 2586 1514 2647 terminaban-

224 2702 282 2759 tur,
307 2697 339 2750 ut
361 2688 601 2749 Geminianus
624 2686 711 2748 dicit:
733 2686 891 2748 ‘viantem
907 2722 950 2729 -
966 2685 1022 2765 legi
1038 2687 1146 2748 atrdiri'
1163 2717 1204 2738 =
1220 2690 1337 2749 bituris.
1348 2707 1383 2765 p.
1403 2696 1467 2763 175,
1488 2698 1514 2749 ἑ).

309 2792 388 2852 Huic
410 2791 523 2850 eddom
546 2792 639 2851 ulium
662 2791 755 2852 Probi
774 2793 870 2851 iocum
893 2806 933 2849 ee
954 2792 1064 2850 ortium
1087 2793 1231 2852 institutis
1252 2800 1442 2868 excerptum,
1466 2795 1519 2865 qui

224 2897 290 2956 coti.
317 2901 372 2953 123
389 2893 419 2967 s.
446 2888 478 2951 2ὑ
499 2898 587 2953 extnt
607 2894 706 2953 multis
733 2893 899 2953 nominibus
928 2895 1009 2953 edito
1030 2895 1206 2961 correctior,
1229 2902 1262 2953 ut
1283 2896 1432 2969 inteprum
1454 2896 1518 2954 eius

225 3001 410 3074 scripturum
429 3011 602 3072 proponere
623 3012 683 3056 nou
705 2996 879 3069 dubitarim,
899 3013 934 3072 p.
959 3000 1005 3063 19,
1029 3002 1066 3054 10
1086 2996 1133 3055 K:

312 3099 385 3158 uem
410 3095 571 3157 Probus:
596 3096 712 3157 trocaies
735 3103 804 3156 suut
826 3093 922 3157 littere
945 3114 1068 3157 numero
1092 3116 1109 3157 u
1133 3116 1187 3176 pro
1210 3117 1241 3155 su
1265 3097 1455 3175 proteruntur
1479 3095 1515 3156 ll

227 3197 406 3261 utrocabuio
429 3217 483 3258 suo
507 3204 538 3259 ut
560 3206 630 3277 pute
648 3196 686 3260 13
709 3199 871 3259 miscentur
894 3196 1037 3258 efficiatur
1060 3207 1092 3257 ut
1115 3197 1212 3278 [irrita]
1237 3218 1285 3258 ue.
1300 3246 1307 3258 .
1322 3201 1407 3259 .u.io
1429 3199 1458 3258 iu
1481 3217 1518 3258 ita

231 3322 268 3363 ue
292 3322 327 3362 oe
349 3319 386 3360 au
410 3301 439 3359 ui
463 3309 492 3360 et
514 3308 613 3360 cetera
660 3296 699 3359 14
721 3299 923 3384 earuuritlest
946 3298 1092 3359 uocaiiunt
1115 3307 1184 3359 tuuc
1207 3300 1295 3378 (queue
1316 3303 1415 3361 medio
1436 3309 1516 3376 suut,

228 3408 295 3467 coti.
319 3406 424 3480 omisit}
477 3397 516 3463 15
540 3408 570 3461 ut
592 3403 663 3460 iuuo
687 3400 792 3480 uulgus
814 3400 863 3462 uel
886 3401 1004 3479 qtrautie
1056 3398 1094 3461 16
1118 3399 1270 3461 bucalibus
1293 3420 1349 3463 om.
1395 3403 1518 3479 iungan-

231 3515 279 3566 tur
302 3514 335 3567 ut
357 3506 432 3566 uatis
455 3500 577 3564 uec¹¹urs
623 3501 661 3565 18
683 3504 761 3563 iuter
783 3522 816 3564 se
831 3502 951 3564 uocales
966 3504 1060 3583 accipi
1075 3502 1203 3563 debcant
1251 3500 1287 3564 lb
1309 3503 1448 3574 Oueritur
1464 3503 1520 3563 huc

232 3625 388 3670 monemus
430 3603 473 3666 ab
494 3607 637 3686 praeponi
659 3604 814 3666 subiuncte
837 3613 870 3664 et·
887 3605 951 3685 ipse
972 3604 1090 3666 uocales
1113 3605 1250 3667 uidentur
1274 3615 1305 3667 ut
1327 3613 1396 3685 pute
1419 3607 1521 3665 iuncto

232 3711 298 3770 icco
329 3709 519 3773 consonantis
549 3715 578 3767 et
605 3726 682 3768 u...
711 3706 777 3767 ioco
806 3707 918 3769 uocalis
945 3709 1088 3786 accipitur
1117 3716 1148 3768 ut
1172 3708 1233 3769 itui.
1279 3708 1352 3768 iteur
1375 3707 1426 3767 Ιιιιί
1450 3715 1520 3767 tunc

235 3814 336 3890 ittitpte
364 3828 443 3871 nunc
473 3826 491 3869 u
501 3855 697 3870 ..........
732 3809 937 3871 consideratur
959 3841 966 3854 ·
988 3811 1031 3869 sic
1065 3818 1109 3869 est
1142 3812 1220 3870 iuxta
1254 3819 1369 3871 ceteras
1401 3807 1520 3869 uocales

232 3913 304 3974 uiias
327 3915 336 3971 i
360 3921 389 3973 et
411 3930 429 3971 u
453 3910 486 3971 iit
493 3957 627 3972 .......
654 3919 878 3991 praeponuntur
907 3918 939 3972 ut
961 3912 991 3972 ui
1012 3914 1237 3972 consonantium
1262 3911 1365 3972 haberi
1388 3910 1518 3972 iudicau-

232 4027 281 4075 tur
304 4017 328 4076 si
352 4031 424 4074 uere
447 4013 577 4074 subiecta
606 4054 762 4074 ........
770 4031 806 4073 co
827 4013 987 4091 tinguntur.

800 4247 882 4313 Cur.
905 4247 950 4312 ΙΙ.

255 4385 312 4448 bn
338 4382 465 4449 PROBI
489 4382 705 4448 NOTARVM
728 4381 886 4450 comcs
910 4382 1129 4460 Bnltuuusl
1154 4383 1505 4450 MAROANOVANO.

319 4543 458 4602 Codicum
483 4543 738 4603 oloreuuouuuue
759 4545 909 4621 spiiopue,
933 4549 1077 4618 quotquot
1098 4547 1220 4614 extent,
1245 4544 1374 4602 omnium
1395 4551 1424 4601 et
1445 4546 1522 4604 unti-

235 4647 404 4718 quissimum
436 4654 465 4703 ct
498 4648 641 4720 optimum
673 4663 735 4705 csse
763 4646 945 4705 Beruercsem
967 4645 997 4703 B
1021 4653 1060 4703 12
1087 4661 1154 4703 cum
1183 4643 1367 4704 riittmmseoo
1399 4656 1524 4705 uectore

237 4748 367 4805 Grrtrrun.
385 4747 452 4806 Lot.
470 4748 520 4806 IV
531 4763 564 4822 p.
584 4753 648 4806 tou.
669 4753 725 4804 270
747 4750 824 4805 iuter
840 4749 921 4807 turos
944 4748 1047 4806 doctos
1068 4753 1194 4818 constet,
1220 4764 1278 4805 rictu
1302 4749 1405 4806 inutile
1428 4750 1523 4806 uisum
