3420 5378
679 1173 824 1256 XH.

488 1390 566 1472 DE
587 1390 805 1474 ALOVIN
806 1392 828 1473 I
850 1391 1012 1474 ARTE.

191 1799 346 1862 Aicuini
372 1809 468 1862 ortem
495 1806 726 1877 premmutieum
748 1819 929 1878 quemquern
952 1803 1102 1862 Henrieus
1121 1803 1236 1862 Keilius
1257 1818 1311 1861 suo
1333 1803 1399 1860 iure

107 1920 127 1962 o
160 1920 241 1964 nouo
270 1907 539 1978 prnmnuticorum
568 1905 743 1966 Latinorruu
774 1906 906 1965 editione
919 1915 922 1925 ⁴
937 1904 1149 1964 secludendum
1179 1920 1242 1963 esse
1273 1906 1396 1976 censuit,

107 2007 219 2081 quippe
252 2023 331 2081 quone
357 2014 486 2082 praeter
516 2010 678 2066 sententies
702 2009 854 2083 pauentes
884 2004 1043 2066 uiuidioris
1071 2006 1280 2081 descriptionis
1306 2021 1400 2066 conso

102 2109 217 2183 possim
240 2110 433 2183 interpositus
455 2109 530 2167 niltil
549 2107 619 2180 fere
640 2112 713 2169 noui
732 2112 869 2184 seituque
891 2111 980 2182 etipni
999 2107 1140 2181 noserot,
1170 2110 1256 2182 quie,
1281 2125 1347 2168 cunr
1369 2111 1400 2167 t'n

107 2208 242 2269 Putsoitii
266 2210 397 2269 editione
424 2212 576 2270 nonnuliis
602 2214 684 2271 uitiis
704 2213 880 2285 lacunisque
901 2211 1070 2282 laboraret,
1103 2210 1217 2269 codicis
1240 2209 1401 2269 Beruensis

110 2317 165 2369 123
186 2327 264 2371 suec.
288 2311 321 2370 X
342 2313 461 2371 auxilio
489 2312 539 2371 iric
566 2314 627 2372 illie
654 2315 886 2373 orrosuntioren
914 2314 1006 2372 recidi
1024 2329 1114 2388 posse
1136 2314 1216 2386 uidi,
1243 2310 1343 2385 suoiie
1362 2313 1401 2370 nb

107 2415 209 2472 animo
229 2429 294 2472 meo
316 2415 485 2488 inpetroui,
515 2420 548 2473 ut
569 2416 633 2474 eius
654 2418 836 2489 quaestionis
854 2414 978 2486 fruetus
999 2418 1116 2490 aliquos
1137 2416 1244 2475 lectori
1263 2412 1401 2473 tertinulo

105 2531 316 2590 proponerem.

192 2616 258 2676 lum
281 2618 363 2691 quod
384 2619 427 2677 uti
447 2635 497 2677 eos
517 2619 600 2678 locos
621 2622 736 2692 attinet,
762 2636 835 2694 quos
850 2620 1009 2679 Putseirt'us
1031 2621 1096 2694 ipse
1110 2621 1159 2678 uel
1171 2619 1301 2676 iocunoe
1315 2621 1401 2692 sipno

108 2721 158 2779 uei
178 2722 321 2779 asterisco
344 2723 476 2796 notauit,
500 2736 601 2795 poene
623 2737 721 2780 omnes
744 2723 774 2780 in
797 2720 949 2794 intepruur
968 2720 1104 2792 sumam
1127 2722 1246 2778 restitui
1261 2727 1398 2794 possunt.

108 2819 187 2880 Nom
197 2837 232 2895 p.
251 2829 339 2898 2078,
357 2830 395 2880 34
405 2829 491 2897 post:
514 2821 560 2881 ³1).
584 2822 635 2882 Est
657 2824 750 2890 uere',
774 2826 875 2882 stetim
898 2824 974 2881 hoec
995 2821 1029 2880 e'n
1050 2821 1117 2880 eod.
1137 2821 1227 2879 Bern.
1243 2829 1401 2881 secuntur:

108 2921 147 2982 Μ.
170 2921 272 2983 Nonne
296 2922 407 3001 absque
431 2925 545 2983 ratione
568 2932 613 2984 est
635 2926 762 2983 animam
786 2924 899 3003 absque
916 2924 993 3001 (eod.
1011 2908 1106 2983 anima
1123 2921 1274 3003 malisque)
1292 2922 1400 2981 decore

112 3032 142 3083 et
164 3024 305 3102 dignitate
328 3042 380 3084 sua
404 3042 468 3084 esse
491 3034 675 3104 perpetuam.
720 3025 752 3086 Ι).
777 3025 969 3106 Consequens
991 3033 1047 3086 ete.

193 3146 221 3205 p.
244 3122 342 3194 2098,
369 3123 409 3187 10
429 3129 496 3187 coti.
522 3127 616 3188 Bern.
639 3129 745 3188 hubo:
771 3128 856 3188 ‘Noni
880 3129 909 3188 in
934 3131 1028 3207 primu
1051 3127 1247 3188 declinatione
1269 3126 1326 3204 geri
1349 3126 1403 3188 dni

108 3227 184 3308 sinfi’
206 3231 289 3289 nulio
310 3232 442 3289 ioeunue
462 3227 551 3304 sipno
572 3232 734 3298 otinototo;
757 3248 853 3304 neque
870 3238 914 3289 est
926 3230 1078 3305 profecto,
1101 3229 1135 3288 iti
1147 3231 1230 3303 quoti
1244 3229 1401 3292 Putseirius

109 3333 218 3405 uoluit,
248 3333 360 3391 itteuno
386 3333 564 3402 statuendu-
592 3331 751 3405 tepentium
778 3339 822 3392 est
848 3335 1005 3392 nimirum:
1034 3335 1113 3390 ‘narn
1141 3332 1169 3389 in
1193 3332 1287 3409 prima
1310 3331 1400 3392 dosii-

111 3433 230 3493 natione
252 3434 408 3509 genetiuus
430 3443 461 3493 et
482 3433 599 3494 datiuus
621 3432 780 3510 singularis
802 3450 859 3493 una
883 3437 968 3493 uooe’
993 3441 1049 3494 eto.

196 3552 224 3612 p.
247 3530 347 3602 2128,
372 3531 411 3594 12
433 3539 464 3595 in
486 3536 590 3596 codiee
612 3535 706 3595 Bern.
730 3534 859 3609 tepitur:
883 3537 928 3595 ‘nt
949 3536 994 3595 ios
1016 3534 1126 3596 ditione
1151 3533 1242 3603 tabo',
1265 3542 1356 3594 reete.

196 3656 224 3713 p.
247 3633 348 3715 2142,
372 3634 406 3696 t:
436 3637 508 3696 ‘Con
538 3637 648 3715 pariter
675 3638 821 3714 significat
844 3646 875 3696 ut
898 3654 1006 3706 coneo,
1036 3648 1066 3697 et
1088 3637 1153 3698 loeo
1177 3656 1243 3697 cunr
1267 3638 1400 3717 proposi-

111 3742 191 3800 tione
214 3741 355 3819 ponitur’,
376 3756 435 3813 pro
458 3739 563 3812 quibus
584 3741 757 3813 tepentium:
780 3740 823 3798 ‘et
844 3738 909 3798 loeo
925 3758 992 3799 curn
1010 3741 1235 3819 praepositionis
1258 3740 1399 3816 ponitur?

196 3842 360 3901 Praetereo
381 3841 457 3900 hoec
479 3847 644 3900 memoratu
666 3842 761 3914 dipna
783 3840 1006 3917 excerpsimus:

195 3960 223 4020 p.
247 3939 344 4011 2075,
370 3942 385 4002 1
409 3941 578 4001 audiuimus
599 3950 628 4001 te
650 3924 819 4002 deotissime
890 3940 909 4002 3
931 3945 1062 4003 omnium
1086 3952 1165 4001 esset
1234 3940 1254 4003 6
1277 3942 1401 4002 diuieias

110 4045 204 4107 seculi
286 4041 325 4105 10
347 4044 424 4121 qnod
451 4052 529 4104 esset
606 4040 647 4103 36
670 4044 718 4122 qui
742 4043 823 4103 solus
846 4046 954 4104 exierit
1032 4039 1131 4112 2076,
1154 4041 1174 4104 6
1198 4043 1400 4103 tantummodo

110 4157 233 4229 propter
255 4165 355 4207 rerum
378 4148 550 4215 scientium,
574 4153 697 4225 propter
719 4148 878 4225 puritatem
944 4142 964 4205 9
987 4155 1018 4206 et
1040 4165 1097 4206 non

196 4268 222 4329 p.
244 4246 337 4317 2077,
362 4245 379 4307 7
403 4247 570 4308 huiusmodi
593 4250 723 4308 rationes
747 4248 838 4307 irenis
861 4248 1025 4308 animarum
1047 4266 1154 4308 currus
1177 4248 1309 4308 coerceri
1360 4244 1401 4308 25

110 4354 226 4434 petitis,
249 4359 330 4412 recte
393 4347 435 4410 34
456 4351 575 4409 aestatis
597 4352 648 4425 qiri
671 4358 767 4410 tomen
833 4347 875 4410 38
899 4359 929 4408 et
951 4368 1037 4430 quan]
1061 4368 1149 4426 saepo

195 4474 223 4533 p.
241 4449 334 4520 2078,
354 4450 392 4511 12
408 4453 512 4512 rnoiins
529 4453 609 4519 nitet,
633 4455 692 4526 lep.
710 4454 814 4517 nitent,
838 4453 921 4526 quod
933 4455 1025 4511 multo
1043 4455 1142 4528 aptius
1164 4468 1253 4525 quern
1276 4453 1400 4511 ‘ditent'

112 4555 250 4619 Putselu‘n'
313 4552 452 4633 25110011
477 4562 545 4613 snut
566 4555 681 4612 animae
704 4563 877 4612 ornamento
901 4562 1054 4631 perpetua.
1131 4550 1169 4612 27
1193 4552 1313 4613 studere
1336 4571 1401 4613 surr·

112 4660 167 4720 deo
245 4655 288 4719 30
309 4658 433 4717 scientia
462 4657 567 4715 transit
644 4653 686 4714 42
712 4654 854 4734 perdurat
931 4652 973 4715 45
1002 4653 1071 4715 dum
1101 4656 1272 4734 sapientium
1302 4672 1400 4713 emero

112 4760 186 4822 nihii
209 4768 306 4841 potest

187 4877 284 4919 (iun.
297 4885 350 4917 ur.
367 4877 449 4918 Soror„
1187 4873 1200 4908 r
