3420 5378
453 279 745 335 ou'ruouuururs
765 281 1033 334 urustuuuums.
1328 278 1390 343 297

97 469 176 549 quoti
199 479 244 531 est
266 469 426 530 ‘cohibeo'.
471 471 644 530 iuniores
666 479 764 530 autem
792 469 870 544 idem
899 471 982 532 ‘cio’
1006 488 1058 550 ρετ
1081 469 1153 530 ‘od'
1177 468 1394 548 componebant

49 635 55 646 ,
97 573 163 634 loco
184 572 202 633 tl
227 593 243 633 c
271 579 415 651 ponentes
444 578 472 632 et
501 571 633 632 tlieeutes
662 574 790 642 ‘occi0’,
823 571 901 633 untic
930 574 987 651 ipsi
1015 590 1133 652 quoque
1160 570 1239 633 aliud
1267 569 1393 631 uerbum

97 674 312 735 tleriuuueruot
339 678 497 734 ‘accerso'
526 674 632 734 tertiae
660 674 877 752 coniugatiouis
907 675 953 735 uel
983 676 1153 735 ‘accersio’
1177 681 1299 751 quartae
1321 691 1393 733 con-

96 776 271 854 rogationis,
296 775 375 836 uotle
397 775 560 837 secuudum
584 775 720 853 antiquos
743 779 884 837 ‘arcesso’
907 778 1026 844 tertiae,
1055 777 1188 837 iuniores
1210 782 1308 836 autem
1332 777 1393 835 ‘oc-

71 883 195 939 ccerso’
218 879 323 938 tertiae
347 879 394 938 uel
418 879 572 939 ‘accersio'
597 886 719 956 quartae
741 878 902 938 inuenitur.

339 1114 376 1187 Ο.
413 1113 788 1187 ORTHOGRAPHIA
813 1113 1149 1189 EINSIDLENSIS.

184 1369 319 1451 ‘Scripsi’
349 1377 508 1450 propterea
536 1389 590 1450 per
618 1390 637 1449 p
665 1367 814 1439 scribitur,
843 1372 912 1448 quia
941 1368 1017 1449 opud
1048 1370 1179 1431 Graecos
1206 1389 1224 1449 p
1248 1376 1313 1430 ets
1337 1387 1393 1430 utto

98 1472 197 1534 littero
221 1480 280 1544 est,
305 1490 393 1552 quoru
417 1479 581 1547 uocantur.

62 1587 85 1625 ¹⁰
184 1573 347 1637 ‘Assiduus'
372 1576 547 1635 ‘assecutus’
571 1575 709 1634 ‘assatus’
734 1592 787 1652 ρετ
809 1573 883 1634 duas
905 1593 927 1634 s.

183 1679 352 1754 ‘riggestus’
370 1677 545 1754 ‘suggestio'
563 1674 806 1752 ‘suggerendum'
824 1673 985 1754 ‘suggillat'
1002 1675 1193 1754 ‘suggillatio'
1211 1693 1265 1755 ρετ
1280 1674 1354 1735 duos
1365 1692 1393 1752 g.

184 1778 316 1839 ‘Annuit’
341 1777 471 1838 ‘iuuuit'
497 1777 674 1837 ‘innocens’
699 1778 843 1836 ‘anuum'
869 1776 1036 1839 ‘annualis'
1062 1778 1315 1837 ‘anniuersarius’
1340 1793 1395 1854 per

101 1881 174 1941 duas
198 1899 227 1940 n.

185 1980 300 2041 ‘immo'
327 1979 495 2059 ‘impeutlit’
519 1978 665 2061 †‘immo'
690 1981 848 2059 ‘impietas'
873 1999 927 2059 per
950 1999 989 2040 m.

60 2093 86 2133 1⁵
185 2081 414 2143 ‘Aceuutulotus'
444 2083 593 2143 ‘occessit'
624 2083 760 2162 ‘occepit’
792 2085 932 2143 ‘accusat'
957 2080 1088 2142 ‘occidit’
1113 2081 1253 2142 ‘occasio’
1278 2084 1395 2141 ‘oecur-

98 2184 148 2244 rit’
173 2187 321 2261 ‘occupat'
346 2203 399 2262 per
422 2184 494 2244 tluos
517 2202 543 2243 c.

185 2285 291 2364 ‘ilputl’
317 2283 412 2346 ‘illutl'
437 2284 540 2346 ‘aliud'
566 2283 700 2363 ‘aliquid’
724 2303 778 2364 per
802 2285 830 2345 tl.

109 2380 113 2387 ’
185 2386 301 2466 ‘Caput'
326 2388 445 2466 ‘iuquit’
470 2389 580 2465 ‘atque’
605 2404 659 2466 per
682 2396 707 2456 t,
731 2404 791 2448 nou
813 2404 867 2467 ρετ
890 2386 918 2446 tl.

185 2487 285 2557 ‘Quot’
311 2491 375 2548 ‘tot’
400 2490 425 2548 si
448 2488 485 2549 tle
508 2506 635 2550 numero
656 2489 761 2558 luerit,
785 2507 839 2568 ρετ
863 2497 875 2549 t
896 2488 1047 2549 scribitur.

61 2601 87 2640 τ)
185 2588 300 2668 ‘igitur'
325 2589 397 2650 ‘iiio'
422 2589 512 2650 ‘ilico’
537 2592 660 2671 ‘itaque'
684 2592 804 2670 ‘imago’
829 2592 944 2651 ‘icona’
970 2591 1135 2651 ‘imitatur’
1161 2591 1313 2652 ‘initium’
1338 2591 1394 2650 ‘iu·
1498 2582 1502 2588 ’

100 2690 292 2753 maculatum’
317 2692 458 2753 ‘irritum’
483 2710 538 2771 ρετ
559 2694 569 2752 1
592 2692 720 2754 litterum
744 2692 894 2757 scribitur.

186 2793 300 2854 ‘Error’
325 2796 491 2870 ‘arrogans'
516 2795 704 2872 ‘corripiens’
729 2797 910 2874 ‘corruptus’
935 2792 1092 2872 ‘corrigit'
1117 2794 1252 2853 ‘corruit'
1272 2783 1393 2872 '‘garrit’

102 2898 227 2956 ‘uorrat'
252 2896 366 2973 ‘porro’
391 2893 563 2974 ‘parricida'
588 2913 643 2974 per
665 2896 738 2957 riuos
760 2916 786 2957 r.

187 2995 313 3056 ‘Ollerit’
338 2994 484 3055 ‘olieutlit’
509 2996 662 3056 ‘officium’
687 2997 814 3057 ‘cilicet'
839 3015 894 3075 por
917 2996 990 3058 duas
1012 2996 1033 3057 i.

61 3108 88 3150 25
187 3097 384 3177 ‘imperator'
409 3099 513 3157 ‘octor’
538 3098 711 3159 ‘tlelcus'or'
735 3101 945 3182 ‘procurator’
971 3101 1219 3178 ‘conpagiuotor’
1244 3097 1394 3159 ‘bellator'

100 3199 284 3281 ‘proeliator'
310 3201 495 3259 ‘accusator’
520 3202 762 3280 ‘praesumptor’
788 3198 994 3262 ‘uulnerator'
1019 3203 1204 3280 ‘protector'
1229 3199 1417 3262 ‘salutator'

102 3320 156 3382 per
180 3312 226 3362 tor
248 3299 388 3381 syllabam
412 3299 614 3363 scribentium.

187 3403 300 3482 ‘Opes'
331 3402 455 3482 ‘dapes'
486 3406 606 3464 ‘renes’
644 3405 768 3484 ‘penes'
800 3404 897 3464 ‘dies'
928 3406 1039 3465 ‘acies'
1072 3404 1216 3483 ‘glacies’
1248 3405 1394 3466 ‘macies'

103 3537 330 3547 --ια

264 3600 274 3627 τ
349 3592 369 3626 te

169 3641 185 3688 4
202 3641 312 3702 oceeisio
331 3639 383 3689 llll.
407 3642 471 3692 Post
487 3640 616 3689 inuenitur
632 3641 696 3691 ltaee
713 3642 804 3692 addito
820 3650 890 3692 erint:
912 3641 1062 3707 Exemplum
1081 3642 1112 3691 tic
1130 3642 1236 3692 suadeo.
1261 3640 1397 3691 Ouitliuo

103 3709 401 3774 metamorphoseos
420 3711 449 3758 iu
468 3707 551 3756 libro
569 3708 677 3757 Vlll¹¹⁰
695 3708 729 3772 (u.
748 3711 807 3774 ⁹0):
825 3709 937 3760 Suasit
953 3725 1036 3760 umor
1054 3709 1196 3773 lucinus,
1214 3708 1321 3775 proles
1339 3723 1396 3773 ego

103 3776 191 3840 regio
210 3774 280 3825 Nisi
298 3775 406 3827 Sciiiu.

172 3843 234 3894 Coti.
255 3844 366 3896 Eiurirll.
386 3847 437 3895 281
454 3859 522 3894 socr.
534 3843 578 3893 IX
596 3861 622 3909 p.
636 3849 672 3896 53
683 3860 737 3911 req.
807 3848 931 3910 tgreeos
1003 3848 1033 3895 10
1051 3845 1190 3910 suggessio
1243 3842 1397 3909 ouggellutio

104 3913 135 3961 14
153 3911 326 3962 uceomoltttus
396 3914 427 3963 18
445 3913 545 3960 uumiro
616 3915 646 3965 to
664 3912 706 3962 illo
758 3913 801 3962 ilio
818 3930 887 3967 corr.
901 3913 931 3964 P.
948 3913 1034 3962 Gallus
1046 3914 1170 3963 Moreliuo
1222 3913 1309 3977 igouu,
1327 3926 1396 3961 corr.

102 3979 229 4030 Morelt'us
297 3982 331 4030 20
349 3995 394 4046 ρετ
411 3982 419 4028 i
437 3980 509 4029 litem
577 3982 610 4031 23
628 3980 722 4030 oilleux
790 3983 823 4031 26
842 3996 888 4047 ρετ
906 3992 944 4030 tor
963 3980 1105 4046 psyllabttm
1277 4011 1294 4040 .

104 4165 332 4202 sturtrruurueo.

171 4219 187 4267 6
207 4219 245 4281 Cf.
263 4218 377 4282 ortlopr.
397 4220 454 4268 eod.
474 4218 555 4268 Beru.
574 4221 713 4270 trenaee.
735 4219 760 4267 Χ
776 4221 798 4279 s.
813 4219 1026 4280 llll-saw
1044 4235 1060 4267 a
1078 4219 1111 4268 ob
1124 4218 1241 4269 Vreucro
1259 4219 1320 4268 edit.
1331 4217 1397 4267 Mus.

104 4286 183 4336 Rieu
204 4285 291 4335 XXII
308 4301 334 4348 p.
354 4288 414 4335 m:
434 4286 534 4352 Religio
548 4287 701 4336 -diuiuum
771 4290 786 4337 'l
806 4285 925 4351 Ortltopr.
940 4287 1017 4339 Vecu.
1028 4302 1054 4350 p.
1064 4288 1115 4336 417
1121 4301 1128 4334 :
1147 4285 1246 4352 Scripsi
1264 4295 1398 4351 proptereo

103 4369 150 4419 per
167 4368 185 4419 p
204 4364 229 4402 et
246 4370 258 4403 s
278 4354 446 4402 scribitur-
464 4368 541 4416 quom
560 4365 652 4405 uocant
671 4357 720 4420 psi.
791 4358 806 4406 s
826 4353 944 4419 Ortiopr.
962 4354 1038 4406 Vero.
1056 4371 1082 4419 p.
1096 4357 1160 4406 m:
1182 4353 1309 4403 Assiduus
1326 4368 1398 4402 osse·

103 4432 177 4470 cutus
197 4437 241 4486 per
259 4422 323 4470 tltttts
342 4436 370 4470 os
388 4421 560 4480 scribentium,
580 4437 610 4470 ue
629 4424 787 4488 praepositio
807 4423 902 4470 uomini
920 4423 1099 4487 coniungatur.
1118 4422 1175 4471 ideo
1188 4430 1213 4470 et
1224 4418 1398 4469 accumulatus

104 4504 149 4555 ρετ
171 4490 237 4539 riuos
255 4503 282 4537 ce
300 4500 325 4538 et
342 4497 468 4554 aggestus
490 4505 536 4554 per
559 4488 623 4539 duos
641 4506 687 4555 gg.
706 4492 744 4541 sic
762 4492 786 4539 iu
810 4491 946 4543 similibus.
966 4501 990 4539 et
1007 4491 1162 4540 ammonitus
1185 4504 1231 4554 per
1248 4488 1313 4538 tluoo
1331 4502 1356 4535 m
1375 4496 1399 4537 et

104 4557 194 4605 minuit
211 4572 256 4622 per
274 4557 339 4608 duos
358 4573 382 4609 n.
452 4559 483 4608 13
502 4555 621 4621 Ortltopr.
635 4559 712 4610 Voen.
730 4575 756 4623 p.
771 4562 833 4608 417:
847 4558 961 4622 lmpetlit
979 4559 1102 4623 impendit
1119 4573 1165 4622 per
1183 4572 1206 4605 m
1226 4555 1397 4616 scribendum,

105 4640 136 4673 ue
154 4625 177 4673 si
194 4625 220 4672 iu
240 4637 359 4690 portatur,
378 4624 494 4674 similiter
512 4636 537 4674 et
554 4625 579 4672 iu
597 4626 755 4691 praepositio
767 4628 863 4676 uomiui
877 4627 1017 4691 copuletur.
1035 4627 1095 4676 ideo
1107 4637 1132 4674 et
1144 4626 1242 4675 irritum
1256 4639 1300 4689 per
1312 4623 1364 4673 tluo
1377 4638 1398 4676 r.

106 4693 137 4741 16
156 4691 275 4757 Ortltopr.
298 4696 376 4744 Vcen.
392 4709 420 4757 p.
440 4694 505 4743 m:
532 4692 608 4757 spurt
625 4694 694 4743 istud
712 4694 786 4747 illud:
815 4695 903 4744 omuio
922 4694 984 4743 buce
1002 4709 1048 4758 per
1064 4695 1094 4751 d;
1123 4703 1202 4758 eaput
1217 4692 1300 4754 iuquit
1317 4705 1363 4757 per
1380 4699 1398 4739 t.

107 4761 138 4808 17
157 4759 276 4825 Orthopr.
301 4763 378 4815 Vrec.
394 4778 422 4826 ρ.
441 4764 503 4811 m:
527 4760 612 4823 Atque
629 4777 675 4828 per
691 4771 701 4811 t
719 4777 769 4811 nou
788 4778 834 4829 per
852 4763 882 4819 d;
901 4763 938 4812 sie
956 4772 981 4811 et
997 4762 1022 4811 iu
1042 4762 1155 4825 reliquis.
