3420 5378
781 1287 994 1366 VIIII.

240 1515 672 1615 COMMENTVM
704 1518 1060 1617 EINSIDLEN
1065 1517 1139 1616 SE
1171 1517 1248 1613 IN
1276 1515 1535 1616 DONATI

590 1687 824 1785 ARTEM
849 1687 1179 1787 MAIOREM.

292 2136 308 2169 θ

754 2252 757 2257 .
794 2199 842 2260 DE
872 2197 980 2260 VOCE.

328 2312 340 2397 ll
358 2335 387 2395 p.
407 2313 466 2377 138
483 2315 560 2378 nied.
577 2312 590 2394 ll
620 2316 785 2377 Locuturus
807 2318 938 2379 Donatus
960 2316 996 2376 dc
1017 2318 1210 2395 grammatica
1232 2315 1432 2395 disputatione
1459 2314 1535 2376 bene

240 2416 394 2479 incohauit
415 2437 431 2478 a
454 2437 542 2490 uoce,
573 2423 641 2497 quia
670 2437 725 2478 uox
755 2429 801 2479 est
827 2418 1051 2480 tundamentum
1080 2421 1211 2480 omnium
1240 2419 1357 2478 artium.
1402 2417 1475 2478 Nam
1498 2417 1535 2478 dc

240 2536 317 2580 uoce
338 2518 504 2581 formantur
527 2522 658 2590 litterae,
683 2540 717 2580 ex
741 2521 851 2581 litteris
873 2520 1002 2600 syllabae
1025 2528 1055 2580 et
1077 2540 1113 2581 ea
1129 2518 1248 2599 syllabis
1263 2526 1364 2598 partes
1379 2529 1409 2579 ct
1424 2527 1535 2580 cetera.

241 2620 402 2681 Sciendum
425 2630 523 2683 autern
546 2621 596 2682 xv
618 2623 805 2683 definitiones
828 2640 890 2681 csse
914 2620 991 2701 apud
1015 2622 1165 2690 rhetores,
1189 2618 1349 2699 exquibus
1370 2619 1445 2680 duae
1467 2629 1536 2681 suut

215 2721 437 2802 aprincipalcs,
466 2722 650 2785 substantiae
679 2723 821 2784 uidelicet
843 2732 873 2784 et
894 2723 1106 2791 accidentium,
1134 2740 1208 2801 quas
1236 2722 1338 2782 ambas
1365 2720 1413 2781 bic
1442 2725 1536 2800 tangit

243 2822 382 2884 Donatus.
425 2826 497 2885 Cum
527 2828 606 2886 enim
636 2826 723 2885 dicit:
753 2827 829 2885 ‘uox
851 2833 897 2884 est
918 2842 970 2884 aer
991 2824 1093 2891 ictus’‚
1123 2824 1326 2884 definitionem
1354 2822 1535 2884 substantiae

242 2925 381 2986 ostendit.
427 2925 463 2985 Et
485 2927 514 2985 iu
540 2924 594 2986 bac
616 2928 711 3006 prima
734 2926 905 2986 delinitione
921 2925 979 2986 duo
996 2924 1174 3003 requirenda
1190 2934 1273 2994 sunt,
1298 2924 1536 2986 uidclicctccur·

242 3028 344 3087 munic
367 3035 396 3087 et
418 3030 593 3107 proprietas,
639 3029 885 3089 communionem
908 3044 1035 3107 namque
1064 3027 1153 3087 babet
1181 3044 1237 3086 uox
1260 3044 1326 3087 cum
1350 3025 1457 3087 litteris
1478 3027 1537 3107 syl·

242 3125 317 3188 labis
346 3128 529 3209 pedibusque
560 3148 593 3190 ac
622 3129 745 3209 reliquis
772 3127 907 3208 partibus
928 3131 959 3189 in
983 3146 1033 3195 co.
1058 3127 1136 3207 quod
1160 3127 1279 3188 dicitur:
1318 3129 1393 3187 ‘trux
1416 3136 1462 3188 est
1484 3146 1536 3188 acr

205 3246 230 3286 ιο
243 3231 343 3291 ictus'.
389 3229 462 3291 Nam
491 3233 610 3291 nomina
640 3230 751 3291 litteras
780 3229 964 3312 syllabasque
995 3230 1181 3310 proterentes
1214 3246 1312 3290 aerem
1343 3230 1535 3308 percutimus.

243 3328 413 3415 Proprietalq
432 3329 493 3394 139
509 3332 584 3415 illem
599 3333 629 3391 in
645 3351 695 3401 eo,
719 3332 798 3410 quod
815 3331 970 3411 subiungit
985 3331 1172 3401 ‘sensibilis'‚
1189 3329 1292 3391 auditu
1307 3339 1421 3391 tautum
1436 3330 1535 3402 modo,

244 3450 302 3493 ncn
325 3435 406 3503 uisu,
430 3436 508 3495 sicut
530 3432 637 3495 littera.
683 3433 824 3505 Quamuis
848 3436 926 3495 enirn
949 3435 1065 3494 litterae
1081 3442 1110 3493 et
1125 3442 1224 3513 partes
1245 3430 1412 3500 audiantur,
1435 3442 1535 3493 tamen

243 3533 383 3595 uidentur
412 3546 441 3594 et
468 3538 548 3613 tangi
578 3543 702 3614 possunt
728 3538 758 3597 in
786 3536 874 3598 libro.
920 3536 993 3597 Cum
1022 3554 1093 3595 uero
1122 3534 1194 3595 dicit
1221 3532 1385 3594 ‘sensibilis
1407 3532 1536 3603 auditu’‚

243 3634 441 3696 accidentium
465 3636 667 3698 definitionem
689 3639 794 3714 tangit
840 3637 952 3698 Accidit
975 3638 1053 3697 enim
1078 3655 1135 3696 uox
1151 3636 1272 3696 auditui.
1311 3633 1448 3715 Quinque
1468 3645 1538 3697 suut

207 3752 232 3792 rs
244 3738 380 3814 corporis
408 3756 523 3798 seusus:
555 3741 636 3799 uisus
663 3739 781 3799 auditus
808 3748 911 3816 gustus
939 3737 1078 3798 odoratus
1107 3746 1136 3799 ct
1157 3745 1269 3808 tactus,
1298 3738 1348 3814 qui
1377 3755 1412 3796 ex
1440 3754 1472 3797 se
1499 3737 1537 3798 dc

243 3837 370 3898 cerebro
385 3857 439 3917 per
454 3839 565 3900 llstulas
588 3840 623 3898 ad
647 3858 700 3901 cor
715 3840 900 3901 descendunt
914 3849 945 3901 et
960 3858 1034 3900 uuus
1049 3842 1175 3919 quisque
1197 3838 1317 3900 illorum
1339 3856 1424 3899 strum
1447 3836 1537 3900 habet

242 3938 390 4000 accidens.
435 3941 508 4000 Nam
537 3942 632 4001 oculis
659 3941 769 4002 accidit
798 3943 879 4001 uisus
907 3949 937 4001 et
963 3939 1066 4001 oculus
1094 3941 1184 4007 uisui,
1214 3940 1331 4002 auditus
1358 3938 1480 4001 auribus
1507 3949 1538 4002 ct

242 4060 331 4102 aures
353 4042 479 4111 auditui,
509 4050 612 4120 gustus
635 4043 680 4103 ori
702 4051 731 4102 et
747 4028 787 4103 =us
809 4044 923 4120 gustui,
954 4043 1079 4105 ollactus
1102 4041 1223 4103 naribus
1245 4052 1275 4103 ct
1296 4060 1385 4103 nares
1407 4041 1536 4118 olfactui,

241 4150 339 4203 tactus
362 4162 433 4204 uero
456 4143 570 4222 reliquo
593 4162 718 4222 (corpure
742 4144 911 4205 dimittitur.
954 4144 1078 4205 Animae
1101 4161 1218 4223 quoque
1241 4161 1347 4205 sensus
1369 4143 1391 4202 V
1413 4161 1536 4206 cnumc-

204 4252 361 4305 rorantur:
385 4246 590 4307 intellectualis
619 4244 804 4308 rationabilis
836 4245 996 4306 irascibilis
1028 4244 1268 4325 concupiscibilis
1301 4244 1406 4306 uitalis.
1451 4245 1537 4306 Nunc

183 4379 187 4386 ·
243 4365 297 4425 per
325 4346 442 4423 singula
471 4347 636 4408 uideamus.
686 4346 758 4408 ch
787 4355 843 4408 cst
870 4366 933 4407 aer
962 4348 1069 4408 ictus.
1119 4347 1199 4408 lctus
1228 4345 1259 4407 id
1292 4355 1336 4408 est
1367 4361 1626 4426 qrercussus.acr,s

311 4600 375 4650 eoa.
395 4599 503 4650 arnna.
524 4602 573 4649 ιη
590 4617 616 4664 ρ.
636 4604 781 4663 raa-rso,
801 4603 945 4657 aot-acc,
965 4603 1100 4650 ast-ras
1168 4596 1329 4649 eineotauu
1407 4602 1424 4649 4
1441 4598 1538 4649 ‹ttranc

243 4668 340 4802 q'iqqaqql,
350 4669 513 4786 flaq‘qfflsaesmper
582 4667 695 4736 fftljcres
775 4672 806 4720 15
825 4670 962 4730 odoratus,
984 4683 1117 4732 suprascr.
1137 4669 1160 4717 ·i·
1180 4667 1289 4718 ollactus
1392 4669 1425 4719 16
1442 4667 1537 4718 cerebri
