3420 5378
747 980 793 1062 I.

253 1126 617 1260 commnnnvm
644 1177 872 1261 sconem
894 1177 1207 1262 ovmcnmsn
1229 1118 1299 1261 m

633 1314 913 1398 nvomms
1207 1327 1212 1337 ·

126 1485 316 1591 ARTEM
347 1486 417 1559 DE
450 1484 863 1561 DISOERNENDIS
890 1485 1418 1562 CONIVGATIONIBVS.

714 1693 835 1700 -—----

706 1840 791 1907 One.
813 1841 841 1907 Ι.

480 1959 541 2025 Im
563 1958 706 2026 Llssms
728 1957 1060 2025 MANVSORIPTIS.

211 2083 251 2144 Iu
274 2084 332 2144 itoc
348 2086 517 2160 prueciuro
539 2086 714 2157 doctrinae,
744 2101 822 2159 quoe
844 2101 905 2160 per
926 2084 1055 2143 mettium
1078 2085 1160 2158 quod
1179 2092 1293 2146 uocum
1314 2101 1422 2145 octium

10 2230 13 2239 .
127 2187 266 2261 uipebut,
294 2189 514 2261 prommuticue
536 2185 717 2261 srupmeuto
738 2194 767 2246 ct
788 2188 905 2246 edendo
933 2193 961 2245 et
982 2187 1171 2245 ementiundo
1198 2187 1313 2248 ttuoous
1340 2187 1424 2247 uoous

128 2288 281 2349 codicibus
301 2294 331 2347 et
352 2290 489 2363 uetustis,
514 2296 547 2348 ut
569 2289 721 2361 mittentur,
746 2305 842 2364 neque
862 2289 950 2349 nimis
970 2290 1122 2364 corruptis
1142 2290 1188 2348 uti
1206 2289 1301 2350 licuit.
1346 2288 1423 2360 (iuo-

128 2407 195 2450 rum
217 2391 295 2449 ulter
318 2388 491 2451 Turiccnsis
514 2390 536 2449 C
557 2396 592 2450 m
613 2407 694 2452 suec.
716 2391 769 2450 IX
788 2392 918 2466 scriptus
935 2389 1021 2462 sotiis
1041 2390 1166 2467 XXXI,
1189 2406 1314 2465 quorum
1337 2392 1425 2450 initio

129 2493 236 2567 utrique
258 2493 466 2567 adposuimus,
493 2500 622 2567 praeter
642 2492 721 2554 utut
740 2495 837 2569 ipsum
862 2498 1056 2554 commentum
1076 2494 1152 2552 ninii
1172 2495 1317 2566 continet,
1348 2493 1426 2552 utico

129 2602 162 2655 ut
184 2595 235 2654 nel
262 2601 400 2653 extremo
425 2594 499 2654 iibri
517 2598 639 2670 popina
666 2598 823 2671 scripturn
851 2599 970 2655 omnino
992 2603 1108 2655 coreut.
1153 2576 1302 2654 Sericum
1324 2596 1425 2654 nuilus

130 2697 173 2757 ibi
192 2712 284 2756 manu
306 2698 435 2770 antiqua
457 2698 562 2756 titulus
578 2701 741 2773 praefixus
761 2706 837 2756 esset
858 2714 954 2771 neque
975 2700 1044 2773 ipso
1064 2713 1172 2756 monus
1185 2699 1346 2770 recentior,
1364 2713 1425 2771 quo

130 2798 180 2858 ‘tie
199 2798 417 2873 prcmmutico'
434 2802 662 2875 praescriptum
684 2806 741 2872 est,
766 2801 900 2859 auctoris
921 2815 1027 2858 nomen
1049 2805 1312 2871 commemoraret,
1331 2814 1425 2875 proe-

130 2903 218 2962 cioro
243 2916 319 2960 cusu
346 2902 475 2978 accidit,
504 2909 536 2960 ut
557 2902 722 2962 Francisci
741 2900 924 2962 Buecheleri
949 2901 1165 2960 iucundissimo
1187 2902 1329 2960 comitate
1351 2901 1425 2960 olte-

130 3004 196 3063 rius
217 3004 331 3062 codicis
352 3005 461 3062 notitia
484 3004 685 3077 inbueremur,
709 3007 795 3064 cuirts
817 3019 873 3078 ope
887 2997 918 3062 et
933 3003 1025 3062 uerbo
1046 3002 1248 3076 multifarium
1270 3003 1429 3062 emendari

125 3110 251 3181 possent
272 3110 362 3179 otqttc
383 3108 541 3179 copnosci,
566 3109 702 3181 quisnam
717 3108 855 3183 opusculi
867 3106 987 3164 minime
999 3106 1164 3180 spernendi
1176 3110 1286 3165 auctor
1303 3103 1424 3176 suisset.

132 3206 209 3265 Nom
232 3207 264 3278 in
286 3222 320 3266 eo
342 3207 457 3266 corticis
478 3209 669 3284 upoprcpito,
687 3210 769 3284 quod
782 3207 987 3269 Buechelerus
1008 3207 1083 3266 mitti
1103 3208 1284 3281 transmisit,
1308 3207 1428 3265 disertis

133 3309 233 3370 uerbis
252 3312 490 3384 superscriptum
512 3317 572 3369 est:
1211 3391 1213 3395 ¹

260 3408 367 3490 Incipit
389 3411 666 3472 commentariolum
689 3411 793 3472 sedulii
816 3412 845 3471 in
868 3419 963 3472 artem
986 3411 1082 3471 eutitii
1104 3410 1301 3488 grammatici.

132 3512 236 3589 Neque
257 3521 354 3572 tomen
377 3521 461 3573 certo
482 3517 560 3588 scio,
585 3523 684 3575 utrum
706 3516 781 3574 hoec
802 3531 895 3574 mortu
918 3516 1045 3588 antiqua
1066 3530 1107 3573 un
1129 3515 1295 3574 recentiori
1314 3515 1428 3588 scripto

132 3618 208 3676 sint:
230 3632 301 3674 num
324 3618 443 3676 omnino
465 3634 561 3692 neque
582 3619 620 3677 tie
642 3624 792 3693 tempore,
815 3634 874 3692 quo
895 3619 1028 3692 scriptus
1049 3616 1125 3675 essct
1139 3618 1194 3675 istc
1208 3617 1316 3689 codex,
1334 3632 1430 3689 neque

135 3720 173 3777 de
200 3719 283 3791 ioco,
312 3718 365 3778 uiti
389 3726 565 3778 seruaretur
592 3720 696 3793 hodie,
726 3721 889 3794 quidquem
911 3721 1001 3794 potui
1026 3720 1201 3794 comperire,
1236 3719 1384 3793 quemuis·
1400 3722 1430 3775 ct

134 3819 342 3895 essiopitorem
369 3837 425 3894 epo
451 3822 643 3897 cupidissime
669 3829 697 3880 et
719 3821 939 3894 Bucciteicrus,
970 3821 1117 3895 quidquid
1144 3823 1206 3895 ipse
1233 3821 1427 3894 conperisset,

134 3923 239 3982 sedulo
267 3922 342 3980 miiei
363 3924 528 3997 perederet.
583 3923 714 3994 Quorum
741 3942 857 3986 summo
884 3925 961 3983 hoec
990 3929 1050 3982 est:
1084 3923 1254 3983 Cornelium
1281 3920 1430 3981 Bocicium

131 4022 338 4099 professorem
360 4025 594 4100 Friburpcnsem
616 4028 761 4101 coitepum
783 4043 866 4086 sunm
884 4027 1056 4101 permisisse
1076 4025 1133 4084 siti
1154 4025 1239 4096 oiim,
1263 4031 1297 4083 ut
1318 4024 1432 4084 corticis

133 4128 198 4186 siue
225 4125 435 4186 Bruxeliensis
467 4130 532 4188 siue
559 4128 731 4203 Hennensis
763 4128 981 4205 opoprupiton,
1016 4128 1098 4202 quoti
1128 4128 1207 4202 ipsc,
1242 4127 1313 4185 dum
1346 4126 1432 4200 opud

136 4228 251 4302 Beipus
271 4235 422 4305 moratur,
445 4230 638 4303 confeceret,
662 4248 746 4290 strum
769 4234 799 4290 in
822 4248 904 4290 nsmn
928 4230 1111 4289 describeret
1116 4247 1127 4296 ;
1159 4229 1241 4303 qrtott
1260 4243 1328 4287 cum
1350 4225 1431 4286 Bue-

136 4330 273 4390 citelerus
296 4330 477 4404 foetentium
504 4339 640 4392 curosset
663 4340 753 4408 utque
775 4335 853 4393 (ruico
875 4335 939 4409 ipse
961 4331 1163 4408 opopropiton
1184 4347 1269 4389 suum
1291 4346 1358 4390 cum
1380 4345 1431 4387 ur·

137 4432 265 4509 citetppo
288 4434 447 4494 Bocltiouo
470 4436 630 4509 elilipentcr
650 4437 839 4510 contulisset,
863 4442 1024 4510 postquam
1053 4435 1151 4493 uirum
1180 4433 1263 4491 illum
1284 4431 1432 4491 liberulis·

138 4536 259 4607 simum,
289 4535 341 4594 uiti
360 4536 493 4596 codicem
522 4540 682 4597 innocuisset
704 4538 981 4612 descripsissetque,
1012 4535 1229 4611 interropcuit,
1258 4539 1372 4592 certum
1395 4531 1433 4591 ab

139 4653 175 4696 eo
197 4653 371 4712 responsum
399 4641 500 4699 tulisse
527 4641 655 4713 tenellum,
685 4641 757 4714 quoio
784 4642 848 4716 ipse
876 4642 909 4700 iti
936 4643 995 4700 iom
1021 4641 1095 4700 sotis
1121 4654 1153 4697 se
1179 4638 1258 4697 scire
1283 4642 1431 4709 nepcsset,
