3420 5378
207 324 267 389 176
581 324 834 390 Qvnusuuouns
853 325 1119 379 unumunulctu

205 515 343 594 quoniam
372 518 402 575 in
432 516 549 576 cantico
577 514 679 583 exodi,
715 512 765 574 ulti
794 512 867 574 Lxx
896 515 1127 575 transtulerunt:
1165 513 1234 575 ‘lilii
1262 522 1362 576 autem
1393 512 1505 575 lsralrel

205 615 435 678 ambulauernnt
456 618 487 676 in
510 618 590 677 sicco
612 618 642 677 in
666 617 765 677 medio
788 618 884 687 mari',
914 614 992 676 idem
1016 617 1263 697 Hieronymus
1285 619 1354 697 *per
1377 618 1503 679 siecum’

205 717 369 793 transtulit,
394 721 461 798 quia
485 718 559 779 duos
581 715 726 779 aldatiuos
748 735 861 798 ponere
883 720 1038 798 contiguos
1059 717 1163 780 uoluit.

291 920 302 1005 Ι1
322 925 340 982 l.
357 919 397 982 ll
422 918 426 1003 Ι
451 922 513 983 Non
537 923 569 983 in
592 922 686 991 ‘unx’‚
710 923 789 983 sicut
811 921 1031 983 Priscianus
1053 921 1138 990 dicit,
1169 922 1220 983 sed
1244 924 1275 983 in
1299 923 1377 984 ‘ux’
1400 924 1503 985 termi-

205 1025 268 1086 nari
297 1024 386 1085 debet
413 1025 519 1086 coniux
547 1031 604 1084 etc.
648 1021 764 1084 Falsum
794 1030 852 1093 est,
881 1024 959 1104 quod
990 1027 1030 1086 ita
1063 1040 1184 1103 prorsus
1211 1023 1355 1100 perfacile
1384 1024 1529 1104 probaris

203 1135 309 1207 potest.
354 1126 404 1188 llla
428 1125 576 1202 siquidem
600 1127 754 1205 superiora
776 1125 868 1186 uerba
892 1125 1081 1204 (Priscianus
1100 1128 1215 1188 scilieet
1234 1126 1400 1189 verboram
1423 1127 1507 1204 ‘repo

204 1231 287 1303 rexi,
312 1229 408 1290 dueo’
431 1234 486 1288 etc.
517 1230 693 1301 anotopion
720 1236 839 1289 secutus
860 1236 928 1289 erat
950 1230 1019 1305 lp.
1041 1231 1120 1303 278,
1145 1226 1175 1306 7)
1206 1246 1265 1289 non
1294 1228 1409 1292 habent
1436 1247 1505 1291 con·

204 1334 357 1391 sonantem
386 1337 453 1390 ante
481 1348 499 1389 x
528 1337 558 1390 et
586 1328 625 1390 ob
652 1329 682 1389 id
711 1330 785 1390 haee
811 1330 915 1409 regula
945 1349 1002 1392 non
1031 1339 1075 1391 est
1101 1348 1312 1412 usquequaque
1340 1332 1507 1393 conlormis

204 1450 261 1493 nec
283 1431 384 1511 parilis
412 1449 468 1490 nec
490 1429 632 1510 aequalis,
662 1431 712 1491 sed
743 1430 897 1493 uideamus
924 1431 1065 1500 uerbum,
1095 1434 1124 1493 in
1154 1450 1213 1511 quo
1241 1434 1277 1494 sil
1306 1433 1406 1495 lorma
1434 1452 1505 1495 con·

204 1533 317 1595 lormis.
361 1532 493 1610 ‘Ningo'
522 1534 610 1593 sicuti
638 1531 821 1612 ‘coniunge'
849 1534 1024 1596 consonanti
1046 1531 1155 1611 gaudet
1177 1536 1208 1594 in
1231 1533 1419 1614 paenultima
1447 1542 1539 1596 utun

204 1637 355 1715 praesenti
389 1651 477 1711 quam
509 1637 680 1714 praeterito.
734 1636 794 1696 lam
828 1656 909 1698 nunc
941 1653 1010 1714 ergo
1045 1634 1202 1714 diligenter
1235 1644 1280 1696 est
1316 1634 1504 1704 intuendum.

205 1735 454 1817 quemadmodum
484 1738 513 1798 in
542 1737 650 1815 ‘ningo
674 1739 776 1799 ninxi’
798 1757 858 1799 nou
880 1746 1017 1799 remanet
1037 1756 1057 1798 n
1079 1738 1108 1797 in
1131 1737 1329 1817 paenultimo,
1359 1746 1395 1800 ut
1424 1737 1505 1800 uide·

205 1837 274 1899 licet
300 1840 310 1898 i
340 1830 458 1916 dempta
487 1838 602 1901 dicatur
629 1841 745 1911 ‘uiux’,
781 1839 832 1901 sed
867 1840 964 1920 potius
992 1859 1011 1901 n
1039 1840 1151 1919 pariter
1178 1838 1308 1900 demitur
1336 1849 1368 1902 et
1397 1840 1506 1903 dicitur

204 1943 297 2010 ‘nix’;
320 1943 364 2001 sic
386 1959 492 2002 reuera
515 1943 633 2022 penitus
654 1940 691 2002 de
705 1943 869 2004 ‘coniunxi’
885 1941 1016 2002 demitur
1039 1960 1057 2002 n
1081 1949 1110 2002 et
1132 1939 1233 2002 ultima
1248 1942 1258 2002 i
1273 1948 1304 2002 et
1325 1940 1507 2020 regulariter

203 2043 313 2104 dieitur
336 2045 481 2105 ‘coniux'.

290 2143 303 2227 ll
321 2143 389 2207 [5⁸
407 2143 418 2228 ll
436 2145 598 2207 Videndum
623 2147 727 2214 etiam,
751 2144 821 2225 quid
843 2146 966 2219 intersit¹
984 2147 1063 2206 inter
1085 2144 1185 2206 lumen
1209 2146 1343 2219 ueritatis
1366 2152 1400 2206 et
1424 2152 1538 2209 tene-rs

205 2245 274 2309 bras
296 2248 432 2308 salsitatis
448 2246 611 2327 simulque,
628 2249 705 2309 sicut
720 2247 850 2327 expedit,
873 2248 981 2328 inspici
1004 2246 1138 2317 debetur,
1162 2246 1232 2327 quid
1249 2248 1329 2308 inter
1343 2247 1504 2310 ueritatem

204 2359 234 2410 et
255 2357 388 2429 apertam
411 2347 566 2409 falsitatem
591 2356 645 2409 est.
683 2350 826 2428 Opertum
849 2351 953 2410 uitium
977 2351 1064 2411 nimis
1086 2350 1188 2430 utique
1211 2350 1268 2409 nisi
1290 2348 1352 2411 Deo
1377 2348 1506 2411 donante

205 2459 354 2521 caueatur,
378 2452 533 2518 nociuum,
559 2467 633 2527 quae
655 2458 778 2511 uocatur
800 2450 1044 2522 uerisimilitudo,
1069 2470 1146 2531 quae
1168 2449 1310 2513 uidelicet
1333 2450 1505 2513 uerisimili-

204 2551 275 2615 tudo
298 2559 422 2633 propter
444 2550 491 2612 illa
514 2552 669 2630 superiora
686 2550 787 2620 uerba,
811 2571 887 2632 quae
903 2560 1116 2614 consonantem
1140 2571 1199 2613 non
1222 2550 1390 2615 habentia
1414 2570 1504 2634 poen·

202 2654 322 2726 ultimo,
360 2661 393 2715 ut
430 2654 573 2714 ‘coniux’
612 2672 649 2714 ne
687 2652 863 2732 regulariter
899 2657 1099 2735 proterretur,
1136 2655 1273 2715 nocuisse
1312 2657 1536 2734 cognosciturn

204 2757 416 2826 l’riseiano;
447 2774 502 2817 uec
531 2758 651 2816 mirum.
695 2756 854 2818 Enimuero
878 2765 998 2818 suntet
1021 2756 1078 2818 alia
1109 2775 1167 2817 non
1196 2774 1304 2837 panea,
1334 2758 1365 2818 in
1396 2755 1504 2838 quibus

203 2860 311 2940 oppido
342 2857 602 2919 uerisimilitudine
635 2859 779 2937 deceptus
812 2866 871 2928 est,
905 2866 937 2920 ut
969 2858 1068 2920 lromo.
1114 2859 1187 2920 Nam
1221 2860 1299 2920 sicut
1332 2876 1441 2921 remus
1468 2856 1503 2919 ab

203 2962 316 3039 ignaris
344 2970 374 3020 et
401 2968 495 3021 tortus
518 2968 548 3021 et
571 2963 659 3021 etiam
688 2961 800 3022 fractus
830 2968 958 3041 putatur,
988 2960 1106 3039 quando
1133 2961 1252 3022 uidetur
1278 2960 1310 3020 in
1338 2958 1451 3029 lluuio.
1479 2965 1507 3021 et

203 3064 280 3123 sicut
303 3064 389 3122 etiarn
414 3062 543 3122 hominis
566 3062 649 3140 digiti
672 3061 765 3122 multo
788 3061 943 3123 breuiores
966 3070 1009 3131 et,
1033 3070 1066 3123 ut
1088 3064 1128 3123 ita
1152 3061 1285 3131 dixerim,
1302 3061 1455 3137 curtiores
1476 3068 1505 3122 et

203 3166 266 3243 ipsa
295 3180 412 3242 quoque
439 3164 523 3242 qnasi
552 3162 756 3225 decurtatione
779 3183 873 3244 paene
898 3163 979 3225 uelut
1006 3162 1145 3242 aequales
1167 3169 1314 3243 apparent
1335 3162 1395 3224 sub
1418 3178 1535 3243 aqum

203 3263 279 3344 quod
308 3265 479 3344 inexpertes
506 3266 634 3345 experiri
663 3274 786 3345 possunt
812 3268 844 3326 in
867 3265 987 3335 balneo,
1017 3268 1059 3327 sic
1088 3266 1227 3327 nimirum
1256 3264 1503 3345 frequentissime

204 3368 302 3427 minus
330 3375 429 3429 cautos
457 3374 486 3427 et
508 3366 625 3447 decepit
647 3374 677 3428 et
703 3368 814 3447 decipit
842 3367 1070 3430 uerisimilitudo
1100 3386 1159 3428 nou
1187 3366 1282 3429 solum
1312 3368 1343 3428 in
1371 3366 1502 3430 humana

202 3469 384 3540 litteratura,
413 3488 516 3530 uerum
547 3471 629 3530 etin
652 3468 753 3531 diuina
776 3487 894 3548 quoque
917 3471 1073 3548 scriptura.
1118 3468 1273 3530 Praeterea
1302 3467 1394 3539 illud,
1425 3468 1503 3548 quod

203 3572 238 3632 in
262 3569 447 3632 aduerbio
470 3570 539 3630 dicit
561 3570 656 3631 idern
680 3571 810 3634 doctor
832 3574 911 3633 inter
933 3579 1050 3632 caetera
1073 3570 1150 3632 ‘loeo
1166 3573 1231 3640 est'‚
1256 3571 1333 3632 idest
1355 3568 1412 3631 ‘ild
1435 3572 1501 3639 est’.

202 3672 268 3734 ideo
297 3673 463 3750 significare
491 3671 679 3733 commodum
708 3675 824 3743 censui,
857 3676 924 3755 quia
953 3694 1007 3736 nos
1035 3672 1177 3735 aduerbio
1205 3671 1413 3735 huiuscemodi
1442 3690 1536 3734 noun

202 3773 330 3835 solemus
359 3774 415 3843 uti,
446 3792 512 3835 cum
541 3782 639 3835 tamen
669 3783 698 3835 et
724 3775 785 3836 diri
815 3784 844 3836 et
871 3776 996 3837 Romani
1019 3783 1048 3836 et
1071 3794 1174 3838 omnes
1201 3773 1267 3835 ltali
1290 3781 1381 3854 atque
1406 3773 1501 3839 Bene-

202 3877 321 3938 uentani
351 3876 450 3937 tritum
478 3875 507 3935 id
537 3874 665 3937 habeant
687 3884 717 3937 ct
738 3876 856 3937 assidue
880 3885 977 3938 terant
999 3879 1087 3937 etiam
1110 3879 1140 3937 in
1164 3875 1312 3937 locutione
1336 3879 1500 3940 communi.

202 3979 310 4039 llicunt
336 3980 431 4049 enim,
461 3997 528 4039 curu
556 3976 659 4039 uidere
686 3980 843 4040 mittuntur
871 3979 906 4040 de
935 3978 1067 4058 quolibet
1088 3978 1209 4039 lronrine
1231 3978 1278 4039 uel
1307 3978 1345 4039 de
1367 3978 1504 4060 qualibet

202 4079 258 4140 alia
282 4090 418 4140 creatura
443 4078 490 4141 uel
514 4081 641 4140 inanima
665 4079 713 4139 uel
736 4082 877 4142 animata:
902 4080 979 4141 ‘loco
1002 4085 1057 4140 est'
1081 4080 1160 4141 ‘loeo
1175 4078 1271 4140 sedet'
1294 4078 1373 4141 ‘loco
1399 4083 1501 4143 iacet'.

205 4262 208 4267 Ι
287 4181 433 4243 ‘Salllrus’
457 4180 603 4243 ‘Sardius'
627 4180 806 4242 ‘Bacchius'
830 4182 959 4261 ‘Epirus’
983 4181 1148 4262 ‘butyrum'
1172 4180 1341 4262 ‘romphea’
1363 4179 1538 4245 ‘anatha-ss

202 4287 266 4345 rna'
289 4282 505 4345 ‘dnraleclrita’
530 4282 705 4343 naturaliter
727 4283 839 4344 liabent
860 4284 1069 4364 paenultimam
1092 4284 1225 4361 longam,
1255 4283 1306 4344 sed
1336 4291 1501 4365 antepaen·

202 4384 303 4479 ultima
328 4384 416 4447 lrahet
438 4391 605 4454 accentum,
629 4386 707 4446 sieut
728 4382 800 4445 illud
824 4386 985 4446 llaronis
1008 4404 1161 4465 exponens
1183 4386 1354 4447 Seruius:

267 4571 523 4635 l.4¹’8usquuque
591 4576 623 4621 10
642 4573 738 4637 uiuguo
808 4572 957 4621 consonanti
1028 4575 1059 4623 12
1082 4574 1178 4638 rrluguo
1248 4571 1392 4637 penultimo
1468 4574 1501 4625 26

200 4656 266 4706 pene
351 4643 383 4690 tt
402 4642 526 4690 scribtum
613 4642 645 4691 30
667 4640 718 4690 t'tr·
734 4640 782 4690 doc
799 4642 831 4691 de
848 4656 877 4691 re
896 4641 1043 4691 Priscianus
1061 4642 1223 4698 disseruerit,
1245 4656 1296 4691 non
1314 4642 1434 4702 introitio,
1453 4644 1503 4693 nisi

197 4743 313 4804 sortnase
332 4740 365 4790 II
380 4758 408 4805 p.
428 4745 473 4805 29,
492 4744 527 4790 25
544 4749 634 4792 arcetur
656 4744 782 4807 respexit.
868 4711 966 4793 32⁰otlri
1057 4746 1090 4793 at
1109 4743 1245 4792 iuarriruato
1269 4741 1327 4792 loro
1351 4752 1391 4793 est
1466 4746 1500 4795 ³6

200 4823 293 4875 epyrus
