3420 5378
198 300 263 365 206
593 300 828 354 COMMENTVM
846 300 1091 353 umalnnuusn

200 509 321 568 agere.
351 492 448 568 Agere
464 488 573 569 aliquid
597 498 642 550 est
666 488 731 568 lego
754 489 863 559 doceo,
886 493 946 566 pati
969 487 1052 567 legor
1074 487 1195 549 doceor.
1232 486 1306 549 Cum
1330 505 1406 566 ergo
1430 486 1505 548 dicit

199 593 337 669 ‘agere',
367 589 593 671 comprehendit
621 593 718 652 emula
748 592 842 651 aetina
871 598 901 649 et
923 589 1110 651 medietatem
1138 591 1306 651 communis
1335 588 1442 659 uerbi,
1473 597 1504 649 et

199 711 265 753 curn
290 692 363 753 dicit
391 694 495 772 ‘pati',
525 694 624 753 omnia
654 694 770 773 passiua
793 700 823 752 et
844 691 967 752 alteram
991 690 1180 752 medietatem
1203 692 1371 752 communis
1395 688 1502 757 uerbi;

200 798 271 855 ‘aut
292 797 449 855 neutrum’
477 812 544 855 cnm
578 792 664 861 dicit,
699 794 797 854 omnia
832 792 975 854 neutralia
1004 801 1033 854 et
1060 791 1240 871 deponentia
1268 792 1363 854 uerba
1392 792 1502 870 tangit.

200 895 340 956 Neutrale
363 894 489 956 uerbum
513 894 632 966 dieitur,
656 913 715 955 nnn
737 901 770 955 ut
791 893 902 972 aliquid
926 912 985 955 uon
1008 894 1168 973 significet,
1191 892 1244 955 sed
1260 902 1427 973 utrumque
1443 908 1529 955 nous

199 998 360 1072 siguificat:
390 1014 457 1058 nam
480 1015 548 1057 cum
571 998 697 1057 aetinam
721 995 811 1057 lrabet
834 998 1094 1074 significationem,
1118 993 1259 1073 relinquit
1279 998 1447 1076 passiuam,
1472 1002 1505 1056 ut

200 1098 275 1159 lucio
298 1084 434 1174 arrrbnlo,
457 1117 523 1159 cum
547 1115 620 1158 nero
642 1099 805 1177 passiuam,
830 1098 951 1158 dimittit
973 1096 1106 1167 alteram,
1124 1104 1157 1158 ut
1171 1099 1209 1158 luo
1231 1099 1387 1176 passiunm
1412 1095 1504 1158 habet

200 1217 329 1260 sensum.
375 1199 424 1268 Et,
453 1209 485 1260 ut
507 1199 656 1278 qnidam
679 1197 797 1267 uolunt,
822 1200 973 1278 passiuum
997 1206 1043 1259 est
1065 1200 1103 1259 do
1125 1198 1220 1260 solum
1248 1198 1390 1261 desinens
1420 1200 1453 1258 in
1475 1216 1503 1267 o,

199 1302 284 1361 cuius
312 1303 441 1361 antinum
465 1309 508 1360 est
531 1301 617 1361 facio.
663 1299 752 1360 Verbi
782 1300 874 1377 gratia
904 1300 997 1361 ‘lacio
1021 1305 1077 1371 te',
1105 1309 1135 1361 et
1162 1309 1194 1361 tn
1216 1301 1384 1380 respondes
1408 1300 1503 1361 ‘lieo

200 1407 250 1463 te'.
289 1401 424 1482 Quinque
446 1420 556 1480 genera
579 1404 610 1463 iu
634 1402 826 1480 sequentibus
849 1410 1064 1463 commemorat
1087 1400 1232 1471 lionatus,
1256 1420 1335 1481 qnae
1357 1402 1410 1462 llic
1435 1401 1502 1462 ltre-
1516 1419 1539 1457 u

199 1505 275 1565 niter
304 1506 411 1582 tangit,
442 1523 509 1564 cerui
539 1504 610 1563 dicit
639 1506 706 1563 ‘aut
734 1520 824 1582 agere
846 1512 897 1563 aut
918 1504 979 1583 pati
1008 1512 1058 1564 aut
1079 1506 1249 1565 neutrum'.
1293 1507 1404 1564 Actum
1433 1521 1504 1564 sane

199 1608 262 1666 siue
285 1608 453 1685 passionem
476 1604 636 1665 ostendunt
660 1605 752 1665 uerba
774 1606 805 1665 iu
828 1605 884 1672 luis,
908 1624 984 1685 quae
1007 1606 1134 1666 animata
1158 1613 1236 1675 sunt,
1259 1615 1406 1665 nentrum
1431 1623 1504 1666 uero

200 1708 326 1768 maxime
354 1709 384 1767 in
413 1709 509 1767 anima
533 1705 703 1768 carentibus
725 1708 855 1784 ponitur.
878 1741 920 1750 —
949 1706 1135 1768 Generalitas
1164 1706 1250 1768 uerbi
1276 1706 1309 1767 iu
1338 1726 1393 1775 eo,
1423 1706 1503 1787 quod

199 1827 268 1888 pars
291 1817 334 1869 est
357 1810 516 1876 orationis;
539 1807 716 1888 specialitas,
739 1806 819 1886 quod
842 1819 924 1870 caret
946 1827 1025 1879 casn,
1049 1809 1216 1889 proprietas
1235 1827 1311 1869 uero
1330 1809 1360 1868 in
1376 1810 1505 1869 actionis

200 1911 345 1989 passionis
361 1907 408 1970 nel
425 1911 521 1971 neutri
543 1911 768 1988 significatione.
812 1909 846 1971 n.
863 1910 980 1971 Verbo
1003 1920 1092 1988 quot
1113 1909 1310 1977 accidunt.
1334 1909 1415 1970 idest
1431 1918 1536 1989 quotu

200 2011 363 2072 accidentia
387 2010 475 2072 lrabet
498 2010 634 2072 uerbum.
679 2010 716 2071 Μ.
741 2010 903 2090 Septem.
947 2009 1109 2073 Numerum
1132 2012 1274 2072 delminit
1321 2011 1356 2074 D.
1380 2010 1501 2082 Quae?

110 2117 160 2162 ³⁵⁹2
174 2118 187 2155 ⁶
203 2113 326 2173 Nomina
343 2113 540 2174 accidentium
558 2114 692 2192 requirit
716 2111 940 2183 llQualitas
954 2116 1174 2192 coniugatio
1189 2129 1307 2190 genus
1323 2130 1502 2174 numerus

201 2215 214 2275 l
219 2216 324 2292 ignca
342 2224 490 2294 tempus
504 2233 674 2293 persona.
713 2213 794 2285 Quae
809 2215 870 2275 suis
887 2214 915 2275 in
939 2213 1011 2276 locis
1033 2233 1227 2295 exponemus.
1257 2214 1361 2276 Primo
1376 2214 1418 2275 de
1433 2232 1502 2293 qua·

201 2313 281 2376 litate
297 2316 383 2376 nobis
398 2318 436 2376 sit
450 2334 559 2384 sermo,
574 2317 642 2393 quia
657 2317 788 2395 primum
805 2316 942 2376 accidens
958 2323 1009 2376 est
1040 2316 1133 2395 Igitur
1147 2317 1177 2377 in
1193 2315 1286 2377 uerlto
1302 2315 1418 2376 dicitnr
1431 2334 1500 2394 qua·

201 2415 275 2484 litas.
290 2436 325 2476 eo
341 2417 430 2494 quod,
444 2416 532 2495 quale
546 2418 585 2476 sit
600 2415 671 2477 illud
689 2416 826 2491 uerbum,
840 2418 978 2488 ostendit,
992 2420 1121 2479 actinnm
1138 2417 1278 2479 uidelicet
1292 2435 1331 2478 an
1347 2419 1532 2498 passionen

111 2523 158 2571 ³⁶⁹,
174 2524 184 2562 i
202 2516 214 2599 ql
235 2517 294 2579 118
308 2514 324 2602 ll
338 2520 400 2579 sine
416 2528 563 2580 neutrum.
595 2518 628 2579 n.
646 2517 813 2589 Qualitas
828 2520 1029 2581 uerborum
1045 2522 1080 2581 in
1097 2538 1165 2599 quo
1182 2519 1254 2581 esti
1284 2519 1365 2580 ldest
1386 2521 1420 2581 in
1443 2538 1499 2598 quo

199 2621 273 2692 iure,
298 2623 328 2682 in
351 2638 407 2698 qua
431 2627 576 2700 potestate
598 2622 653 2681 sita
675 2630 729 2682 est.
774 2619 812 2681 M.
836 2621 874 2682 ln
897 2622 1014 2682 modis
1035 2629 1069 2682 et
1089 2622 1230 2683 lormis.
1276 2619 1406 2691 Quando
1421 2625 1498 2684 enirn

199 2723 325 2803 qualitas
348 2723 433 2784 uerbi
456 2725 667 2801 interrogatur,
691 2721 795 2782 modus
818 2730 848 2782 et
869 2724 965 2784 torma
988 2723 1196 2801 respondetur,
1220 2729 1267 2784 ut:
1291 2726 1399 2784 ‘amo’
1418 2725 1500 2786 cuius

198 2823 347 2902 qualitatis
362 2825 425 2884 esti
447 2824 526 2885 medi
543 2823 693 2884 indicatiui
715 2832 745 2883 et
766 2823 880 2884 lormae
895 2824 1058 2903 perlectam
1082 2823 1231 2886 ‘lecturio’
1247 2823 1329 2884 modi
1344 2827 1498 2887 indicatiui

200 2934 229 2984 et
252 2926 363 2985 lormae
387 2925 588 2994 ineditatiuam
611 2924 739 2985 ‘lectito’
762 2925 842 2986 modi
865 2926 1016 2987 indicatiui
1046 2936 1075 2986 et
1103 2926 1216 2986 lormac
1241 2926 1530 3006 frequentationem

199 3025 340 3086 ‘calesco’
364 3026 515 3087 iudicatiui
539 3027 619 3087 modi
641 3036 671 3087 et
693 3027 806 3088 lermae
828 3026 1024 3088 inchoatione.
1040 3063 1083 3071 -
1097 3025 1176 3089 Medi
1190 3046 1207 3088 a
1222 3027 1430 3089 moderatione
1454 3027 1498 3091 uel

200 3145 215 3185 a
244 3134 326 3187 motu
354 3136 423 3188 sunt
450 3128 535 3196 dieti,
566 3147 601 3188 eo
630 3128 709 3204 quod
738 3145 817 3190 unus
846 3137 1001 3190 moueatur
1030 3132 1060 3190 in
1088 3128 1228 3190 alterum:
1256 3128 1443 3191 indicatiuns
1469 3131 1498 3190 in

200 3230 423 3307 imperatiuum,
452 3229 647 3307 lmperatinus
668 3230 698 3289 in
721 3231 899 3309 optatiuum,
922 3232 965 3291 sic
988 3230 1096 3293 etalii.
1119 3264 1163 3273 -—
1185 3229 1365 3292 indicatiuns
1388 3231 1498 3293 dieitru

199 3327 237 3388 ab
259 3329 431 3398 indicando,
456 3332 523 3409 qnia
545 3350 601 3410 per
622 3328 704 3392 illum
728 3339 826 3392 actum
850 3331 898 3393 uel
920 3335 1087 3412 passionem
1110 3332 1309 3401 ostendimus,
1334 3341 1380 3393 ut:
1415 3333 1497 3413 ‘qnid

200 3432 302 3491 iacisl’
330 3431 436 3509 ‘lego':
471 3450 541 3492 ecce
568 3440 677 3495 actum.
728 3433 817 3504 ‘Quid
846 3434 941 3512 agis’i
976 3432 1095 3511 ‘legor',
1132 3435 1161 3493 ·i·
1191 3432 1296 3513 aliquis
1325 3452 1391 3494 mea
1421 3434 1531 3495 dictaeo

200 3531 285 3610 legit:
309 3549 378 3592 ecce
401 3533 563 3610 passinum.
602 3533 675 3594 nico
697 3533 781 3603 dicis,
803 3536 901 3597 indico
923 3535 1039 3606 indicis,
1064 3536 1171 3597 transit
1192 3537 1222 3595 in
1244 3535 1398 3615 passinnm
1423 3536 1496 3596 indi-

199 3641 283 3693 catus
310 3632 445 3701 indicati,
474 3631 610 3694 adiuncta
639 3653 696 3696 nus
724 3637 755 3696 dt
776 3636 963 3698 indicatiuus.
1008 3637 1126 3698 Primus
1148 3655 1221 3715 ergo
1243 3638 1363 3716 ponitur
1386 3637 1497 3699 iudica-

201 3735 295 3817 tiuus‚
323 3735 390 3815 quia
419 3736 581 3815 perfectior
602 3746 646 3798 est
668 3740 788 3799 ceteris.
833 3738 929 3800 llabet
951 3741 1030 3800 enim
1053 3758 1122 3800 suas
1145 3756 1286 3820 personas
1308 3742 1392 3801 etin
1418 3741 1498 3804 nullo

199 3843 333 3916 tempore
361 3835 461 3897 delicit
488 3854 587 3914 neque
615 3839 645 3898 in
671 3856 770 3899 sensu.
816 3839 889 3901 Nam
912 3838 975 3911 ille,
1006 3843 1057 3918 qui
1079 3840 1152 3901 dicit
1174 3841 1306 3909 ‘scribo’.
1331 3842 1497 3921 perlectum

198 3955 317 3997 sensum
341 3938 478 3999 ostendit.
523 3938 620 4000 Ceteri
643 3958 715 4001 nero
738 3958 798 4002 non
821 3941 915 4002 solum
939 3944 968 4003 in
992 3953 1142 4022 tempore,
1166 3942 1218 4003 sed
1242 3943 1328 4003 ctiam
1352 3945 1382 4004 in
1408 3960 1531 4005 sensu-⁴⁶³

199 4037 347 4099 deficiunt.
385 4039 442 4110 Qui
458 4041 536 4100 enim
552 4041 688 4117 imperat,
711 4042 848 4110 ostendit.
873 4062 933 4104 non
957 4063 1022 4105 esse
1044 4044 1155 4105 laetum
1177 4043 1282 4112 adime.
1306 4044 1387 4122 (prod
1404 4045 1497 4107 iubet.

199 4138 339 4200 Similiter
362 4143 463 4218 etqui
486 4149 583 4221 optat,
613 4144 760 4213 ostendit¹
790 4163 822 4205 se
845 4161 904 4204 non
927 4144 1051 4214 haltere,
1075 4145 1153 4225 quod
1177 4145 1336 4207 desiderat.
1383 4146 1498 4208 ludica·

199 4241 281 4301 tinus
304 4257 375 4318 ergo
398 4244 549 4320 perlectus
572 4253 625 4314 est,
648 4252 793 4324 utsupra
817 4246 954 4314 diximus,
979 4254 1007 4307 et
1028 4245 1096 4307 iden
1112 4249 1241 4325 primum
1257 4247 1374 4309 obtinet
1388 4247 1499 4310 locum.

199 4341 396 4421 lmperatinus
423 4344 554 4406 secundo
582 4347 611 4405 in
641 4345 706 4405 loen
735 4348 863 4426 ponitur.
912 4348 1054 4420 Quamuis
1085 4350 1164 4408 euim
1194 4350 1222 4408 in
1251 4367 1380 4429 persona
1410 4359 1442 4413 et
1470 4352 1498 4411 iu

197 4446 360 4523 praeterite
383 4445 495 4516 delicit,
526 4455 623 4508 tamen
647 4454 715 4508 ante
738 4449 899 4527 optatiuum
923 4451 1059 4529 ponitur,
1089 4453 1157 4530 quia
1182 4452 1274 4511 ruaior
1298 4455 1421 4533 estqui
1445 4455 1534 4515 iar-n

268 4770 299 4819 10
315 4778 456 4818 eorrrmomt
523 4767 652 4835 Durratus]
670 4787 697 4834 p.
718 4774 776 4833 359,
798 4774 833 4820 34
903 4773 933 4822 ld
950 4772 1072 4822 tlillluiuit
