3420 5378
228 326 292 392 242
621 312 1113 384 conuuurvmmusmnnasn

229 518 332 580 uolaus
354 519 476 580 candor.
523 518 721 599 ‘Compitalia’
745 521 817 581 lesta
842 519 972 588 Cereris,
996 505 1071 600 quae
1093 518 1181 581 liliam
1203 536 1287 580 suam
1310 518 1522 599 Proserpinam

228 629 342 702 raptam
365 640 381 681 a
404 621 529 682 Plutone
551 640 605 701 per
627 624 755 700 compita
778 631 809 683 ει
831 621 910 683 biuia
933 619 1114 700 inquirebat.
1150 621 1284 700 Compita
1301 621 1452 690 dicuutur,
1474 619 1523 680 ubi

228 722 338 784 multae
367 725 434 783 uiae
462 731 636 802 competunt
656 725 676 783 i·
699 726 873 802 iunguntur.
917 723 1009 783 Suut
1037 721 1212 801 quaedam
1242 725 1393 783 uomina
1422 724 1522 802 posi·

230 827 344 892 tione,
369 827 388 885 i·
413 843 503 894 uoce;
534 824 665 906 singull
684 821 745 886 164
761 820 875 907 illaria
899 823 1104 886 intellectu
1132 823 1297 905 pluralia
1326 831 1368 885 nt
1390 825 1521 884 contio.

228 928 333 987 Contio
362 926 470 987 dieitur
499 928 701 1004 congregatio.
746 925 818 986 lutle
846 927 1033 987 continuator
1061 926 1178 996 dicitur,
1207 928 1258 1007 qni
1281 926 1317 986 ad
1342 927 1543 993 contionemt

226 1030 246 1087 i·
270 1029 305 1088 εει
335 1029 610 1106 congregationem,
644 1045 813 1088 sermonem
842 1029 925 1096 lacit,
954 1031 1031 1088 sicut
1059 1028 1195 1089 Salomon
1225 1026 1427 1091 ecclesiastes.
1470 1025 1521 1087 lic·

75 1144 156 1200 put,
170 1146 189 1185 1.
203 1145 215 1182 2
229 1129 382 1191 clesiastes
405 1131 518 1190 Graece
540 1129 644 1189 Latine
667 1128 861 1191 continuator.
899 1128 1021 1207 Plebs,
1038 1128 1206 1194 multitudo.
1244 1127 1427 1197 athenae,
1451 1129 1521 1189 ciui·

228 1240 272 1294 tas
294 1239 337 1292 est
360 1231 502 1292 Graeciae
524 1231 730 1309 potentissima
753 1238 783 1290 et
805 1229 914 1290 dicitur
936 1239 1030 1292 mater
1053 1232 1229 1312 sapientiae,
1252 1231 1338 1310 quia,
1364 1237 1398 1290 ut
1418 1230 1520 1291 Graeci

227 1333 344 1402 dicunt,
373 1335 403 1393 iu
432 1330 480 1392 illa
503 1334 625 1393 inuenta
655 1337 700 1391 est
721 1334 866 1410 sapientia
889 1330 1048 1394 saecularis
1071 1340 1102 1394 et
1122 1332 1261 1393 dicuntur
1283 1329 1419 1392 athenae
1440 1331 1521 1412 quasi

226 1435 382 1495 atbauatoe
409 1435 436 1493 i·
464 1433 655 1497 immortales.
705 1433 894 1512 Mycenae,
932 1436 1039 1496 ciuitas
1068 1443 1113 1494 cst
1142 1434 1385 1512 Agamemnonis.
1429 1430 1547 1492 'ibe-u

228 1535 307 1604 bae,
337 1536 441 1596 ciuitas
469 1545 513 1596 εει
535 1535 676 1596 Graeciae
698 1536 823 1595 maxima
847 1553 913 1597 cum
937 1544 1056 1598 centum
1084 1536 1189 1616 portis.
1234 1536 1389 1602 Cumae,
1420 1535 1520 1596 ciuitas

228 1646 273 1698 est
295 1638 482 1715 Campaniae.
528 1637 584 1697 lsta
608 1638 726 1697 uomina
749 1645 818 1697 suut
841 1655 915 1697 uoce
936 1635 1076 1716 pluralia,
1101 1634 1253 1698 intellectu
1276 1633 1454 1714 singularia.

312 1739 353 1799 lle
375 1741 478 1816 ligura.
519 1737 627 1816 Figura
651 1738 759 1798 dicitur
781 1757 797 1798 a
819 1737 972 1814 lingendo,
986 1741 1016 1798 ·i·
1032 1758 1048 1798 a
1064 1737 1287 1817 componendo:
1311 1738 1430 1815 lingere
1451 1735 1518 1796 dici·

226 1861 293 1903 mns
309 1858 504 1918 componere,
522 1839 589 1900 iude
605 1840 819 1917 compositores
835 1838 888 1900 luti
905 1841 1035 1917 ‘figulos’
1051 1857 1202 1903 necamus.
1241 1839 1295 1899 Est
1308 1839 1406 1916 ligura
1422 1854 1517 1899 rerunt

225 1944 335 2011 torma,
359 1940 407 2002 uel
429 1943 521 2018 ligura
545 1941 652 2002 dicitur
676 1959 725 2001 res
747 1939 913 2008 artificalis.
938 1959 1013 2018 quae
1035 1948 1086 2002 aut
1108 1959 1143 2000 ex
1164 1959 1223 2001 uua
1246 1948 1334 2019 parte
1358 1946 1474 2001 constat
1492 1945 1544 1998 atu

225 2042 351 2123 simplex
374 2042 491 2113 dicitur,
516 2052 565 2104 aut
589 2061 624 2102 ex
648 2041 784 2120 pluribus
808 2050 837 2103 et
860 2043 1019 2120 composita
1044 2050 1177 2105 uocatur.
1215 2042 1296 2104 Duae
1319 2048 1392 2102 sunt
1413 2041 1516 2119 ugnrae

225 2144 388 2206 secuudum
418 2144 580 2212 llouatum;
614 2144 778 2204 secundum
806 2162 880 2204 uero
908 2142 1142 2204 Prisciatinm
1176 2153 1254 2212 tres,
1284 2142 1414 2223 simplex
1443 2160 1516 2203 cotn-

225 2249 321 2327 posita
346 2255 375 2306 et
397 2245 612 2324 decomposita
642 2245 694 2306 sed
718 2245 917 2324 decomposita
940 2245 1063 2314 dicitur,
1087 2262 1162 2323 quae
1184 2261 1201 2303 a
1223 2245 1391 2325 composita
1413 2243 1516 2306 diunt·

226 2360 285 2409 tur.
317 2349 464 2408 ‘Animus’
482 2345 606 2425 simplex
628 2346 722 2424 figura
746 2355 799 2417 est,
823 2347 1054 2426 ‘magnanimus'
1077 2348 1249 2426 composita,
1268 2345 1514 2425 ‘magnanimitas’

136 2451 437 2528 utmdecompostta.
482 2448 676 2518 ludoctus,
707 2448 827 2518 stultus;
862 2451 1064 2528 impotens,
1099 2445 1172 2507 uiltil
1205 2456 1324 2527 potens.
1371 2448 1456 2510 Sicut
1485 2458 1543 2507 ent

226 2560 366 2634 quattuor
390 2550 544 2611 elementis
567 2560 786 2630 componuntur
808 2551 904 2611 omnia
928 2568 1069 2628 corpora,
1093 2551 1134 2608 sic
1157 2558 1382 2627 componuntur
1404 2549 1515 2610 uomina

137 2671 261 2719 ³⁷c‚aex
285 2661 423 2734 quattuor
445 2652 550 2717 modis.
595 2650 854 2721 Suburbanus,
883 2655 933 2730 qni
957 2654 986 2711 in
1010 2649 1154 2711 suburbio
1183 2649 1309 2721 habitat,
1334 2653 1356 2710 i·
1380 2653 1412 2711 iu
1435 2651 1515 2711 terri·

137 2773 186 2821 aar,
200 2774 213 2812 o
227 2760 313 2821 torio.
358 2755 518 2823 Ellicax,
543 2755 663 2815 allectus
685 2754 886 2832 corrumpitur
910 2761 939 2813 ει
962 2753 1033 2815 ιεειι
1055 2753 1120 2821 eun
1149 2771 1240 2832 capax
1264 2755 1471 2832 corrumpitur
1490 2759 1516 2812 ct

225 2861 298 2920 lacit
319 2875 383 2917 aar.
430 2855 501 2915 lude
530 2857 632 2916 ellicatt
663 2854 774 2915 (licitur
796 2855 918 2915 effectus
941 2872 1047 2932 capax,
1076 2857 1127 2933 qui
1150 2854 1275 2933 implere
1297 2861 1415 2933 potest,
1443 2852 1514 2934 quod

227 2959 300 3020 uult.
339 2957 544 3036 Municeps,
569 2957 677 3017 dicitur
700 2958 798 3017 munia
815 2958 944 3035 capiens,
982 2957 1137 3035 Municeps
1153 2973 1246 3034 genus
1268 2954 1421 3034 quoddam
1444 2954 1541 3036 aptata

228 3062 390 3127 Romanos,
414 3059 516 3135 quiin
540 3057 677 3118 omnibus
699 3058 959 3118 communicabant
981 3076 1048 3118 cum
1072 3061 1130 3126 cis,
1162 3058 1218 3116 uisi
1240 3059 1270 3115 iu
1294 3057 1513 3134 suffragatione.

227 3163 392 3241 lueptus,
422 3161 645 3219 iucouueuieus.
692 3158 877 3224 insulsus.
908 3163 959 3236 qui
987 3179 1044 3220 uon
1074 3169 1119 3219 est
1148 3157 1208 3219 sale
1230 3160 1396 3237 sapientiae
1419 3157 1512 3219 condi·

227 3274 284 3328 ιεε.
307 3300 348 3308 -
375 3260 469 3343 †Piu
506 3262 618 3321 Graece
655 3267 788 3330 acutum,
827 3261 895 3320 inde
932 3263 1177 3340 pinnipotens
1214 3259 1324 3321 dicitur
1362 3259 1513 3338 gladiator.

296 3516 478 3582 lcoutpetnlia
547 3517 710 3579 icompeta,
729 3515 767 3563 bia
836 3517 944 3579 igrece
1011 3515 1144 3578 8greclae
1207 3515 1275 3577 greci
1365 3515 1513 3566 9seculatis

225 3590 259 3704 {g
276 3587 395 3718 {triptptetate
452 3582 603 3631 immortalis
673 3583 785 3630 micenae
855 3585 883 3630 11
904 3583 1003 3646 greciae
1074 3584 1104 3633 17
1124 3580 1311 3647 praesciaunm]
1332 3581 1350 3631 1
1366 3599 1392 3648 p.
1413 3583 1513 3644 177,st

227 3772 452 3781 ...-—--———-·

296 3840 327 3888 18
341 3840 432 3889 Glosaa
443 3838 538 3887 codicis
550 3837 688 3885 Beruensis
702 3837 753 3884 38⁶
763 3833 785 3895 s.
797 3840 828 3883 5⁵
837 3851 917 3899 marp.
928 3838 989 3886 sim:
1010 3837 1129 3885 Adiciunt
1146 3852 1160 3896 ‘l
1170 3837 1272 3884 uidam
1292 3840 1511 3900 grammatico·

227 3923 290 3957 rum
309 3907 408 3955 tertium
429 3904 536 3969 liguram
556 3907 572 3954 i.
590 3904 805 3967 decompositam,
825 3917 890 3964 quae
909 3904 965 3951 licet
981 3905 1151 3968 incomposita
1170 3902 1251 3968 ligura
1271 3905 1319 3967 sit,
1344 3916 1428 3955 tamen
1448 3920 1512 3970 regu·

226 3977 311 4025 tartter
330 3990 374 4038 pet·
393 3989 420 4022 εε
439 3972 543 4037 intelligi
563 3983 654 4037 potest.
690 3969 753 4018 Nam
776 3971 917 4035 composita
942 3970 1089 4035 figuraest,
1108 3987 1173 4034 qnae
1192 3981 1278 4036 potest
1295 3972 1393 4022 resolui
1412 3975 1439 4022 in
1455 3973 1512 4022 duas

227 4043 395 4107 intelligibiles
416 4053 509 4106 partes,
528 4049 555 4088 ut
573 4039 762 4103 magnanimus,
775 4039 835 4099 qnia
849 4041 1027 4104 tnaguauimua
1039 4041 1209 4104 compositum
1224 4052 1315 4088 nomen
1329 4052 1414 4090 estex
1427 4053 1512 4105 magno

226 4123 251 4160 et
268 4114 366 4161 auimo:
389 4109 564 4173 decomposita
582 4119 632 4163 est,
655 4121 720 4168 qnae
740 4120 789 4156 unu
808 4119 893 4171 potest
910 4108 1002 4155 resolui
1022 4111 1048 4157 iu
1066 4108 1131 4156 tluas
1154 4106 1328 4171 intelligibiles
1351 4120 1452 4174 partes,
1474 4105 1513 4156 aed

226 4178 402 4242 acompositn
424 4178 563 4236 dinnatnr,
585 4187 613 4224 ut
635 4174 831 4239 magnanimitas
849 4182 897 4227 etc.
1000 4176 1033 4226 25
1057 4176 1147 4225 Glosaa
1169 4177 1265 4224 codicia
1288 4173 1433 4226 Bemeaaia
1447 4176 1469 4238 s.
1485 4179 1512 4223 δ’

226 4262 305 4310 marg.
324 4247 408 4295 dexte
445 4244 585 4308 Municipes
604 4255 674 4292 erattt
696 4244 824 4304 quoddam
848 4259 930 4308 genus
949 4244 1120 4292 liomanornm
1140 4257 1155 4291 a
1173 4243 1253 4292 Tarso
1273 4241 1388 4293 Ciliciae.
1424 4244 1512 4292 Tarsus

227 4316 292 4364 cuim
303 4314 349 4376 (ei)
360 4314 449 4362 ciuitas
469 4322 507 4361 cst
525 4311 634 4367 Ciliciae,
652 4326 728 4373 quam
748 4313 910 4376 expugnauit
920 4310 1058 4377 Pompeius
1077 4321 1101 4361 et
1118 4311 1267 4376 subiuganit
1279 4310 1404 4361 Romanis
1424 4323 1513 4377 praeter

225 4384 251 4432 iu
270 4381 452 4446 suffragatione
471 4377 713 4445 (suffragantium),
735 4379 782 4428 boe
800 4391 839 4429 est
856 4378 1020 4429 fideiussores
1039 4394 1090 4429 nou
1110 4377 1228 4428 ualebant
1245 4394 1312 4431 esse,
1333 4380 1367 4428 tle
1384 4395 1436 4442 qua
1458 4379 1511 4427 ciui·

227 4463 277 4500 tate
296 4450 343 4498 init
361 4462 463 4498 sanctus
482 4448 590 4512 Paulus,
613 4449 679 4497 sicut
702 4449 758 4512 ipse
779 4448 852 4497 dicit:
889 4446 961 4512 ‘Ego
980 4447 1112 4497 Romanus
1136 4458 1195 4495 natu
1214 4461 1229 4495 a
1247 4446 1328 4496 Tarso
1349 4446 1452 4498 Ciliciae
1468 4459 1511 4495 noa

226 4521 329 4584 ignotae
347 4518 457 4566 cinitatis
476 4518 631 4581 mttniceps’.
715 4516 749 4565 28
768 4515 859 4566 Glosso
881 4517 976 4566 codicis
993 4514 1134 4567 Beruenses
1149 4515 1169 4577 s.
1189 4520 1221 4564 5·
1240 4530 1320 4578 morgi.
1341 4516 1404 4578 infit
1441 4514 1510 4563 Pinna

225 4587 398 4651 corrtnnpitttr
416 4597 440 4634 et
456 4585 515 4633 lacit
534 4585 618 4649 pinni,
639 4593 729 4648 potens
748 4584 873 4649 integrum
892 4598 983 4633 ttamen
1003 4595 1041 4633 est
1060 4584 1099 4633 nel
1118 4583 1289 4649 participium,
1308 4583 1370 4632 iude
1387 4582 1511 4648 componi·

227 4671 266 4705 tut·
285 4655 465 4720 pinnipotens:
490 4655 536 4718 pin
554 4653 647 4702 Graece
665 4650 754 4700 Latine
771 4651 863 4701 dicitnr
879 4665 994 4710 acutum,
1014 4654 1073 4702 iude
1090 4654 1169 4718 pinna
1187 4651 1279 4700 dicitnr
1297 4649 1402 4715 gladius
1421 4661 1445 4701 et
1461 4649 1510 4699 iude

226 4725 405 4788 pinnipotens,
429 4722 472 4785 qui
496 4725 558 4770 bene
579 4729 665 4785 potest
687 4733 803 4783 pugnare
826 4733 883 4768 cum
903 4721 980 4785 pinna
999 4721 1014 4769 i.
1032 4735 1089 4769 cnut
1107 4720 1193 4788 gladio
1212 4730 1237 4768 et
1254 4719 1423 4784 pinnipotens
1443 4730 1509 4766 uoca-

227 4793 299 4839 batur
316 4791 443 4840 retiarius.
478 4789 539 4837 llrat
559 4790 625 4838 euim
648 4789 747 4851 species
769 4787 821 4837 ludi
846 4789 985 4850 antiquitus
1005 4789 1029 4836 iu
1049 4788 1152 4838 theatris
1172 4788 1212 4837 ubi
1230 4789 1402 4853 praecedebat
1419 4786 1507 4854 (nanis
