3420 5378
210 300 270 366 its
575 296 831 362 Qvncsrronns
850 295 1119 364 cernunrrcss

292 490 304 569 Γ
322 486 396 550 16·
414 487 426 571 ll
452 490 560 549 Verum
590 495 703 557 tamen,
734 486 852 565 quando
881 496 1039 565 utrumque
1067 505 1176 548 nornen
1206 485 1423 567 appellatiuum
1451 496 1504 556 est,

206 590 283 650 idest
306 598 335 650 et
356 588 433 668 quod
457 588 609 668 praecedit
632 596 660 649 et
683 587 761 665 quod
785 589 926 666 sequitur,
950 595 1022 648 tunc
1045 605 1099 667 per
1120 586 1193 649 illud
1216 605 1401 668 pronomen,
1425 587 1504 668 quod

206 698 250 751 est
277 691 307 749 in
337 689 449 760 medio,
484 689 608 751 licenter
641 692 689 750 cui
724 687 863 750 uolumus
892 692 996 768 generi
1029 689 1256 770 respondemus.
1300 690 1338 751 dt
1365 691 1505 751 siluerit

206 809 296 861 riuum
320 809 429 853 nomen
452 792 606 871 proprium
630 798 659 851 et
680 790 805 853 alterum
828 789 1053 871 appellatiuum,
1083 799 1197 852 tanturn
1224 793 1350 871 proprio
1380 809 1505 871 respon·

206 894 325 963 domm,
350 901 397 953 ut:
428 893 541 953 ‘estin
569 911 690 954 carcere
713 893 811 962 locus,
841 891 919 970 quod
943 891 1111 954 Tullianum
1135 897 1281 962 uocatur’,
1307 902 1352 952 et:
1387 893 1529 953 ‘ciuiuss

205 995 285 1075 quod
319 993 516 1056 Mediolanum
551 994 682 1064 dicitur',
716 1004 759 1056 et:
793 992 987 1055 ‘coenobium
1021 1011 1097 1072 quae
1124 992 1250 1056 Corbeia
1277 995 1430 1063 uocaurr’,
1459 1003 1503 1055 et:

203 1096 288 1159 ‘cella
321 1096 399 1176 quod
427 1094 620 1157 altumuilare
647 1096 857 1176 nuncupatur’,
887 1105 929 1157 et:
964 1093 1051 1157 ‘uilla
1081 1097 1131 1173 qui
1158 1094 1330 1174 Sparnacus
1357 1100 1504 1166 domur,

204 1206 246 1258 et:
278 1197 437 1279 ‘oppidum
471 1216 546 1277 quae
575 1196 665 1260 'l'roia
699 1198 892 1268 nominatur’,
917 1208 958 1257 et:
990 1196 1147 1275 ‘palatium
1176 1197 1226 1273 qui
1256 1197 1427 1258 carisiacus
1454 1215 1504 1277 ap·

204 1297 354 1378 pellatur'.

290 1501 301 1584 ll
320 1504 339 1564 i.
356 1499 395 1563 iil
411 1501 424 1584 ll
449 1501 623 1564 ‘Euthesis'
648 1513 693 1581 est
715 1503 924 1580 interrogatio,
949 1502 1066 1582 quando
1089 1501 1125 1563 ad
1148 1504 1400 1565 exercitationem
1422 1519 1536 1564 suamc

204 1600 310 1684 uliquis
332 1605 490 1683 praeponit
512 1605 628 1682 sibique
651 1607 715 1684 ipse
739 1603 907 1683 respondet.
952 1602 1114 1665 ‘Erotema’
1138 1614 1183 1666 est
1204 1606 1420 1684 interrogatio,
1448 1623 1504 1685 qua

203 1706 295 1783 ligure
326 1707 451 1775 utimur,
481 1724 548 1767 curn
578 1705 793 1785 interrogando
821 1704 930 1785 aliquid
959 1724 1135 1768 aceruamus
1163 1714 1194 1767 et
1221 1722 1441 1785 exaggeramus
1467 1705 1502 1767 ad

205 1807 268 1866 eius
290 1805 449 1883 inuidiam,
473 1826 562 1888 quem
585 1810 813 1886 interrogamus.
845 1806 976 1887 ‘Pysma’
999 1815 1044 1869 est
1065 1809 1246 1888 quaesitum,
1269 1826 1347 1887 quae
1369 1808 1503 1887 llguraa

206 1911 363 1988 superiore
385 1927 421 1968 eo
444 1908 557 1980 differt,
581 1908 660 1989 quod
683 1911 952 1988 interrogantium
968 1927 1044 1971 uoce
1060 1918 1170 1971 tanturn
1193 1907 1373 1989 responderi
1394 1909 1502 1990 potest

203 2008 336 2071 illabitur
359 2013 492 2089 ‘rogatio
502 2013 521 2082 ',
550 2029 626 2091 quae
654 2012 686 2071 dt
712 2029 767 2090 per
794 2011 994 2072 definitionem
1019 2019 1048 2071 et
1068 2029 1128 2071 non
1151 2019 1247 2088 potest
1276 2012 1335 2072 nisi
1363 2008 1534 2091 pluribusu

203 2110 328 2172 trucibus
350 2112 536 2191 responderi.

287 2316 417 2376 ‘Erudis'
441 2315 659 2394 amphimacrus
682 2325 740 2386 est,
765 2323 797 2377 ut
819 2314 1018 2394 Virgilius:
1043 2313 1249 2377 ‘sublatum
1273 2315 1447 2378 erudiit'.

289 2417 344 2488 Oui
372 2417 445 2478 dicit
473 2415 653 2485 ‘subolem’,
684 2415 762 2477 dicat
791 2416 982 2479 ‘moliorem'
1012 2418 1154 2478 ‘nocem'
1185 2417 1323 2479 ‘orsum'
1347 2418 1501 2499 ‘uulpem'

203 2519 352 2580 ‘uoltum’
385 2519 522 2579 ‘lucem'
556 2517 756 2586 ‘huminem'.
791 2520 868 2580 sicut
895 2537 909 2578 a
940 2518 1055 2579 ‘lrixu’
1090 2536 1150 2579 non
1179 2519 1306 2580 dicimus
1334 2519 1499 2581 ‘frixoria’

202 2620 254 2681 sed
278 2622 450 2695 ‘lrixoria’,
475 2622 517 2680 sic
540 2639 555 2681 a
579 2620 685 2681 ‘luxu'
710 2637 768 2679 non
792 2627 836 2680 est
858 2619 981 2681 dicenda
1005 2619 1157 2681 ‘luxuria’
1181 2620 1232 2681 sed
1256 2619 1411 2682 ‘luxorish
1430 2622 1433 2627 ’
1454 2620 1531 2682 luas

202 2742 293 2801 super
316 2725 404 2784 etiam
426 2725 490 2801 ipsa
513 2723 641 2783 secunda
664 2720 776 2802 syllaba
799 2720 901 2782 breuis
924 2722 1005 2783 nullo
1021 2721 1108 2783 modo
1131 2723 1237 2784 inisset
1257 2723 1288 2782 in
1312 2730 1423 2793 metro,
1447 2721 1499 2782 nisi

203 2843 220 2882 u
245 2842 421 2885 conuersum
446 2831 524 2884 esset
545 2825 575 2882 in
599 2842 627 2884 o.

288 3026 447 3087 Sciendum
475 3046 546 3088 sane
576 3025 662 3087 nobis
690 3033 748 3094 est,
777 3025 926 3103 quomodo
954 3024 1027 3086 hacc
1055 3028 1154 3086 omnia
1184 3026 1261 3086 inter
1289 3043 1323 3087 se
1345 3026 1498 3096 differunt,

202 3128 281 3188 idest
308 3130 472 3207 ‘uespere'
501 3131 661 3208 ‘uespera’
685 3128 817 3206 ‘uesper'
841 3127 1048 3206 ‘uesperum’.
1091 3125 1278 3204 Virgilius
1301 3130 1406 3189 omnia
1428 3128 1498 3189 haec

203 3229 385 3290 demonstrat
408 3229 524 3291 dicens:
549 3229 613 3290 ‘Est
635 3229 723 3288 etiam
747 3245 854 3307 uesper
870 3246 997 3307 uespere
1014 3246 1137 3307 uespera
1154 3246 1331 3307 uesperum,
1356 3229 1407 3291 hic
1429 3247 1530 3291 ueros

204 3333 405 3393 nominatiuus
433 3331 615 3411 quadruplex
645 3337 703 3399 est,
733 3331 820 3389 cuius
847 3329 1012 3390 differentia
1041 3328 1115 3390 haec
1143 3331 1214 3399 erit,
1244 3329 1323 3407 quod
1353 3331 1498 3411 ‘uesper'

203 3431 321 3513 quidem
352 3432 475 3502 dicitur,
506 3432 774 3510 quotienscumque
796 3429 839 3492 sol
862 3429 991 3491 nubibus
1019 3441 1069 3492 atrt
1096 3430 1165 3492 luna
1193 3430 1402 3510 ierruginibus
1431 3448 1499 3510 qna·

203 3553 329 3614 eumque
358 3533 417 3595 diei
446 3542 496 3595 aut
522 3535 617 3594 noctis
645 3531 717 3592 hora
740 3533 859 3610 tegitur,
884 3541 914 3593 et
935 3533 992 3593 hoc
1014 3541 1153 3595 neutrum
1176 3530 1237 3603 esu
1259 3532 1339 3612 quod
1364 3543 1397 3594 et
1418 3535 1499 3594 ‘ues-

201 3655 255 3714 per
278 3638 425 3717 uesperis'
448 3635 528 3696 iacit.
573 3638 609 3695 nt
631 3635 830 3695 nominatiuus
852 3637 1001 3713 ‘uespere'
1026 3644 1151 3696 uocatur
1172 3633 1209 3694 ab
1231 3632 1305 3694 hora
1335 3652 1418 3697 nona
1440 3633 1500 3697 sole

202 3738 376 3798 descensum
398 3735 557 3797 inchoante
580 3746 610 3798 et
631 3735 688 3797 hoc
709 3733 907 3797 declinatione
929 3745 1020 3796 caret.
1058 3732 1069 3815 ΙΙ
1091 3735 1111 3795 i.
1128 3731 1194 3815 7²1}
1216 3735 1421 3816 ‘Vespernm'
1445 3744 1531 3804 esto

203 3838 272 3898 dum
296 3837 358 3898 sole
381 3836 535 3900 occidente
558 3837 621 3899 dies
644 3836 744 3900 dellcit
767 3838 860 3897 etsie
883 3836 1065 3898 declinatur:
1097 3837 1275 3915 ‘uesperum
1299 3840 1427 3917 uesperi
1449 3857 1499 3899 ue·

201 3943 302 4018 spero'
325 3940 501 4019 etreliqua.
546 3941 701 4019 ‘Vespera'
725 3946 783 4008 est,
808 3956 873 3999 curn
897 3938 971 3999 lucis
993 3940 1108 3999 oriente
1130 3955 1237 3998 aurora
1260 3957 1319 3999 nox
1343 3939 1451 4000 finitur
1472 3948 1501 4000 et

201 4044 242 4100 sic
266 4040 445 4103 declinatur:
470 4047 608 4120 ‘uespera
630 4059 775 4119 uesperae
798 4045 952 4120 uesperae'
977 4047 1006 4099 et
1027 4038 1164 4120 reliqua.'

201 4195 426 4207 -Ἢ

270 4297 299 4344 11
319 4295 448 4344 erothernu
530 4296 561 4344 12
579 4308 761 4357 epseernumns
779 4304 804 4342 et
821 4308 989 4358 exugernmus
1060 4296 1091 4344 13
1111 4293 1193 4358 pisina
1264 4294 1296 4343 to
1314 4292 1499 4345 diffinitionem

203 4363 232 4411 ll
253 4360 389 4429 Virgilius]
410 4365 476 4413 Aen.
496 4362 540 4412 IX
558 4366 610 4414 203
689 4364 720 4412 19
739 4361 845 4410 hixuris
869 4363 1011 4426 sedsupra
1030 4364 1119 4412 lineum
1136 4378 1166 4414 ru.
1185 4360 1221 4410 11
1306 4363 1341 4411 24
1358 4359 1499 4430 Virgilius]

200 4431 313 4480 Asianus
330 4447 355 4494 ρ.
374 4434 398 4480 8.
417 4434 432 4479 V
450 4429 508 4479 Μαι·
625 4430 658 4480 28
676 4431 810 4496 obtegatur
832 4429 953 4495 Virgilius
971 4430 1038 4480 Maii
1139 4440 1163 4478 et
1181 4427 1229 4477 hoe
1247 4440 1383 4489 neutrum,
1408 4447 1501 4497 uesper

202 4500 315 4562 hesperis
336 4499 435 4563 uesperi
455 4513 547 4562 uesper
566 4498 809 4563 uespereVirpilius
827 4498 895 4548 Maii
961 4499 994 4547 29
1013 4496 1170 4547 uorrrinatiuo
1187 4497 1310 4560 erilius
1328 4497 1401 4548 Mart
1468 4501 1501 4550 30

200 4566 341 4614 discessum
353 4567 439 4615 dicius
479 4565 614 4614 inchoante
631 4565 677 4614 sed
695 4566 744 4615 huc
762 4580 853 4616 nomeu
872 4565 1065 4616 declinationem
1086 4564 1178 4614 nullam
1197 4563 1374 4617 habetMaius
1415 4578 1499 4617 autem

200 4644 239 4682 est
256 4649 311 4682 cum
331 4634 384 4683 sole
405 4634 492 4684 Maius
548 4635 580 4682 32
599 4634 712 4682 liniatur:
741 4636 831 4683 etenim
851 4635 917 4683 sieut
935 4634 989 4683 dies
1008 4634 1089 4683 noetis
1108 4647 1229 4682 successu
1247 4647 1404 4699 uesperum,
1422 4637 1460 4685 sie
1477 4647 1501 4684 et

200 4715 252 4749 non
271 4702 311 4750 die
324 4713 413 4750 exorto
427 4716 559 4765 uesperum
573 4701 648 4749 habet
660 4710 684 4749 ct
696 4703 733 4749 sir
751 4702 892 4751 ‹leelinutur
909 4702 1003 4752 Malles.
1032 4702 1083 4750 Hic
1094 4703 1164 4751 locus
1179 4701 1283 4764 Virgilii
1295 4703 1398 4754 numine
1409 4706 1499 4754 onisco

200 4770 291 4829 tepitnr
309 4771 382 4817 etium
401 4771 426 4817 iu
443 4774 526 4832 prium
543 4770 599 4817 rod.
618 4767 697 4820 Beria.
716 4772 767 4817 25¹6
784 4772 879 4833 popina
895 4787 963 4821 suec.
984 4771 1022 4818 X:
1043 4769 1170 4834 obtegitur
1181 4795 1212 4804 -
1223 4768 1369 4820 discessum
1390 4799 1423 4810 -
1443 4787 1497 4821 eum
