3466 5422
747 286 969 333 -Xll—

215 480 291 523 usus
306 458 510 524 obseruantia
531 460 565 523 et
585 456 788 523 officiositate
810 457 958 540 remotis,
980 460 1141 543 quotquot
1163 442 1349 542 obstabant,
1371 456 1511 523 adeundi

215 568 457 633 difficultatibus
489 569 737 654 amplissimum,
774 568 809 633 in
845 589 909 651 quo
946 567 1049 633 laetus
1082 568 1293 652 exspatiarer,
1329 567 1511 633 studiorum

214 700 362 762 campum
388 679 468 744 mihi
497 679 696 744 ostendisset.
741 679 849 761 Atque
876 677 993 742 horum
1020 678 1200 744 officiorum
1222 679 1278 763 pia
1298 677 1455 745 memoria
1474 678 1511 745 in

215 787 277 855 hoc
297 788 381 855 hhro
403 790 474 873 ipso
497 789 655 855 collocata'
675 792 732 853 eat

297 898 367 965 Iam
394 921 433 964 ex
455 900 602 990 uirorum
621 897 789 963 doctorum
811 919 944 963 numero
962 896 1169 963 Woelfflinus
1191 898 1312 964 amicus
1333 897 1372 963 de
1395 897 1511 965 codici·

214 1009 273 1074 buc
295 1009 522 1075 lhriceneibua
550 1007 576 1076 C
602 1010 643 1073 37
671 1011 705 1073 et
732 1009 773 1073 58
801 1013 947 1074 accurate
974 1008 1054 1073 mihi
1083 1008 1264 1093 respondit,
1293 1007 1511 1075 Buechelerue

214 1119 345 1186 alterius
372 1120 504 1203 codicis,
533 1119 588 1203 qui
610 1117 775 1185 Sedulium
803 1119 963 1201 continet,
991 1117 1164 1184 adhibendi
1185 1119 1276 1184 nullo
1298 1140 1371 1184 meo
1392 1122 1511 1206 rogatu

213 1230 340 1314 copiam
373 1230 465 1314 fecit,
498 1229 623 1295 Keilius
655 1229 781 1312 aliquot
809 1228 965 1295 librorum
998 1229 1233 1293 rarissimorum
1259 1228 1410 1295 notitiam
1436 1229 1511 1295 eub-

214 1340 427 1423 minietrauit‚
454 1340 618 1405 Vsenerua
651 1338 788 1423 denique
821 1338 861 1404 de
894 1339 988 1403 rebus
1016 1338 1274 1425 orthographicis
1302 1342 1510 1423 quaerentem

214 1451 354 1536 benigne
376 1449 501 1515 adiuuit
520 1450 722 1532 transmissa,
744 1471 842 1533 quam
863 1448 942 1514 olim
964 1453 1110 1516 accurate
1132 1450 1265 1532 fecerat,
1291 1448 1409 1515 codicis
1431 1448 1510 1515 Ber-

213 1561 324 1625 ueneie
342 1562 380 1626 16
394 1561 617 1625 lemmatorum
634 1559 956 1645 orthographicorum
970 1560 1011 1625 ad
1030 1559 1295 1645 orthographiam
1312 1558 1510 1626 Berneuaem

215 1672 352 1755 primam
373 1671 605 1755 pertinentium
627 1669 826 1735 collectione.
871 1668 933 1736 Sed
955 1671 995 1734 iia
1017 1692 1145 1756 quoque
1167 1671 1261 1754 uitia,
1289 1670 1346 1755 qui
1373 1670 1511 1735 auctori·

213 1785 280 1846 tate
307 1785 403 1864 atque
431 1781 578 1864 hortatu,
607 1779 690 1861 dum,
710 1779 762 1844 his
789 1781 1028 1865 incumbebam,
1056 1781 1184 1847 fortiter
1204 1803 1256 1846 me
1277 1783 1510 1863 sustentanmt,

213 1913 353 1956 summas
368 1912 429 1977 ago
446 1891 575 1977 gratiae.
612 1889 702 1955 Inter
723 1911 804 1975 quos
818 1889 1019 1956 Henricue
1033 1891 1194 1956 Keilius
1216 1891 1267 1957 uir
1288 1890 1510 1976 amicissimus,

213 2022 286 2066 cum
307 2002 387 2066 heec
409 2002 451 2066 ob
473 2001 623 2067 eximiam
645 2001 887 2067 uenerationem
908 2001 969 2067 eibi
992 2000 1067 2066 data
1095 2000 1262 2086 dicamque
1289 2000 1449 2087 perleget,
1479 2001 1507 2065 si

212 2134 317 2196 neque
331 2115 451 2177 temere
465 2133 570 2195 neque
585 2110 705 2177 frustra
720 2111 806 2176 huuc
820 2110 962 2176 laborem
978 2117 1160 2195 susceptum
1175 2134 1243 2177 esse
1258 2111 1422 2194 iudicabit,
1437 2112 1507 2194 uoti

212 2244 334 2306 conpos
356 2244 421 2287 ero.

297 2525 422 2590 Dabam
445 2527 570 2593 Bernae
592 2551 622 2593 a.
644 2527 673 2591 d.
696 2526 808 2592 XVllI
830 2527 903 2592 Kal.
927 2530 1014 2612 Sept.
1037 2529 1114 2593 anui
1137 2525 1433 2594 Glalloecchxx.
1516 2611 1526 2626 ·
