3420 5378
575 272 615 324 ru
632 270 717 324 nou.
735 271 861 324 sorau
879 272 1058 325 uaroaau.
1398 268 1461 334 251

170 457 309 536 Quinque
336 457 446 538 'genera
476 461 506 520 in
538 461 732 542 sequentibus
762 469 990 530 commemorat,
1020 477 1096 538 quae
1124 460 1173 521 hic
1194 459 1330 520 breuiter
1351 460 1462 536 tangit3

173 579 241 622 cum
265 560 336 622 dicit
358 561 465 639 ‘agere
475 567 494 631 ’,
522 562 749 642 comprehendit
777 565 873 624 aetina
901 571 930 623 et
957 562 1145 623 medietatem
1173 562 1339 622 communis
1367 558 1462 628 uerbi;

170 679 239 723 cum
262 661 332 722 dicit
361 663 466 742 ‘pati’‚
498 663 722 742 comprehcndit
749 666 866 742 passion
891 671 920 724 et
941 663 1063 725 alteram
1087 662 1274 724 medietatem
1297 661 1464 722 communis

170 761 273 830 uerbi;
304 781 371 824 cum
395 764 466 825 dicit
489 767 664 833 ‘neutrum'‚
693 764 920 844 comprehendit
943 763 1085 826 neutralia
1108 764 1199 826 uerba
1222 771 1252 824 et
1274 763 1461 839 deponentia.

142 861 342 936 sQualitas
364 864 473 926 dicitur
489 868 519 927 in
535 866 645 941 uerbo,
671 866 816 944 eoquod,
840 865 925 945 quale
949 868 985 927 sit
1007 865 1079 928 illud
1103 865 1244 934 uerbum,
1268 864 1460 932 demonstrat,
1475 879 1524 925 scr,
1539 880 1563 918 rs

169 967 335 1045 perlectum
366 965 504 1028 uidelicet
532 986 568 1027 an
599 969 849 1044 frequentatiunm
879 986 915 1028 an
944 968 1150 1029 meditatinum
1180 966 1227 1027 uel
1249 965 1460 1026 inclinatiunm.

170 1068 396 1145 coniugatio
428 1068 535 1129 dicitur
569 1070 652 1145 qnasi
686 1069 833 1148 colligatio
856 1065 868 1149 ΙΙ
887 1065 947 1130 175
964 1065 992 1150 dn
1024 1088 1060 1130 eo
1082 1069 1161 1148 quod
1190 1065 1244 1128 snb
1274 1084 1332 1128 nna
1360 1065 1462 1144 regula

169 1168 254 1248 quasi
276 1166 332 1228 sub
355 1187 414 1229 uno
436 1171 505 1246 iugo
527 1168 618 1230 multa
642 1170 734 1231 uerba
757 1172 931 1248 coniungam
956 1179 986 1230 et
1007 1178 1052 1232 est
1074 1170 1240 1248 coniugatio
1263 1167 1348 1229 uerbi
1370 1166 1460 1228 decli·

170 1270 259 1330 natio.
305 1271 430 1332 Genus
457 1270 603 1331 dicituro
626 1272 811 1349 generando,
841 1290 877 1333 eo
900 1272 977 1352 qnod
1002 1291 1094 1334 unum
1114 1277 1276 1350 generetur
1298 1288 1333 1330 ex
1356 1268 1460 1338 altero,

132 1387 158 1427 ro
172 1372 323 1450 pastinum
347 1390 383 1432 ex
405 1372 517 1441 actiuo,
541 1373 669 1434 actiuum
693 1392 727 1434 ex
751 1373 881 1454 passion.

626 1580 627 1585 ¹
670 1560 718 1621 DE
741 1557 961 1630 Qvtnlrtrss.

254 1675 425 1746 Qualitas
458 1677 657 1738 uerborum
688 1680 723 1738 in
753 1680 869 1745 niudis
898 1688 932 1739 et
964 1682 999 1739 in
1031 1681 1162 1740 lormis
1190 1687 1259 1746 est,
1290 1678 1460 1740 constituta.
1475 1691 1563 1738 ΜΠ

169 1779 243 1840 Com
266 1779 480 1856 interrogetur,
504 1780 574 1856 qnid
598 1786 643 1839 est
665 1780 806 1857 qualitas?
829 1780 1025 1859 respondetur
1048 1780 1167 1840 ‘modus
1189 1788 1219 1840 et
1241 1781 1358 1848 iorma',
1376 1777 1461 1839 uerbi

167 1881 277 1958 gratia:
302 1880 394 1956 ‘lego’
411 1882 495 1941 cuius
510 1881 677 1958 qualitatis?
700 1882 778 1942 rnodi
796 1880 950 1941 indicatiui
966 1883 1174 1961 perfectaeque
1190 1882 1319 1948 lurmae;
1336 1878 1460 1941 ‘lectito’

129 1982 254 2042 sncuins
283 1979 433 2060 qualitatis
461 1983 522 2042 esti
551 1983 701 2044 indicatiui
730 1982 809 2042 modi
837 1989 867 2042 et
889 1982 1002 2043 lormae
1030 1982 1280 2063 irequentatiuac;
1307 1980 1461 2043 ‘lecturio’

169 2081 250 2142 modi
273 2082 426 2143 indicatiui
449 2091 479 2143 et
501 2084 613 2145 lormae
643 2082 841 2148 meditatione.
886 2083 1026 2145 ‘Modus'
1051 2083 1199 2144 dicitnr-a
1222 2084 1461 2145 ‘moderatione'

168 2185 233 2244 siue
255 2202 270 2243 a
296 2185 473 2264 ‘motione',
497 2203 531 2245 eo
555 2185 632 2262 qnod
656 2203 734 2246 unns
757 2193 912 2247 moneatur
934 2187 964 2245 in
987 2185 1130 2255 alterum,
1153 2185 1334 2247 indicatinus
1355 2186 1385 2247 in
1408 2187 1459 2246 im·

168 2286 347 2364 perationm,
372 2287 566 2364 imperatione
588 2288 618 2347 in
641 2290 825 2367 optatiuum,
849 2289 999 2367 optatinus
1020 2289 1049 2348 in
1066 2288 1298 2348 coniunctionm.
1329 2287 1461 2348 ‘Forma'

168 2385 280 2447 dicitur
302 2386 340 2448 ab
363 2388 585 2455 informando,
617 2408 652 2449 eo
680 2388 760 2467 qnod
789 2407 843 2452 nos
873 2390 1012 2450 informet
1034 2388 1070 2450 ad
1094 2407 1215 2451 sensum
1244 2388 1330 2449 uerbi
1351 2384 1460 2449 intelli·

129 2486 372 2566 augentomo
400 2499 444 2548 est
473 2490 566 2551 lorma
596 2508 700 2552 sensus
729 2488 823 2550 uerbi.
874 2491 970 2551 Modi
1005 2499 1124 2552 autem
1153 2499 1251 2564 sunt,
1287 2498 1328 2551 ut
1356 2488 1563 2550 multicano

169 2590 403 2658 existimant,
428 2590 502 2661 vll,
527 2594 611 2671 qnasi
634 2592 762 2653 diceret:
786 2593 853 2669 ‘ego
869 2610 928 2653 nou
944 2594 984 2652 ita
1001 2595 1152 2653 aestimo’.
1187 2589 1340 2663 Quidam
1363 2598 1461 2650 antem

169 2689 219 2751 Vll
242 2690 379 2751 dixerunt
403 2701 525 2772 propter
548 2695 756 2773 promissiuum
780 2694 899 2752 modum
923 2693 1054 2754 lotorum
1076 2692 1245 2761 indicandi,
1277 2701 1309 2752 ut
1331 2690 1462 2768 ‘legam’.

169 2794 243 2855 Cum
267 2794 345 2853 enim
369 2793 436 2853 dico
459 2793 589 2871 legam,
612 2797 755 2874 promitto
778 2813 825 2855 me
847 2793 1008 2862 lecturum:
1032 2794 1082 2853 sed
1107 2793 1186 2854 hunc
1210 2811 1268 2854 non
1290 2793 1461 2872 recipimus.

169 2892 403 2954 lndicatiuns
425 2894 536 2957 dicitur
558 2894 595 2959 ab
617 2895 789 2956 indicando:
814 2893 882 2957 dico
904 2896 985 2956 dicas
1008 2897 1026 2953 i·
1051 2912 1203 2964 consecro,
1227 2892 1326 2955 indico
1349 2891 1564 2958 indicasser,1c

130 2997 276 3056 retransit
297 2997 327 3056 in
351 2998 539 3075 participium
563 2995 725 3070 indicatus,
755 2996 824 3056 inde
852 2996 1040 3057 indicatinus.
1085 2996 1151 3066 Qui
1179 3005 1215 3057 et
1241 2996 1462 3076 pronuntia-

169 3099 273 3158 tiuus
301 3096 457 3163 dicitur.
487 3097 622 3176 eoquod
652 3115 705 3175 per
733 3097 817 3160 illum
846 3099 984 3178 quicquid
1015 3099 1129 3176 agimus
1158 3097 1204 3158 uel
1234 3099 1364 3177 patimur
1394 3114 1461 3176 pro·

171 3200 352 3260 nuntiamus.
397 3199 649 3278 {mperatiuus
672 3182 781 3260 dicitur
803 3200 840 3259 ab
863 3199 1052 3279 imperando.
1075 3209 1107 3261 nt
1129 3198 1209 3278 ‘lege
1232 3200 1346 3263 irater’.
1390 3198 1572 3276 Op·³81.1⁰-
1590 3213 1615 3253 20

171 3302 314 3361 tatinus
337 3301 445 3361 dicitnr
468 3301 504 3360 ab
527 3300 665 3380 optando,
691 3320 726 3360 eo
749 3301 826 3378 qnod
851 3302 986 3361 ‘utinam'
1004 3301 1178 3362 aduerhium
1203 3300 1323 3380 optandi
1346 3301 1461 3379 recipit.

171 3401 444 3464 Coniunctiuus
472 3404 501 3462 in
526 3402 630 3463 ultimo
652 3404 786 3482 ponitur,
816 3404 883 3482 quia
906 3404 936 3463 in
959 3404 1173 3481 perlectionem
1197 3420 1254 3463 non
1278 3401 1372 3462 solnm
1396 3411 1464 3480 eget

132 3505 262 3563 ao‘cnm'
287 3503 445 3580 particula,
470 3505 521 3565 sed
545 3504 622 3565 alind
646 3504 701 3565 sihi
724 3505 849 3566 uerbum
874 3506 1038 3582 coniungit,
1064 3513 1095 3564 ut
1117 3508 1197 3564 ‘curn
1221 3503 1332 3582 legam,
1355 3502 1463 3563 intelli·

171 3609 267 3685 gam'‚
297 3610 382 3665 ‘cnm
406 3605 578 3686 tribularer,
608 3605 755 3667 clamaui'
802 3607 1023 3667 lnlinitiuus
1051 3614 1081 3666 et
1108 3605 1377 3684 impersonalis
1405 3607 1462 3664 iam

171 3705 266 3767 ultimi
290 3717 455 3785 ponuntur,
479 3713 547 3786 quia
570 3711 737 3789 imperfecti
759 3717 836 3769 sunt.
883 3707 1084 3768 ‘inlinitinus'
1109 3707 1225 3776 dicitnr,
1256 3709 1324 3785 quia
1353 3709 1463 3786 imper-

170 3808 266 3870 lectus
289 3818 347 3874 est,
373 3830 407 3868 eo
432 3811 510 3886 qood
534 3829 593 3870 non
617 3821 660 3870 est
683 3812 819 3871 linitus:
845 3828 903 3869 non
928 3809 1031 3870 delinit
1053 3827 1208 3870 numerum
1232 3827 1287 3869 nec
1309 3826 1462 3888 personas.

170 3910 222 3971 sed
247 3908 441 3971 uoluntatiuis
465 3911 564 3971 uerbis
586 3915 686 3979 utitur,
710 3921 743 3973 ut
764 3910 875 3989 ‘legere
900 3911 978 3972 uolo’
1001 3919 1030 3971 et
1052 3910 1224 3972 ‘nolumus’.
1242 3908 1253 3991 ΙΙ
1273 3907 1332 3970 176
1347 3905 1361 3992 [Ι
1376 3909 1463 3970 ‘Con
1485 3952 1489 3956 -

133 4023 159 4063 ³⁵
173 4012 335 4072 iunctiuus’
359 4011 466 4073 dicitur
489 4033 504 4072 a
528 4013 769 4091 ‘coniungendo’,
794 4032 829 4073 eo
853 4013 931 4092 quod
955 4014 1108 4090 coniungit
1129 4011 1186 4071 sibi
1209 4012 1312 4071 ‘cum'
1336 4011 1463 4089 particu-

172 4111 241 4175 lam.
287 4113 447 4175 Considera
470 4113 605 4174 ordinem
628 4113 792 4175 modorom.
838 4114 1019 4176 lndicatiuns
1040 4116 1153 4193 primus
1175 4115 1305 4193 ponitur,
1329 4131 1366 4173 eo
1386 4112 1463 4191 quod

240 4367 256 4415 6
275 4367 313 4416 nel
332 4367 496 4416 indic-atinum
568 4369 599 4417 17
616 4331 794 4433 ddrperatinnm
863 4371 896 4418 30
911 4328 968 4418 lddum

240 4607 273 4656 20
293 4606 383 4656 Glosaa
400 4608 497 4657 codicia
515 4605 690 4669 Beroensiaf.
710 4604 744 4654 dl
762 4622 841 4671 mnrp.
859 4608 921 4656 sin:
950 4605 1027 4664 Quasi
1046 4606 1140 4655 diceret
1158 4603 1286 4654 Donntnsa
1306 4603 1357 4653 ‘illi
1376 4605 1464 4653 existi-

172 4683 257 4738 mant,
276 4674 322 4724 sed
341 4689 390 4739 ego
410 4690 459 4723 nnn
478 4675 598 4723 existimo
617 4674 665 4723 nisi
684 4690 730 4724 sex
749 4689 807 4724 esse
824 4674 929 4733 modos,
948 4675 1021 4736 qnia,
1040 4673 1110 4736 quod
1128 4673 1216 4723 dicunt
1233 4672 1344 4722 initurum
1363 4682 1464 4738 tempus

172 4741 303 4792 indicatini
322 4758 379 4793 ease
397 4742 593 4810 promissiuum,
613 4757 660 4792 noa
678 4757 729 4792 non
747 4742 908 4808 accipimus)
