3466 5422
315 326 388 372 Lllll
701 312 749 361 bn
768 310 888 363 Lienis
908 311 1216 367 IIINSIDLENSIBVS.

392 521 418 576 p.
444 500 483 558 95
510 500 545 555 lle
568 516 635 557 uoce
658 501 763 573 prImus
786 499 855 557 lIber
875 510 919 558 est
942 511 969 557 et
990 501 1114 576 partibus
1138 502 1212 574 eius,

509 586 544 640 lle
567 585 631 659 quid
654 584 732 641 litera
753 586 806 658 sit,
830 585 929 660 quibus
951 595 979 642 et
1003 596 1071 660 quot
1093 587 1217 661 partibus
1239 587 1313 643 insit,

510 670 566 726 Vox
589 677 630 726 est
653 678 684 725 ut
705 670 816 742 dieunt,
839 687 885 727 aer
909 673 1087 728 tenuissimus
1110 675 1181 729 letus

506 756 562 810 Aut
584 756 635 811 boc
657 754 803 829 sensibile,
827 758 938 830 proprie
961 757 1034 831 quod
1057 756 1173 813 discitur
1194 773 1259 813 aure

507 838 692 896 Articulataue
713 857 769 896 non
792 856 846 896 uox
869 839 1006 897 literulata
1029 840 1059 897 iit
1082 851 1207 898 autnon

508 923 658 981 articulata
679 923 710 980 ut
732 941 764 981 ex
786 925 893 996 ammo,
917 928 1053 983 contrarIa
1076 943 1225 1001 nunquam.

507 1008 581 1078 Quae
604 1010 710 1083 species
733 1018 897 1082 integunt,
920 1010 1076 1068 discrimina
1099 1020 1218 1085 quatuor
1241 1011 1291 1067 bec
1311 1019 1390 1066 sunt:

507 1093 722 1151 Commimeutur
745 1096 814 1169 euim
838 1094 992 1152 discrImina
1015 1096 1077 1152 bina
1101 1078 1233 1152 uicissiua'

507 1178 542 1234 Vt
564 1179 617 1234 dux
639 1197 653 1235 a
677 1179 763 1250 duco,
787 1196 841 1236 uox
864 1179 964 1237 dicitur
986 1198 1001 1237 a
1024 1197 1095 1239 uoco
1117 1179 1205 1237 uerbo
1291 1194 1296 1203 ·

507 1262 571 1319 Siue
594 1261 647 1320 boo
670 1280 771 1337 greco,
795 1263 879 1321 reboo
901 1268 1075 1339 componitur
1098 1283 1130 1321 cx
1152 1282 1217 1340 quo.

507 1348 610 1405 Littera
633 1350 802 1423 compositae
824 1351 902 1406 uocis
924 1350 1004 1407 datur
1027 1350 1152 1407 atlrouaus
1175 1350 1248 1406 esse'

507 1433 540 1489 Vt
562 1442 641 1490 caute
664 1433 763 1490 dicam:
787 1451 856 1509 quae
879 1435 1010 1491 scribitur
1031 1435 1121 1507 Illius,
1144 1438 1270 1508 inquam,

506 1517 533 1573 In
557 1527 749 1575 constructura
770 1520 848 1576 uocis
870 1520 933 1593 quia
956 1520 994 1576 nil
1017 1520 1106 1577 miuus
1129 1521 1187 1594 ipsa
1210 1528 1262 1575 etc.

393 1635 506 1695 Desinit
525 1635 601 1695 liber
618 1637 738 1710 primas
758 1637 790 1695 in
812 1636 865 1694 bos
886 1652 1009 1696 uersas:

305 1757 334 1811 V.
360 1755 421 1814 376
507 1755 630 1811 Nominis
652 1757 679 1811 in
703 1754 756 1812 line
779 1764 855 1811 tenet
877 1756 901 1812 li
923 1759 1000 1830 prior
1020 1757 1038 1814 S
1061 1757 1119 1814 loca
1142 1765 1225 1813 mute.

507 1840 628 1914 Namque
651 1858 700 1914 per
723 1840 730 1895 i
754 1841 871 1897 merlium
894 1842 1012 1899 Iorrnare
1034 1842 1106 1898 solet
1128 1842 1293 1916 geniturum:

507 1924 552 1982 Sic
574 1926 606 1981 ab
630 1926 715 1981 biems
738 1917 851 1996 bie'mis,
875 1925 950 1983 uelut
972 1943 1004 1983 ex
1027 1926 1093 1984 urbs
1116 1929 1237 1984 nascitur
1258 1927 1344 1983 urbis.

387 2042 475 2102 Libri
494 2041 532 2101 II
552 2042 669 2101 initiam
691 2040 748 2101 boc
769 2048 814 2102 esi
829 2059 864 2117 p.
887 2048 941 2102 98:

304 2159 410 2237 (rubr.)
440 2174 443 2179 ·
507 2162 642 2219 Hactenus
664 2162 729 2219 lraec
752 2164 857 2236 primus
879 2162 948 2219 liber
971 2164 1082 2234 etloeet,
1105 2165 1166 2219 Inde
1189 2166 1340 2235 secuurlus,

506 2247 608 2304 Littera
632 2248 768 2304 litterulas
791 2247 835 2303 ubi
858 2264 929 2319 non,
953 2249 998 2303 ubi
1022 2257 1158 2318 transcat,
1182 2252 1208 2304 iu
1231 2266 1298 2323 quas

443 2334 446 2342 '
505 2331 562 2399 Que
584 2332 621 2386 sit
643 2334 771 2404 cognatio
795 2349 845 2388 sua
868 2332 911 2389 uel
935 2335 995 2424 puis
1018 2333 1130 2389 cuilibet
1152 2334 1229 2390 ordo.

504 2586 607 2641 Littera
630 2586 682 2641 Iert
704 2586 811 2659 specIes
833 2585 943 2643 uocales
965 2594 1182 2644 conresonantes
1202 2586 1251 2660 (aa
1273 2590 1561 2664 conque'sonantcs‘l)

506 2669 561 2725 Sub
583 2669 722 2727 uocalibus
745 2670 812 2741 hae,
835 2688 903 2744 quae
926 2678 991 2726 sunt
1013 2669 1166 2746 longaeque
1188 2672 1342 2748 breuesque

504 2754 560 2812 Sub
583 2753 785 2811 remanentibus
808 2757 875 2825 hae,
899 2765 1055 2829 quaesunt
1077 2756 1226 2829 situplaeue
1248 2757 1381 2832 duplaeue

504 2844 556 2896 Aut
578 2841 714 2915 aspiratae
737 2839 780 2897 uel
804 2857 858 2896 non
882 2840 975 2896 Irarum
999 2841 1158 2914 mediaeque
1181 2851 1233 2899 etc.

391 2958 494 3017 Vltimi
513 2973 619 3017 uersas
640 2957 675 3015 bi
694 2963 781 3017 sani·

300 3078 329 3132 V.
352 3076 414 3133 409
501 3078 534 3132 Vt
556 3078 628 3134 nubo
652 3080 748 3152 nupsi,
770 3081 875 3152 pariter
897 3078 986 3135 scribo
1010 3095 1120 3153 quoque
1142 3081 1240 3153 scripsi

503 3162 600 3236 Fitque
622 3164 682 3219 soni
704 3180 801 3231 causa,
824 3163 893 3219 nolit
915 3163 978 3220 licet
1000 3163 1133 3237 analogia.

384 3274 470 3337 Libri
491 3275 576 3337 ieria'i
596 3280 637 3338 in.
657 3295 690 3353 p.
714 3284 785 3343 103:

501 3399 575 3467 Quae
596 3398 678 3455 scribi
701 3400 854 3473 patiami,
877 3401 1043 3474 allicitur,
1067 3400 1169 3475 syllaba
1193 3417 1245 3457 uox
1268 3411 1326 3473 est,

502 3482 560 3541 Non
584 3485 756 3541 intermissus
778 3486 821 3541 cui
845 3487 959 3559 spiritus
981 3495 1009 3542 et
1032 3496 1112 3543 tenor
1134 3502 1204 3542 unus
1227 3495 1279 3543 ete.

299 3606 390 3673 atone
408 3602 479 3672 finis
501 3601 633 3660 mandem
650 3618 685 3676 p.
712 3607 784 3660 105:

361 3722 389 3776 V.
414 3721 475 3780 216
498 3721 525 3777 Si
549 3738 631 3794 rogo:
654 3719 732 3796 ‘quid
754 3740 888 3780 sumtuum
912 3725 948 3780 sit
970 3725 1050 3794 uita’‚
1074 3724 1118 3781 dat
1141 3727 1202 3798 qtris
1225 3724 1406 3782 ‘laonestum'.

500 3806 568 3863 Ecce
590 3806 620 3862 iit
644 3823 674 3862 ex
698 3824 753 3864 uno
777 3810 912 3866 sententia
934 3826 1057 3883 congrua
1079 3809 1175 3866 uerbo.

903 3893 987 3951 binis.
1629 3975 1631 3979 .

382 4007 446 4068 Hoc
468 4004 563 4082 ibitur
583 4023 707 4068 carmen
729 4010 808 4068 mille
830 4011 989 4085 decemque
1012 4027 1149 4071 unsarana
1170 4012 1358 4072 Venerabilis
1379 4012 1472 4071 Pater
1488 4012 1594 4072 Gallus

300 4108 443 4169 Marelias
468 4107 682 4186 Einsidiensis,
715 4112 802 4171 anius
833 4109 986 4172 amicitiae
1014 4114 1209 4187 speciminum
1241 4128 1336 4187 snpra
1369 4113 1593 4186 propositorum

295 4210 478 4286 opoprapba
508 4210 614 4279 debeo,
643 4219 724 4271 recte
749 4214 826 4273 uidit
852 4213 1009 4272 Prisciani
1032 4218 1202 4286 praecepio
1229 4214 1260 4271 in
1288 4219 1405 4272 tantam
1432 4213 1531 4285 sequi,
1561 4219 1594 4272 al

295 4314 363 4386 ipso
382 4314 558 4387 plenamque
579 4313 734 4373 Prisciani
753 4313 847 4373 narba
869 4327 1017 4388 expressa
1039 4315 1107 4372 sint.

379 4413 515 4487 Denique
539 4415 598 4474 bne
624 4412 746 4487 referas
771 4414 839 4474 aad.
864 4415 947 4472 Eius.
975 4419 1030 4470 172
1050 4420 1216 4473 commenta
1237 4416 1269 4473 in
1292 4415 1440 4474 Donati
1461 4425 1541 4475 artes
1563 4424 1592 4477 et

295 4514 527 4582 barbarismum,
551 4532 629 4589 qnae
643 4515 731 4574 baias
744 4515 816 4574 libri
831 4532 866 4590 p.
887 4516 943 4571 202
956 4531 979 4572 s.
997 4511 1145 4575 edidimus
1168 4514 1226 4589 (cf.
1242 4534 1337 4592 snpra
1356 4534 1388 4592 p.
1406 4517 1502 4577 XLII
1512 4523 1590 4594 noi.)

295 4624 323 4675 ei
348 4615 519 4676 Terentii
540 4620 704 4675 tractatam
727 4614 765 4674 aie
779 4616 872 4675 uerba
886 4616 953 4674 eod.
971 4621 1009 4673 32
1027 4632 1058 4690 p.
1078 4623 1151 4690 200,
1174 4616 1212 4677 tie
1233 4636 1292 4693 qno
1311 4617 1416 4694 praef.
1434 4618 1536 4695 portis
1557 4622 1596 4680 II

294 4733 364 4793 cap.
388 4718 440 4777 XI
459 4733 588 4790 (rpentes.

830 4836 1053 4845 --—-.—
