3420 5378
865 284 1089 339 PRISCIANEA.

905 556 988 623 Gor.
1013 556 1059 622 ΙΙ.

471 709 530 775 DE
554 708 744 786 ALIQVOT
766 708 988 777 PRISOIANI
1010 707 1239 776 OODIOIBVS
1261 706 1496 775 HACTENVS

849 825 1113 896 INOOGNITIS.

422 1003 448 1083 1)
474 1006 559 1065 Elios
581 1005 740 1066 Pulsoltius
758 1004 864 1081 praes.
883 1022 919 1082 p.
944 1011 971 1079 3,
993 1011 1152 1081 postquam
1174 1004 1321 1064 librorum
1343 1001 1638 1078 Bonporsionorurn

336 1109 379 1167 od
399 1108 618 1168 emendandum
640 1104 834 1168 Priscianum
856 1104 1062 1167 adhibitorum
1085 1104 1272 1180 aliorumque
1294 1107 1430 1167 codicmn
1451 1109 1637 1167 mentionem

333 1209 423 1281 fecit,
446 1209 502 1270 boc
523 1205 683 1270 subintulit
702 1211 776 1269 sotis
796 1208 1002 1269 memorabile:
1025 1208 1181 1268 ‘Lucanae
1196 1206 1312 1283 aliquot
1333 1214 1464 1279 restant,
1486 1225 1578 1283 quos,
1604 1217 1637 1269 ut

334 1327 505 1387 speramus,
529 1328 570 1371 ex
592 1311 625 1369 Ρ.
648 1311 770 1370 Petouii
789 1310 945 1371 Senatoris
967 1311 1058 1386 Repii
1076 1312 1196 1384 codiee,
1227 1326 1313 1385 quem
1334 1310 1381 1370 Iris
1402 1306 1525 1370 excusis
1546 1327 1636 1372 acce·

331 1414 448 1488 pimus.
472 1415 503 1472 in
524 1415 602 1473 notis
623 1413 830 1488 explebimus?
863 1413 928 1485 Quo
943 1414 981 1474 de
995 1429 1030 1472 re
1043 1413 1188 1472 Hertzius
1197 1410 1305 1488 praef.
1318 1429 1352 1488 p.
1370 1411 1435 1470 XX
1439 1411 1484 1472 VI
1498 1420 1558 1472 not.
1578 1420 1637 1473 too

336 1517 381 1574 ito
403 1515 588 1589 disputauit,
620 1521 653 1574 ut
674 1530 747 1589 quos
762 1513 951 1591 potissimum
975 1515 1133 1575 Ptdscbius
1154 1516 1248 1574 libros
1269 1515 1468 1588 sipnificasset
1487 1512 1637 1590 expediri

333 1632 421 1693 posse
447 1618 589 1677 maiorem
612 1623 734 1692 portem
763 1625 899 1692 neporct.
944 1618 1065 1678 Petauii
1090 1613 1188 1691 ipitur
1213 1616 1342 1689 codicis,
1373 1617 1458 1676 cuins
1484 1619 1633 1677 memorio

337 1719 406 1778 inde
429 1715 601 1779 aPutsclu'o'
621 1726 719 1779 morte
734 1726 938 1795 praematuro
957 1716 1079 1794 penitus
1094 1719 1253 1791 obmutuit,
1278 1718 1336 1778 duo
1354 1715 1436 1790 solio
1459 1718 1503 1778 od
1524 1726 1633 1779 nostro

337 1827 473 1895 tempora
495 1821 681 1881 demontrant
703 1829 793 1895 utque
822 1821 909 1880 bodie
930 1823 961 1880 in
983 1821 1178 1881 bibliotltecne
1199 1820 1364 1879 Beruensis
1385 1820 1452 1880 cod.
1477 1822 1504 1878 Α
1527 1825 1574 1894 90,
1595 1828 1633 1879 22

334 1928 452 1982 entant.
499 1921 581 1993 (luae
603 1920 724 1997 quidem
742 1921 825 1995 solio
849 1921 973 1994 formae
993 1924 1147 1982 maximoe
1160 1924 1267 1982 litteris
1281 1918 1486 1983 minutissimis
1499 1937 1584 1983 suec.
1601 1923 1633 1982 X

334 2025 449 2099 scripto
471 2025 598 2084 alterum
622 2025 718 2084 Prisc.
734 2024 785 2084 lib.
803 2023 924 2083 XVIII
938 2042 974 2099 p.
994 2030 1057 2098 217,
1078 2031 1231 2097 20-223,
1254 2031 1290 2082 12
1304 2024 1344 2098 II,
1369 2025 1498 2084 alterum
1513 2020 1635 2086 XVIII

330 2143 365 2200 p.
391 2130 457 2199 230,
475 2131 552 2183 8-
568 2131 635 2198 235,
657 2131 694 2183 24
715 2126 882 2185 continent:
903 2127 949 2185 ita
963 2122 1060 2200 ipitur
1073 2142 1136 2186 sese
1150 2128 1277 2187 inuicem
1298 2127 1471 2202 excipiunt,
1494 2133 1528 2187 ut
1541 2142 1633 2187 unum

336 2233 415 2301 ,nter
435 2242 473 2285 eo
491 2225 600 2299 solium
623 2224 811 2287 intercidisse
832 2228 1021 2288 statuendum
1043 2231 1092 2289 sit.
1130 2230 1249 2289 Petouit
1262 2236 1362 2289 autem
1376 2229 1488 2289 codicis
1502 2230 1633 2303 uestipia

336 2344 392 2388 nos
412 2330 686 2402 manibus‘tenere,
709 2334 837 2389 testatur
858 2330 1036 2404 subscriptio
1057 2328 1091 2389 in
1111 2332 1226 2405 priorIs
1236 2329 1311 2402 solii
1323 2332 1463 2404 marpine
1475 2328 1540 2390 ima
1554 2346 1632 2406 pro·

328 2433 449 2507 posita:
470 2431 505 2490 P.
523 2429 690 2504 Petauiu',
713 2433 768 2491 sub
783 2448 845 2506 quo
860 2433 959 2491 altero
974 2439 1059 2491 estut
1074 2433 1138 2491 alio
1153 2447 1243 2491 muno
1257 2433 1390 2506 scripto:
1414 2431 1631 2493 Putsclrius.

338 2532 420 2604 Quae
446 2550 514 2594 cum
543 2534 662 2593 omuino
690 2534 885 2609 autoproplto
912 2536 973 2594 sint
1001 2536 1156 2609 utriusque
1184 2535 1246 2592 uiri
1274 2533 1450 2608 doctissimi,
1480 2536 1542 2593 iam
1569 2550 1633 2595 non

330 2640 430 2710 potest
456 2635 603 2711 dubitari,
631 2637 702 2710 puin
730 2634 765 2695 P.
790 2635 934 2696 Petauius
957 2635 1037 2708 solio
1065 2638 1124 2696 isto
1152 2636 1295 2697 Putscbio
1327 2637 1543 2709 transmiserit,
1573 2651 1633 2711 quo

330 2736 422 2809 [octo
446 2744 515 2813 post
542 2734 681 2798 Putsclrio'
708 2744 832 2797 mortem
860 2754 921 2798 uno
949 2754 1015 2797 cum
1037 2741 1144 2798 ceteris
1165 2738 1360 2798 bibliothecae
1381 2736 1628 2812 Bouporsiauae,

335 2839 442 2914 quibus
462 2838 623 2900 Putscbius
643 2855 714 2899 usus
735 2844 819 2911 mat,
848 2836 937 2899 libris
958 2838 1060 2900 nescio
1082 2856 1141 2914 quo
1159 2839 1232 2912 sato
1254 2841 1297 2899 od
1317 2839 1460 2901 Iacobum
1482 2835 1629 2914 Boupor-

334 2943 410 3001 sium
432 2942 534 2999 delato
555 2947 634 3001 sunt.
679 2941 819 3016 Ipsorum
841 2920 944 3001 uersum
964 2940 1109 3014 soliorum
1132 2944 1157 3000 is
1178 2949 1223 3001 est
1244 2942 1378 3015 babitus,
1403 2941 1542 3001 utmulto
1563 2942 1627 3001 iam

334 3058 469 3118 empore,
499 3049 572 3101 ante
600 3059 690 3117 quam
713 3043 834 3103 Petouii
856 3041 945 3114 sacta
972 3051 1057 3117 sunt,
1086 3060 1126 3103 erc
1152 3044 1266 3104 codicis
1291 3046 1341 3104 sui
1364 3044 1535 3118 conpapine
1550 3058 1625 3118 per·

341 3151 433 3219 petuo
456 3145 557 3203 euolso
575 3143 674 3216 fuisse
689 3151 815 3220 potent,
839 3146 957 3220 quippe
971 3161 1049 3219 quoe
1064 3162 1126 3219 pro
1141 3146 1214 3204 libri
1226 3147 1353 3205 alicuius
1373 3150 1544 3218 tepumenlo
1561 3142 1634 3216 sue·

340 3247 401 3305 rint
422 3247 575 3320 multaque
596 3246 668 3306 inde
684 3246 783 3319 foedo
804 3248 957 3305 seruitutis
978 3243 1205 3318 iudipnissimoe
1218 3245 1308 3320 slpno
1323 3247 1484 3306 traxerint.
1521 3244 1635 3320 Itaque

336 3348 495 3408 uerisimile
517 3356 575 3423 est,
604 3365 671 3408 cum
693 3349 809 3408 codicis
831 3348 997 3407 Petauiani
1016 3349 1192 3407 mentionem
1211 3348 1349 3420 faceret,
1375 3347 1548 3407 Putscltiurn
1569 3364 1634 3408 non

335 3446 394 3509 nisi
416 3450 475 3509 duo
497 3451 555 3509 isto
573 3446 654 3520 solio
677 3450 868 3509 intellexisse.
910 3448 991 3519 (tuoe
1013 3466 1080 3509 oum
1096 3450 1140 3508 ud
1152 3450 1293 3510 editionis
1309 3449 1511 3509 Hertzianae
1531 3464 1633 3508 exem-

266 3600 270 3611 .
336 3552 419 3627 plum
440 3551 680 3622 contulissemus,
711 3550 746 3610 ob
769 3551 903 3625 aliquam
925 3551 973 3609 rei
993 3549 1214 3624 famositatem,
1249 3568 1334 3626 poem
1356 3552 1427 3611 iude
1444 3552 1634 3628 percepisse·

338 3669 403 3713 mus
420 3653 572 3726 fructum,
596 3669 663 3712 cnm
686 3653 762 3712 uiris
783 3652 880 3712 doctis
901 3654 1183 3713 communicandum
1204 3670 1267 3713 csse
1288 3655 1465 3714 censuimus.

415 3788 473 3862 tot.
497 3787 632 3848 tenso.
656 3788 776 3848 XVIII
792 3805 825 3864 p.
852 3793 917 3862 217,
944 3794 981 3846 no
1000 3821 1044 3832 -
1068 3794 1134 3863 223,
1159 3795 1195 3847 12
1217 3788 1257 3878 tt.
1276 3868 1290 3908 ,1

420 3919 463 3983 20
484 3924 613 4000 fugitans
634 3921 710 3984 lites.
745 3923 921 3984 Torrentius
985 3919 1027 3983 24
1049 3940 1124 4002 quae
1147 3880 1524 4002 habofftmsffiniucationem
1590 3920 1635 3987 25

338 4024 521 4087 uerbialibus
585 4021 626 4086 26
650 4027 791 4104 coniungi
856 4020 965 4092 218,9
988 4025 1162 4103 significatio
1218 4025 1317 4103 indiga
1384 4021 1553 4086 lnporum
1576 4045 1633 4105 ego

333 4146 450 4206 semper
517 4124 555 4188 18
579 4127 656 4187 filius
678 4127 733 4187 tuit
755 4128 820 4186 olax
895 4123 936 4187 19
961 4126 1144 4187 aristaltrcus
1208 4122 1250 4187 20
1273 4136 1302 4186 et
1324 4125 1416 4186 clitus
1439 4126 1524 4188 tullio
1589 4126 1634 4190 25

334 4228 453 4308 u‘biquo
539 4226 611 4299 210,
634 4226 655 4289 2
676 4219 1009 4294 ΠΕΡΙΠΟΤΗΤΙΚΑΥ
1072 4225 1275 4290 4diriuantut·
1319 4239 1350 4290 ut
1372 4238 1443 4289 ante
1467 4215 1551 4291 aliIis
1572 4248 1632 4292 om.

332 4327 352 4391 9
374 4340 549 4410 questuosus
571 4331 620 4391 uel
644 4329 750 4391 debilis
829 4326 869 4390 14
891 4333 1053 4392 assciscunt
1076 4330 1238 4391 onerabilis
1262 4333 1312 4408 (=
1328 4330 1521 4409 honorabilIs)
1592 4331 1633 4394 15

333 4432 423 4493 michi
447 4440 492 4493 est
560 4429 596 4493 11
620 4434 671 4512 qui
695 4432 822 4502 iutimis,
847 4433 949 4493 amin
1017 4430 1055 4495 18
1078 4440 1235 4512 penetntur
1302 4428 1341 4493 19
1365 4433 1587 4513 aequipotentia

332 4520 488 4631 quomod?
507 4549 599 4611 uerba
646 4541 820 4616 ΙΕΟΠΑΛΕ
877 4548 920 4612 24
936 4551 1025 4613 herus
1083 4549 1124 4612 26
1141 4553 1225 4631 inpar
1275 4549 1315 4613 21
1331 4555 1491 4632 propincus
1556 4549 1633 4624 220,

334 4652 537 4714 lterrontius
602 4650 724 4733 2plsro
799 4650 965 4714 3iuenalis
1030 4651 1127 4732 bpro
1150 4653 1291 4714 nraroello
1356 4650 1475 4714 811111
1498 4672 1533 4715 νε
1555 4673 1633 4716 uero

335 4749 414 4814 bot
436 4754 514 4813 idem
538 4751 621 4822 Quod
689 4751 726 4815 11
750 4757 835 4833 nequi
882 4772 975 4833 aequo
1042 4751 1081 4813 19
1104 4755 1188 4832 equis
1210 4757 1330 4814 aeuitur
1394 4751 1436 4815 22
1457 4755 1577 4817 fluentis
