3420 5378
315 272 379 333 200
756 270 923 323 VERGlltll
942 271 1174 323 GRAMMATICI

313 461 459 519 incertum
482 459 619 520 liabetur.
664 459 872 539 ‘Nequiquam'
896 467 994 520 autent
1018 466 1046 519 ct
1069 461 1232 537 ‘nequiter'
1248 478 1284 520 ex
1300 463 1456 540 ‘nequam’
1480 463 1621 530 ueniunt,

314 561 390 619 sicut
412 559 511 621 multis
533 560 707 621 Latinorum
730 560 859 621 uidetur.

393 657 520 742 111271)
542 659 553 742 ]
576 660 772 740 Virgilius:
801 666 942 722 Aeneas
970 678 1053 722 meus
1081 661 1199 742 triplam
1230 661 1344 725 adserit
1371 681 1440 725 esse
1468 666 1621 744 participii

315 765 470 823 uirtutem:
494 764 606 842 prima,
631 763 709 842 quod
732 762 857 823 uerbum
881 771 911 823 et
933 781 1041 823 nomen
1064 763 1136 825 duas
1158 763 1339 845 principales
1360 774 1464 847 partes
1485 765 1620 835 obtinet:

314 864 459 933 secunda,
490 863 570 942 quod
593 866 655 925 sia
680 864 772 925 uerbo
796 866 892 924 actiuo
916 864 1020 935 luerit,
1050 865 1155 926 eodem
1183 866 1272 928 modo
1295 869 1369 946 agit:
1399 869 1507 937 tertia,
1537 869 1645 944 quoda

315 967 339 1026 si
362 968 392 1025 in
415 967 473 1026 liue
497 966 656 1027 testimonii
679 967 806 1044 positum
832 966 934 1035 luerit,
958 984 1013 1045 pro
1035 966 1130 1028 uerbo
1152 968 1323 1047 accipiatur.

391 1079 405 1166 Η
421 1084 439 1143 i.
456 1080 513 1145 28·
529 1080 543 1167 l]
559 1084 755 1162 Virgilius:
780 1083 832 1143 Est
853 1084 987 1160 quaestio
1010 1083 1203 1162 perdifficilis.
1242 1085 1402 1157 Quaeritur
1417 1088 1541 1165 itaque,
1563 1108 1619 1168 qua

314 1187 429 1245 ratione
459 1185 583 1245 uerbum
613 1184 781 1263 deponens,
811 1203 846 1244 ex
875 1202 932 1262 quo
960 1186 1016 1244 tria
1046 1186 1201 1266 participia
1223 1194 1292 1248 suut
1310 1233 1426 1249 .....
1434 1233 1443 1257 ,
1473 1196 1510 1249 ut
1537 1189 1619 1249 orior

314 1288 413 1346 ‹triens
441 1288 572 1346 oriturus
600 1294 682 1347 ortus
710 1285 871 1360 oriundus,
901 1305 967 1347 cum
990 1304 1048 1346 non
1072 1287 1110 1347 sit
1131 1289 1297 1367 passiuum,
1321 1307 1358 1348 ex
1384 1307 1446 1369 quo
1468 1287 1617 1358 trabatur,

313 1407 402 1467 super
424 1405 483 1464 quo
506 1392 664 1449 Aeneam
689 1396 718 1449 et
740 1387 971 1466 Galbungum
996 1388 1197 1466 interrogans,
1223 1390 1261 1450 ita
1278 1389 1521 1470 responderunt:
1546 1390 1616 1451 baec
1630 1408 1654 1446 to

315 1487 374 1547 duo
397 1489 553 1568 participia
577 1491 686 1549 ‘crtus'
709 1489 879 1550 ‘oriundus’
903 1491 993 1550 unius
1015 1492 1157 1569 temporis
1180 1508 1255 1552 esse.

393 1587 517 1671 ui28l
539 1588 551 1672 ΙΙ
578 1590 776 1668 Virgilius:
815 1590 877 1651 Alia
905 1592 1053 1669 quaestio.
1088 1610 1179 1671 quare
1208 1590 1299 1652 scribi
1326 1594 1502 1655 iuuenimus
1530 1610 1620 1675 saepe

315 1690 477 1752 ‘standum’
502 1691 692 1752 ‘sedendum’
716 1691 908 1752 ‘addendum'
932 1692 1149 1772 ‘loquendum',
1173 1711 1241 1753 cum
1258 1712 1274 1754 a
1291 1693 1420 1756 neutrali
1443 1692 1546 1756 uerbo
1560 1714 1619 1757 non

315 1792 371 1854 uisi
394 1792 453 1854 duo
477 1795 631 1872 participia
655 1802 684 1854 et
706 1812 722 1853 a
746 1793 907 1873 deponenti
934 1796 991 1854 tria
1019 1801 1133 1855 tantum
1161 1795 1316 1873 participia
1346 1797 1452 1856 uenire
1474 1814 1619 1858 consues-

315 1902 395 1954 cunt.
442 1893 500 1954 Sed
530 1895 585 1953 lroc
614 1894 650 1954 ad
679 1894 878 1975 inpersonalia
906 1895 997 1956 uerba
1026 1894 1233 1965 referendum,
1263 1914 1388 1976 quorum
1419 1897 1514 1972 baec,
1545 1916 1653 1977 quaen

315 1997 525 2076 praediximus,
549 2004 617 2057 sunt
638 1998 921 2076 inpraesentiarum:
946 1997 1237 2076 ‘inpraesentiarum’
1252 1997 1429 2058 aduerhium
1452 1998 1620 2078 temporale

316 2106 375 2167 est,
400 2105 432 2158 ut
454 2100 670 2177 ‘praeseutimt

394 2195 405 2278 ΙΙ
422 2199 440 2258 1.
458 2195 520 2260 29¹²
537 2196 547 2279 ΙΙ
575 2199 773 2277 Virgilius:
797 2199 877 2260 luter
900 2200 1045 2261 ‘uerum'
1067 2208 1097 2261 et
1120 2205 1228 2261 ‘uero'
1252 2199 1327 2261 duae
1349 2209 1420 2261 sunt
1443 2199 1621 2265 distantias:

317 2317 385 2368 una,
409 2301 476 2379 quia
501 2303 632 2360 ‘uerum'
655 2301 849 2379 praepositiui
872 2300 986 2362 ordinis
1009 2310 1067 2370 est,
1091 2303 1189 2362 ‘uero’
1206 2299 1436 2372 subiunctatiui;
1460 2302 1530 2372 alia,
1555 2305 1620 2385 quia

317 2401 448 2461 ‘uerum’
472 2400 631 2461 causaliter
653 2420 708 2481 pro
730 2402 852 2462 ‘tamen'
874 2401 1008 2471 habetur,
1025 2403 1125 2462 ‘uero'
1141 2401 1181 2463 ob
1197 2402 1392 2482 expletionem
1417 2410 1539 2466 tautum
1553 2422 1654 2467 suasa

317 2503 452 2563 stationis
475 2504 628 2582 accipitur.

402 2604 482 2665 ibid.
513 2603 712 2683 Virgilius:
736 2602 910 2684 Quanquam
933 2608 964 2666 in
988 2607 1120 2683 quinque
1136 2608 1252 2687 species
1266 2607 1440 2668 coniunctio
1462 2607 1563 2670 diuisa
1577 2610 1623 2678 sit,

318 2714 415 2766 tamen
439 2706 469 2765 iu
491 2724 556 2766 sese
578 2707 811 2774 conmiscuntur‚
837 2713 868 2766 ut
891 2723 1086 2785 unaquaeque
1108 2707 1230 2769 alterius
1252 2708 1366 2769 ratione
1381 2725 1439 2787 pro
1454 2708 1622 2773 dictionum

317 2805 456 2886 qualitate
479 2815 593 2876 utatnr;
618 2808 790 2887 irequenter
813 2808 891 2867 enim
914 2808 1048 2868 causales
1070 2828 1125 2888 pro
1146 2807 1371 2871 rationabilibus
1386 2818 1417 2870 et
1432 2810 1623 2890 copulatiuae

321 2994 379 3001 ...—-
403 2995 415 2999 ...
438 2994 453 2999 -
477 2993 509 2998 ...-

387 3112 587 3173 lnequicquam
608 3111 693 3161 rilaiua
746 3113 861 3174 nequiter
879 3113 901 3160 si
919 3112 1160 3173 amboexucquum
1175 3113 1261 3163 Maius
1329 3110 1479 3179 irridetur]
1500 3114 1624 3183 Sequitur·

318 3180 389 3242 capud
400 3179 496 3229 rllainm
514 3181 589 3228 etium
606 3181 729 3242 apodoaic
745 3181 896 3230 sententiae.
966 3182 982 3229 3
997 3178 1132 3244 Virgilius]
1151 3197 1177 3243 p.
1192 3183 1224 3229 74
1237 3180 1304 3230 Mai:
1326 3181 1412 3241 ltaque
1425 3183 1532 3234 Aeneas
1552 3200 1624 3234 meus

319 3247 418 3311 triplam
444 3247 635 3311 participiorum
659 3248 802 3295 adsentitur
825 3248 955 3296 uirtutem:
987 3248 1056 3309 quod
1081 3248 1105 3296 iu
1129 3248 1193 3296 libro
1216 3248 1248 3297 de
1271 3251 1384 3297 omnium
1407 3250 1506 3299 artium
1531 3252 1624 3302 uirtute

318 3315 413 3380 scripto
433 3325 509 3378 atque
528 3314 663 3363 ordinatim
683 3315 783 3379 digesto
802 3315 845 3363 tali
864 3315 943 3364 edidit
960 3315 1047 3364 modo.
1083 3315 1179 3373 Prima,
1199 3316 1293 3378 iuquit,
1315 3316 1395 3365 uirtus
1415 3318 1623 3384 participiorum,

319 3382 387 3444 qnod
408 3398 498 3431 nomen
518 3394 542 3432 et
561 3384 664 3432 uerbum
734 3385 751 3431 4
770 3383 892 3432 orationis
906 3394 991 3447 partes
1004 3382 1091 3433 Maius
1159 3384 1259 3433 balent
1278 3384 1382 3433 uerbum
1401 3382 1479 3434 luerit
1498 3388 1624 3446 setinum,

319 3451 407 3499 eodem
427 3450 503 3500 modo
523 3461 547 3499 et
564 3452 649 3516 ipsum
668 3451 736 3516 agit,
755 3452 827 3500 tertia
846 3451 914 3514 quod
933 3453 954 3499 si
968 3451 1055 3502 Maius
1106 3452 1179 3499 tertia
1197 3453 1219 3500 si
1287 3453 1625 3507 6testim0niorumMeittt

319 3520 334 3567 'l
353 3515 489 3583 Virgilius]
509 3534 536 3582 p.
555 3520 588 3567 81
606 3519 674 3568 ulai:
706 3516 800 3567 Sedet
822 3519 949 3581 quaestio,
977 3533 1043 3581 quae
1065 3517 1223 3583 perdilllcilis
1246 3531 1285 3568 est
1307 3519 1339 3568 ad
1358 3519 1532 3581 soluendum,
1556 3525 1624 3589 cogit

319 3601 461 3635 sermonem
481 3586 558 3650 panio
578 3586 679 3650 longius
699 3586 827 3650 progredi.
848 3585 947 3635 Etenim
965 3601 1022 3634 cum
1040 3600 1056 3634 a
1073 3587 1211 3651 deponenti
1230 3588 1307 3636 uerbo
1321 3587 1368 3636 tria
1381 3589 1523 3654 participia
1536 3593 1624 3641 uenire

319 3669 368 3703 non
389 3653 524 3712 dubitetur,
543 3664 582 3703 est
600 3654 704 3703 uerbum
723 3653 863 3719 deponens,
882 3669 914 3703 ex
927 3668 978 3716 quo
991 3664 1112 3716 quattuor
1129 3654 1263 3719 participia
1275 3654 1340 3703 trabi
1354 3656 1483 3714 uidentur,
1498 3668 1530 3707 ut
1542 3660 1623 3717 orior:

319 3736 350 3769 ex
369 3735 421 3783 qno
440 3732 479 3770 cst
498 3721 581 3770 oriens
601 3723 713 3770 oriturus
737 3734 807 3770 ottus
831 3722 964 3772 oriundus.
1000 3721 1135 3780 Quaeritur
1158 3724 1243 3785 itaque
1265 3722 1374 3784 qualiter
1396 3722 1444 3771 lrac
1467 3727 1573 3775 ratione
1588 3726 1625 3776 uti

318 3789 465 3847 debeamus,
485 3804 541 3837 cum
562 3789 665 3839 uerbum
684 3790 818 3855 passiuum
837 3804 888 3838 nou
907 3791 953 3852 sit,
973 3805 1007 3839 ex
1024 3805 1076 3852 quo
1094 3788 1209 3838 trahatur
1221 3825 1308 3842 .....
1328 3788 1379 3839 Sed
1396 3805 1478 3856 super
1495 3791 1550 3842 boc
1566 3793 1625 3844 Gal-

320 3859 434 3921 buugnm
452 3857 611 3921 interrogaui
629 3858 755 3919 simulque
773 3858 885 3907 Aeneam
903 3856 936 3906 ab
953 3858 1043 3922 eisque
1062 3859 1144 3906 uniter
1161 3857 1262 3915 audiui,
1291 3859 1350 3919 quia
1375 3857 1424 3906 lroe
1447 3861 1624 3926 participium,

319 3926 385 3974 sicut
403 3936 427 3973 et
445 3937 516 3973 ortus
535 3926 664 3990 praeteriti
682 3926 805 3990 temporis
825 3926 870 3981 sit.
893 3925 960 3974 unde
978 3938 1003 3974 et
1021 3927 1045 3973 in
1064 3926 1274 3975 anatnueratione
1291 3925 1488 3990 participiorum
1508 3928 1624 3995 interpo-

319 3993 369 4042 sita
387 3992 566 4043 coniunctione
593 3993 741 4042 distinction
760 3994 798 4042 sic
815 3993 938 4051 dicimus,
966 3995 1050 4042 oriens
1074 3994 1185 4043 oriturus
1208 4003 1279 4043 ortus
1302 4003 1327 4042 et
1345 3994 1485 4044 oriundus:
1514 4011 1551 4045 ex
1573 4011 1625 4060 quo

318 4061 486 4122 ostendimus,
507 4060 567 4109 haec
586 4062 636 4109 duo
656 4061 792 4126 partieipia
811 4061 886 4109 nnius
905 4075 963 4110 esse
980 4062 1115 4125 temporis:
1135 4072 1159 4110 et
1176 4062 1235 4110 ideo
1248 4071 1314 4110 recte
1326 4060 1465 4111 scribimus
1484 4065 1625 4115 ‘oriundus

320 4131 393 4177 erat’.
462 4129 611 4193 perdidcilis
681 4125 1174 4244 8strrrt]Lacuaameoell1aiosoclle
1193 4132 1309 4194 expleas.
1389 4130 1419 4179 11
1442 4145 1522 4181 umus
1595 4135 1625 4183 ta

320 4192 458 4260 Virgilius]
477 4213 504 4260 p.
521 4200 555 4246 82
575 4197 644 4245 Moi:
669 4195 724 4244 :liin
744 4212 775 4245 uo
795 4197 816 4244 is
834 4197 951 4258 quaestio
969 4197 1083 4245 imminet
1100 4195 1236 4247 solutionis
1255 4196 1318 4247 satis
1337 4196 1427 4263 indiga
1445 4213 1528 4260 quare
1547 4215 1626 4267 saepe

320 4263 465 4311 innenimns
483 4265 559 4313 scribi
577 4266 696 4313 standum
766 4266 867 4325 questio
919 4279 981 4329 sepe
1050 4267 1082 4315 13
1100 4265 1243 4315 audendum
1264 4264 1350 4315 Maius
1406 4280 1465 4314 cum
1485 4280 1501 4315 a
1521 4280 1627 4318 treatm-

320 4332 380 4379 liunr
399 4328 650 4398 bonisiduollcum
670 4330 776 4381 neutrali
795 4332 873 4380 aerbo
893 4347 943 4380 non
963 4333 1012 4381 nisi
1029 4332 1178 4383 dquaiua
1248 4335 1279 4382 14
1315 4332 1433 4398 articipia
1452 4335 1546 4386 uenire
1565 4351 1628 4386 con·

319 4410 440 4448 suescant
457 4409 483 4448 et
500 4415 514 4448 a
532 4399 670 4464 deponenti
688 4401 736 4447 tria
753 4409 850 4449 tautum
869 4399 1000 4449 trahantur
1018 4400 1105 4450 Maias
1173 4348 1361 4465 constressstdduut
1461 4403 1495 4453 15
1513 4418 1627 4466 quorum

320 4467 453 4532 participia
471 4478 532 4516 sunt
550 4467 611 4517 baec
628 4483 694 4530 qnae
711 4467 886 4532 praediximus
904 4468 991 4518 Maius
1007 4470 1101 4518 ceteris
1118 4470 1224 4520 amicata.
1306 4471 1337 4520 16
1354 4469 1602 4538 inpreseuitiarum,
1620 4474 1627 4522 i

320 4542 380 4584 onte
399 4547 407 4583 t
425 4551 494 4584 eras.
565 4537 597 4585 17
616 4549 642 4584 ιιι
661 4534 804 4600 praelectim
878 4537 907 4585 18
925 4533 1061 4601 Virgilius]
1080 4537 1241 4601 p.1d8Mm'
1290 4536 1340 4585 due
1392 4535 1546 4606 distantiae]
1566 4542 1628 4591 sub·

320 4604 431 4652 stantiae
449 4605 505 4653 eod.
524 4603 598 4666 Mati,
618 4605 683 4653 unde
702 4603 858 4653 differentiae
875 4605 985 4654 coniecit
1002 4604 1088 4654 alaim
1157 4606 1188 4655 1a
1207 4603 1360 4654 subiunctiui
1377 4603 1468 4654 Maius
1526 4609 1563 4659 20
1581 4624 1628 4675 pro

321 4682 404 4720 tantan
424 4686 475 4719 non
494 4670 600 4720 habetur
612 4668 623 4738 Η
635 4685 686 4720 non
704 4686 751 4720 orn.
770 4671 857 4722 Maius
917 4685 977 4721 uero
997 4671 1149 4737 expletionis
1168 4687 1230 4722 suae
1247 4681 1344 4721 tantum
1363 4670 1482 4722 stationis
1500 4677 1630 4742 accipitur

322 4740 408 4789 Maias
460 4740 492 4787 22
511 4734 648 4806 Virgilius]
666 4739 828 4802 parentat
896 4740 929 4789 23
948 4753 1101 4802 unaquaque
