3420 5378
326 294 481 342 ccxxxvr
720 282 769 332 un
786 250 939 333 rouru'n
959 281 1005 332 cr
1023 280 1220 333 coussuru

326 487 402 547 quae
428 469 453 530 si
483 470 667 531 remanserit.
696 468 773 549 apud
802 471 930 532 Graecos
958 471 1027 532 licet
1054 468 1140 530 nohis
1169 480 1199 531 et
1226 470 1427 550 apostrophon
1456 469 1559 532 lacere
1594 477 1628 532 et

326 571 425 633 dicere
453 571 574 652 plenum
597 570 737 639 uerbum3
768 572 845 652 apud
875 571 994 633 Latinos
1023 590 1090 632 non.
1120 571 1246 634 ceruical
1268 572 1413 643 Graecus,
1441 572 1563 652 quando
1594 574 1625 634 in

326 681 423 735 metro
446 672 585 754 loquitur,
614 675 656 735 sio
680 673 764 743 dicit,
794 673 1041 757 quemadmodum
1073 676 1258 735 remanserit.
1288 694 1347 735 non
1375 676 1468 744 enim,
1498 674 1624 754 quando

325 773 418 837 soluta
442 777 535 837 oratio
559 783 617 846 est,
641 775 712 837 dicit
726 775 863 844 ceruical,
888 775 939 835 sed
955 776 1025 837 dicit
1046 775 1132 856 piena
1148 775 1248 837 uerba.
1270 775 1348 854 apud
1364 776 1482 838 Latinos
1498 777 1625 854 quando

324 876 519 958 apostrophos
541 879 581 949 nt,
605 880 630 938 si
653 896 737 958 passa
760 880 866 947 luerit,
890 896 974 958 passa
999 887 1043 938 est
1071 881 1204 958 penitus,
1233 880 1296 940 siue
1324 879 1354 939 in
1382 888 1478 940 metro
1500 879 1566 940 siue
1589 880 1623 939 iu

324 979 418 1040 soluta
441 983 583 1041 oratione,
606 982 676 1042 item
705 981 735 1042 in
758 980 1016 1042 coniunctionibus
1043 987 1164 1042 seruant
1184 978 1279 1058 legem
1303 979 1455 1041 Graecam.
1479 999 1549 1041 nam
1574 979 1623 1062 [in

325 1081 597 1163 coniunctionibus]
625 1083 656 1142 in
678 1091 774 1144 metro
796 1082 954 1154 deliciunt,
978 1084 1008 1145 in
1031 1082 1124 1144 soluta
1153 1082 1285 1144 oratione
1307 1090 1437 1142 seruant.
1461 1088 1532 1159 puta
1555 1090 1624 1143 tan·

325 1185 385 1244 ton'
408 1202 473 1256 me,
500 1187 526 1245 si
547 1184 643 1246 soluta
666 1193 744 1247 esset
767 1187 875 1255 oratio,
906 1184 1028 1265 plenum
1051 1185 1163 1246 diceret
1185 1187 1323 1246 ‘tantone
1346 1202 1393 1245 me
1419 1185 1546 1245 crimine
1576 1183 1623 1244 di·

328 1289 443 1363 gnnm'.
469 1285 546 1347 men'
570 1287 708 1356 dicimus;
731 1285 826 1348 soluta
849 1289 943 1348 oratio
966 1289 991 1347 si
1014 1295 1104 1355 esset.
1136 1305 1221 1348 mene
1243 1286 1364 1348 diceret.
1387 1302 1459 1363 ergo
1481 1292 1625 1347 seruatur

324 1385 373 1449 ilia
396 1386 444 1449 lex
466 1388 576 1450 Graeca
600 1390 629 1449 in
653 1387 924 1457 coniunctionibus:
952 1390 983 1449 in
1007 1391 1113 1451 ceteris
1140 1387 1275 1467 partibus
1303 1388 1444 1449 orationis
1465 1404 1542 1468 opus
1564 1395 1622 1459 est,

325 1496 357 1550 ut
378 1488 470 1551 semei
491 1488 663 1570 pertulerim
687 1493 710 1552 si
733 1489 825 1553 semei
847 1490 1016 1570 pertulerit,
1039 1493 1096 1552 iarn
1118 1493 1212 1572 ipsam
1236 1498 1345 1552 seruat.
1536 1553 1541 1562 ,

408 1594 471 1653 Ρνο
486 1591 534 1654 his
555 1596 645 1654 multo
666 1592 795 1656 meliora
816 1598 954 1670 quamuis
968 1613 1007 1655 ne
1020 1595 1097 1655 hoec
1111 1592 1231 1669 quidem
1248 1591 1383 1656 omnihus
1398 1591 1532 1655 nurneris
1553 1609 1623 1655 cor-

324 1702 409 1757 reeta
430 1696 507 1757 hoec
528 1704 596 1756 runt
617 1694 650 1757 t'rr
672 1699 739 1758 cod.
766 1696 867 1770 123s.
892 1693 942 1757 5⁶:

410 1797 464 1859 Est
485 1797 571 1859 etiam
595 1794 801 1877 apostrophum
824 1799 900 1878 apud
922 1796 1001 1860 latin’
1025 1816 1084 1859 non
1107 1797 1193 1860 facile
1214 1800 1244 1857 in
1267 1795 1435 1859 nominibus
1456 1797 1623 1866 inuenitur,

328 1900 386 1960 nisi
409 1917 496 1977 quem
519 1899 677 1961 admodum
701 1903 877 1963 remanserit
905 1901 936 1962 in
964 1899 1102 1962 omnibus
1129 1899 1185 1961 hoc
1208 1899 1285 1981 apud
1309 1898 1423 1960 latinos.
1447 1907 1516 1960 sunt
1539 1900 1622 1960 enirn

325 2002 498 2082 apostrophi
521 2020 537 2062 a
560 2002 637 2082 apud
660 2020 765 2081 grecos
788 2021 845 2082 que
867 2009 1040 2064 remaneant
1061 2002 1137 2083 apud
1165 2000 1246 2062 latin'
1274 2000 1343 2062 licet
1369 1999 1455 2062 uobis
1482 2009 1621 2078 apostro-

324 2102 417 2183 phum
440 2103 538 2165 iacere
560 2113 590 2164 et
611 2122 670 2165 uon
694 2104 795 2165 dicere
818 2103 937 2182 plenum
961 2101 1087 2166 uerbum
1110 2103 1188 2184 apud
1212 2103 1318 2164 latinos
1344 2112 1378 2165 ut
1406 2112 1450 2192 est
1478 2102 1621 2165 ceruical.

324 2222 431 2284 grecus
453 2205 571 2286 quando
595 2204 724 2284 loquitur
746 2206 776 2266 in
799 2212 907 2275 metro,
931 2207 973 2268 sie
989 2205 1060 2267 dicit
1074 2205 1324 2286 quemadmodum
1347 2205 1555 2267 remanserit.
1580 2251 1590 2266 .
1614 2254 1622 2270 .

324 2351 511 2368 ........
535 2306 606 2369 dicit
627 2307 754 2368 ceruieal
778 2307 832 2368 sed
854 2306 925 2369 dicit
946 2305 1031 2389 plena
1053 2306 1145 2368 uerba
1167 2308 1245 2386 apud
1265 2304 1269 2389 i
1290 2307 1309 2367 i.
1325 2305 1361 2369 6Ι
1380 2305 1385 2388 Ι
1405 2304 1485 2369 latiu'
1500 2307 1622 2388 quaudo

327 2407 524 2488 apostrophos
546 2410 584 2469 sit
606 2411 629 2470 si
653 2426 738 2489 passa
761 2408 849 2469 luerit
870 2428 955 2489 passa
978 2418 1023 2471 est
1049 2410 1168 2490 penitus
1195 2411 1258 2470 siue
1286 2411 1317 2469 in
1345 2410 1469 2470 metrica
1496 2411 1561 2471 siue
1589 2412 1621 2471 in

323 2511 421 2572 soluta
445 2511 587 2572 oratioue.
617 2513 687 2572 item
716 2512 975 2574 coniunctionibus
996 2513 1093 2588 grecis
1115 2519 1235 2573 seruant
1257 2509 1352 2590 legem
1380 2526 1500 2588 grecam
1523 2519 1557 2574 ut
1585 2513 1618 2574 iu

322 2610 579 2675 coniunctionibus
599 2614 630 2674 in
654 2620 749 2673 metro
772 2613 913 2674 deliciunt
934 2613 1072 2674 insoluta
1090 2615 1222 2674 oratione
1244 2620 1365 2675 seruant
1386 2621 1419 2674 ut
1440 2621 1512 2692 puta
1535 2621 1619 2676 tanto

323 2734 370 2777 me
392 2723 422 2776 et
443 2711 480 2778 di
500 2733 556 2795 pro
579 2714 645 2777 dice
668 2714 714 2775 iae
736 2733 791 2795 pro
814 2714 877 2776 iare
900 2717 924 2775 si
946 2715 1040 2777 soluta
1064 2722 1141 2776 esset
1163 2716 1257 2777 oratio
1280 2713 1402 2797 plenum
1418 2715 1532 2779 diceret
1553 2724 1619 2779 tau·

322 2828 391 2880 tone
414 2836 461 2880 me
484 2817 615 2880 cremina
637 2816 743 2878 duxisti
765 2816 843 2878 idest
864 2815 1000 2880 iudicasti
1028 2815 1123 2880 soluta
1152 2819 1245 2879 oratio
1274 2826 1319 2879 est
1346 2835 1415 2878 oum
1444 2835 1481 2878 ue
1503 2817 1619 2881 diceret

322 2939 377 3001 ego
398 2920 514 2983 solutur
536 2940 571 2983 ex
595 2937 682 2997 greca
705 2917 800 2997 legem
821 2921 852 2980 in
867 2918 1124 2982 coniunctionibus
1139 2921 1170 2980 in
1185 2918 1310 2998 integris
1324 2918 1459 2999 partibus
1474 2920 1619 2983 orationis

322 3041 396 3103 opus
419 3030 464 3084 est
487 3032 519 3083 ut
540 3023 565 3084 si
587 3021 679 3083 semei
701 3021 870 3100 protullerit
891 3023 949 3084 iarn
973 3022 1065 3102 ipsam
1089 3030 1189 3085 seruat
1210 3055 1252 3067 —

405 3128 463 3187 hee
484 3132 542 3186 est:

407 3226 459 3289 list
480 3229 568 3288 etiam
591 3227 801 3307 apostrophus:
831 3226 908 3305 apud
932 3226 1052 3288 Latinos
1074 3243 1133 3287 non
1162 3226 1248 3287 lacile
1274 3228 1304 3287 in
1333 3224 1504 3288 nominihus
1531 3227 1618 3288 iuue-

323 3330 413 3400 nitur,
443 3330 499 3391 nisi
529 3327 776 3409 quemadmodum
804 3330 992 3390 remanserit.
1037 3328 1069 3389 ln
1098 3327 1268 3390 nominihus
1295 3328 1351 3389 hoe
1378 3326 1456 3406 apud
1485 3326 1617 3390 Latinos.

323 3432 400 3493 Sunt
427 3433 504 3495 enim
534 3431 706 3511 apostrophi
733 3430 810 3511 apud
840 3431 978 3499 Graecos,
1007 3431 1057 3510 qui
1085 3438 1258 3491 remaneant
1285 3429 1362 3508 apud
1385 3430 1519 3491 Latinos:
1547 3427 1619 3493 lieet

322 3533 408 3595 nohis
430 3533 640 3614 apostrophum
665 3533 762 3596 lacere
784 3541 814 3593 et
836 3549 895 3594 non
918 3531 1017 3594 dicere
1038 3531 1159 3612 plenum
1183 3531 1309 3593 uerbum
1332 3531 1411 3613 apud
1433 3530 1563 3604 Latinos,
1585 3540 1620 3595 ut

323 3645 368 3697 est
390 3634 528 3698 ceruical.
572 3636 703 3698 Graecus
726 3634 844 3716 quando
867 3632 998 3713 loquitur
1019 3634 1049 3694 in
1074 3642 1178 3704 metro,
1202 3635 1245 3695 sic
1265 3634 1345 3703 dicit,
1367 3632 1618 3714 quemadmodum

322 3739 513 3800 remanserit:
537 3756 596 3798 non
620 3746 727 3808 autem,
751 3736 870 3818 quando
892 3735 988 3797 soluta
1010 3736 1104 3797 oratio
1127 3744 1181 3806 est,
1205 3736 1276 3796 dicit
1290 3734 1452 3805 ‘ceruical’‚
1475 3734 1529 3797 sed
1546 3734 1617 3799 dtur

322 3838 408 3920 plena
432 3838 532 3900 uerba.
577 3841 662 3920 Apud
684 3840 803 3901 Latinos
819 3837 937 3916 quando
953 3837 1164 3918 apostrophum
1179 3837 1290 3918 syllaba
1305 3856 1391 3917 passa
1406 3837 1506 3908 luerit,
1529 3855 1616 3919 passa
1663 3844 1678 3851 '

323 3950 366 4002 est
388 3943 514 4021 penitus,
538 3943 602 4004 siue
624 3944 653 4004 in
677 3944 800 4004 metrica
823 3942 888 4001 siue
910 3941 938 4000 in
961 3938 1055 4001 soluta
1071 3941 1213 4001 oratione.
1251 3941 1325 4001 ltem
1347 3941 1377 3999 in
1400 3938 1617 4001 coniunctioni·

322 4043 377 4104 bus
407 4042 503 4104 Latini
531 4054 651 4106 seruant
678 4044 774 4123 legem
798 4044 955 4104 Graecam:
985 4060 1053 4103 narn
1082 4041 1126 4122 [in
1155 4038 1428 4121 coniunctionibus]
1457 4041 1489 4101 in
1518 4046 1616 4103 metro

323 4144 479 4214 deliciunt,
508 4148 539 4206 in
562 4145 657 4208 soluta
681 4149 815 4208 oratione
838 4152 973 4212 seruant.
1003 4150 1146 4223 utputa:
1175 4146 1288 4205 ‘tanton
1311 4145 1369 4203 me'
1395 4140 1440 4223 [et
1463 4141 1535 4205 ‘die’
1558 4160 1616 4224 pro

322 4247 402 4318 dice,
427 4247 496 4308 ‘iac’
522 4266 575 4327 pro
598 4249 692 4330 lace]:
721 4249 746 4309 si
770 4245 864 4308 soluta
888 4255 967 4306 esset
989 4247 1092 4315 oratio,
1116 4245 1236 4325 plenum
1260 4245 1386 4305 diceret:
1412 4249 1546 4306 ‘tantone
1567 4262 1617 4306 ma

322 4351 445 4411 crimine
468 4348 588 4411 duxisti’
612 4348 705 4430 [idest
731 4347 901 4428 iudicasti]:
931 4347 1026 4409 soluta
1055 4348 1149 4408 oratio
1177 4349 1201 4406 si
1230 4356 1322 4416 esset,
1352 4348 1463 4406 ‘mene'
1493 4344 1617 4429 diceret.

322 4453 399 4531 Ergo
422 4461 544 4514 seruant
565 4451 660 4512 Latini
675 4453 817 4515 Graecam
841 4450 936 4530 legem
958 4451 988 4511 in
1005 4447 1274 4510 coniunctionibus:
1298 4449 1327 4509 in
1350 4451 1460 4510 celeris
1480 4446 1616 4528 parribus

322 4556 464 4615 orationis
486 4572 561 4633 opus
584 4562 636 4622 est,
661 4560 691 4613 ut
713 4555 738 4613 si
761 4552 852 4614 semel
875 4550 1040 4631 pertulerit,
1064 4554 1121 4612 iam
1146 4553 1237 4629 ipsam
1260 4559 1370 4612 seruet.

405 4657 468 4717 Sed
488 4660 548 4716 ium
576 4657 656 4716 hune
679 4656 814 4733 Pompeii
838 4657 947 4716 librum
974 4652 1257 4730 interpolationibus
1284 4663 1312 4714 et
1332 4656 1439 4729 plessis
1466 4651 1615 4727 inseritur

322 4760 415 4820 uides.
463 4758 680 4820 Percurremus
699 4768 810 4820 ortuo.
