3420 5378
728 176 941 231 BERNENSIS.
1429 175 1485 240 101

192 382 337 445 onagros:
365 384 425 427 non
453 365 550 428 Coder
578 384 689 445 conger
716 365 801 434 facit,
829 363 883 427 sed
906 362 1022 426 Codrus
1044 380 1181 443 congrus.
1227 359 1366 425 Secunda
1386 364 1489 443 regula
1579 437 1590 452 ·

193 477 239 530 est
259 469 412 530 nominum
441 467 590 530 secundae
618 467 823 530 declinationis
844 469 875 528 in
899 485 932 528 er
960 467 1148 534 exeuntium,
1177 464 1254 526 idest
1282 465 1330 528 illa
1358 469 1488 537 nomina,

192 588 269 651 quae
290 589 345 651 per
367 570 413 631 fer
435 577 485 630 aut
506 588 562 650 per
584 587 637 648 ger
660 570 812 648 conposita
834 569 1039 648 proferuntur,
1064 586 1100 628 ex
1123 566 1225 629 uerbis
1247 566 1360 629 scilicet
1375 569 1439 629 fero
1460 580 1490 631 et

191 689 265 752 gero
287 680 317 734 et
338 672 467 734 diuersis
489 652 662 733 nominibus
684 678 903 750 conponuntur,
933 679 967 732 ut
988 670 1108 731 Lucifer
1131 669 1276 740 Luciferi,
1301 669 1415 750 dapifer
1437 671 1488 732 da·

164 772 296 854 opiferi,
319 773 454 835 fructifer
476 774 638 844 fructiferi,
662 773 784 851 pestifer
805 773 952 853 pestiferi,
982 771 1095 834 aurifer
1116 772 1254 841 auriferi,
1282 773 1390 851 ignifer
1413 775 1488 851 igni·

188 877 261 946 feri,
288 876 417 954 ¹signifer
444 877 595 954 signiferi,
624 873 743 952 lignifer
765 872 904 951 ligniferi.
948 874 1021 935 ltem
1044 876 1164 952 inger,
1195 880 1226 934 ut
1247 875 1376 952 armiger
1398 877 1488 936 armi-

189 979 269 1056 geri,
299 975 424 1056 belliger
451 975 602 1056 belligeri,
632 978 772 1055 corniger
800 977 959 1054 cornigeri.
1004 976 1105 1036 Tertia
1132 974 1235 1053 regula
1262 983 1307 1036 est
1334 977 1487 1039 nominum

190 1078 340 1140 secundae
361 1078 568 1140 declinationis
590 1081 620 1141 io
644 1096 678 1159 er
700 1078 912 1148 desinentium,
935 1077 992 1139 lroc
1008 1086 1054 1139 cst
1068 1079 1188 1140 nomina
1204 1076 1334 1148 mobilia,
1358 1096 1486 1158 quorum

189 1179 352 1242 masculina
375 1181 406 1240 in
429 1197 462 1242 er
485 1182 682 1243 terminantur
704 1189 734 1241 et
755 1178 896 1241 feminina
918 1180 949 1240 in
971 1199 987 1240 a
1011 1186 1041 1240 et
1061 1185 1166 1241 neutra
1188 1179 1220 1238 in
1236 1196 1296 1240 um.
1332 1179 1487 1243 feminina

150 1280 240 1344 roiiia
260 1283 293 1344 in
315 1300 331 1343 a
353 1280 520 1344 desinentia
546 1283 660 1363 primae
689 1289 759 1344 sunt
789 1280 1008 1351 declinationis,
1037 1279 1199 1343 masculina
1227 1282 1379 1341 antemio
1403 1301 1436 1342 er
1458 1291 1488 1343 et

188 1386 348 1445 naumain
371 1401 420 1444 nm
444 1380 550 1466 secunll
564 1379 687 1446 lol.98b
703 1381 775 1466 lidae
798 1382 1005 1444 declinationis
1028 1392 1112 1453 sunt,
1136 1390 1168 1443 ut
1189 1382 1238 1442 hio
1261 1381 1377 1444 adulter
1399 1382 1486 1445 huius

188 1484 330 1555 adulteri;
353 1487 396 1547 sic
418 1487 503 1565 piger
524 1487 602 1564 pigri
624 1487 708 1565 pigra
731 1485 832 1566 pigrae
854 1487 973 1565 pigrum
995 1486 1088 1565 pigri,
1112 1486 1154 1546 sic
1171 1492 1255 1546 tener
1270 1486 1368 1546 teneri
1382 1491 1485 1548 tenera

187 1594 311 1650 tenerae
339 1595 476 1650 tenerum
506 1589 617 1659 teneri,
648 1589 691 1648 sic
719 1604 845 1668 prosper
877 1603 1021 1666 prospera
1055 1605 1249 1668 prosperum,
1282 1604 1368 1648 sacer
1400 1607 1485 1650 sacra

186 1707 321 1763 sacrum,
357 1687 482 1770 pulcher
514 1688 639 1768 pulchra
671 1687 839 1770 pulchrum.
884 1689 959 1750 ltem
991 1697 1096 1767 quarta
1128 1687 1231 1768 regula
1259 1697 1303 1749 est
1331 1691 1484 1751 nominum

148 1791 333 1854 nsecundae
356 1790 561 1852 declinationis
582 1792 613 1854 in
636 1811 669 1853 er
691 1791 904 1853 desinentium:
929 1808 1042 1868 quaes
1064 1798 1094 1852 et
1116 1801 1128 1852 t
1149 1796 1217 1851 ante
1239 1809 1274 1852 er
1292 1778 1411 1863 habent',
1436 1791 1483 1853 illa

186 1895 307 1955 nomina
330 1892 480 1955 secundae
502 1892 707 1954 declinationis
729 1900 811 1963 sunt,
840 1899 873 1954 ut
894 1901 995 1954 noster
1017 1892 1127 1963 nostri,
1158 1899 1256 1953 uester
1280 1896 1381 1955 uestri.
1426 1894 1483 1955 Ex-

187 1995 339 2075 cipiuntur
359 2002 530 2072 campester
545 1996 733 2075 campestris,
757 1994 896 2057 siluester
909 1993 1071 2065 siluestris,
1094 1993 1227 2075 paluster
1243 1993 1391 2072 palustris,
1408 2014 1484 2074 (puae

187 2097 290 2159 tertiae
319 2096 525 2159 declinationis
553 2104 636 2167 sunt,
664 2095 735 2159 licet
757 2116 771 2157 s
794 2104 824 2158 et
846 2104 857 2157 t
878 2095 999 2158 habent.
1044 2096 1081 2157 Et
1102 2095 1177 2158 haec
1198 2098 1318 2158 nomina
1341 2099 1483 2159 feminina

186 2199 217 2259 in
238 2199 266 2260 is
289 2206 318 2260 et
339 2207 444 2261 neutra
467 2200 498 2259 in
522 2218 538 2258 o
561 2199 671 2259 faciunt
693 2199 747 2260 ita:
772 2198 819 2261 hic
841 2207 1008 2279 campester
1030 2198 1105 2259 haec
1127 2199 1302 2279 campestris
1324 2200 1381 2260 lroc
1402 2218 1482 2262 carn·

145 2307 301 2379 aopestre,
332 2300 382 2362 hic
409 2299 548 2361 siluester
575 2299 648 2361 haec
676 2301 822 2363 siluestris
849 2310 879 2362 et
906 2301 963 2362 hoc
990 2299 1143 2370 siluestre,
1173 2300 1221 2360 hio
1248 2299 1381 2380 paluster
1409 2303 1483 2364 hacc

184 2400 325 2481 palustris
352 2402 409 2462 lroc
442 2401 582 2482 palustre.
628 2401 769 2481 Intellege
793 2420 879 2481 ergo,
903 2404 1022 2464 nomina
1052 2402 1171 2463 mobilia
1203 2410 1342 2481 quattuor
1371 2403 1482 2465 formas

185 2501 310 2564 habere:
339 2505 436 2584 prima
464 2503 559 2565 forma
588 2502 733 2565 diuiditur
761 2505 791 2564 in
821 2523 855 2565 us
877 2507 907 2565 in
930 2524 946 2565 a
969 2506 999 2565 in
1023 2523 1088 2573 um,
1119 2511 1152 2566 ut
1179 2501 1324 2581 gloriosus
1352 2503 1481 2582 gloriosa

183 2603 361 2684 gloriosum,
394 2604 524 2669 secunda
556 2605 650 2668 forma
678 2605 831 2667 mobilium
860 2607 891 2668 in
917 2625 952 2668 er
974 2609 1043 2667 ina
1072 2606 1101 2665 in
1131 2624 1195 2676 uua,
1225 2615 1258 2667 ut
1284 2607 1369 2685 piger·
1396 2605 1481 2686 pigra

184 2708 317 2787 pigrum;
352 2708 438 2768 tertia
460 2710 492 2769 ia
513 2724 548 2768 er
569 2708 600 2766 in
622 2707 649 2769 is
671 2716 701 2769 et
723 2710 753 2768 in
776 2726 808 2776 e,
842 2714 875 2767 ut
902 2707 950 2768 lic
982 2706 1121 2768 siluester
1151 2707 1225 2768 llaec
1251 2706 1395 2768 siluestris
1424 2707 1481 2769 lroc

143 2807 322 2871 ”siluestre
343 2855 477 2871 .......
527 2808 603 2869 Sunt
630 2815 726 2869 autem
755 2810 889 2879 nomina,
917 2826 992 2888 quac
1019 2826 1075 2869 nec
1101 2810 1131 2868 in
1162 2816 1254 2869 totum
1282 2811 1337 2869 oxa
1366 2828 1421 2870 nec
1449 2810 1480 2870 in

183 2916 279 2973 totum
303 2908 437 2978 mobilia,
467 2918 499 2971 ut
521 2909 569 2970 leo
591 2909 693 2971 leaena
724 2911 813 2971 draco
836 2911 981 2971 dracaena
1004 2909 1098 2988 gallus
1120 2909 1237 2989 gallina.
1282 2911 1315 2972 ln
1338 2913 1364 2971 ir
1386 2930 1480 2972 unum

183 3030 279 3091 genus
306 3013 470 3081 inuenitur,
499 3020 531 3071 ut
552 3012 601 3072 hic
623 3014 669 3072 uir
693 3018 722 3072 et
744 3030 778 3072 ex
808 3031 842 3073 eo
871 3014 1038 3092 conposita,
1068 3021 1100 3073 ut
1126 3014 1208 3074 scuir
1235 3013 1313 3074 leuia·
1342 3014 1480 3075 triumuir·

183 3112 331 3183 duumuir,
360 3120 389 3174 at
417 3132 508 3176 unum
538 3132 646 3176 nomen
675 3113 800 3192 gentile,
837 3122 869 3175 ut
890 3115 998 3176 Treuir·
1020 3115 1137 3176 Treuiri
1160 3114 1217 3186 hoc
1239 3122 1285 3175 est
1306 3113 1330 3197 †
1351 3113 1401 3175 ille
1424 3134 1479 3177 uus

181 3217 234 3296 qui
255 3223 357 3277 manet
378 3216 408 3276 in
432 3218 547 3278 treuiri.
591 3215 664 3277 Nam
687 3215 798 3276 Gaddir
821 3224 932 3297 martyr·
954 3219 1058 3279 tertiae
1073 3215 1283 3278 declinationis
1297 3225 1374 3278 snut.
1404 3217 1478 3279 ltem

141 3318 217 3388 nir,
242 3317 320 3397 quod
343 3336 453 3378 nomen
475 3336 577 3379 arcum
600 3316 674 3379 caeli
697 3318 855 3396 significat,
879 3319 984 3380 tertiae
1007 3318 1211 3379 declinationis
1226 3326 1282 3379 est:
1307 3320 1378 3379 facit
1398 3320 1477 3380 enim

182 3420 208 3481 ir
228 3420 291 3480 iris.
338 3418 380 3480 lle
402 3419 459 3480 hoc
482 3421 602 3480 nomine
629 3418 754 3497 legitur:
791 3421 824 3480 ir
852 3421 948 3481 caeli
977 3419 1175 3482 colorusns
1202 3422 1241 3481 in
1269 3439 1338 3500 quo
1368 3438 1478 3482 arcus

181 3522 372 3584 nimbosus
405 3522 637 3600 distingitur.
681 3521 753 3582 ltem
787 3520 865 3583 aliud
898 3520 1064 3602 exemplum
1098 3526 1129 3584 in
1157 3521 1319 3601 Virgilio
1352 3521 1475 3599 legitur:

180 3622 269 3686 lrim
296 3624 396 3686 misit
423 3623 465 3683 de
488 3621 591 3685 caelo
614 3623 791 3684 Saturnia
812 3621 915 3684 luno.
959 3623 1082 3702 Legitur
1105 3625 1192 3685 etiam
1215 3631 1245 3685 et
1266 3624 1320 3685 iris
1343 3624 1475 3684 nomina·

179 3725 241 3787 tino
269 3742 354 3796 casu,
389 3727 467 3786 sicut
498 3727 528 3785 in
561 3723 801 3805 Apocalypsi:
845 3725 888 3785 Et
916 3725 984 3786 iris
1011 3733 1091 3787 erat
1119 3727 1155 3787 in
1178 3727 1342 3787 circuitu
1364 3725 1474 3787 sedis.

140 3826 307 3900 aoQuando
333 3843 404 3905 ergo
426 3828 454 3886 ir
476 3827 675 3888 nominatione
697 3834 757 3896 est,
789 3827 928 3905 genetiuo
957 3827 1026 3888 facit
1052 3829 1121 3899 iris,
1149 3827 1268 3908 quando
1298 3836 1396 3894 autem
1423 3827 1476 3887 iris

248 4060 375 4128 tcouer]
395 4065 464 4125 quod
483 4080 509 4113 er
577 4063 669 4115 codrus
688 4079 798 4129 congios
883 4064 1067 4114 enaascuiintn
1120 4064 1146 4114 iu
1165 4080 1181 4114 ιι
1268 4066 1300 4113 14
1317 4060 1367 4133 est]
1388 4079 1475 4115 eornm

180 4133 212 4183 1⁶
230 4132 373 4182 desinentia
391 4149 416 4212 q:
435 4149 457 4184 s.
477 4144 501 4182 et
518 4144 618 4182 toarrto
636 4132 729 4182 liabent
781 4133 812 4183 l'i
830 4143 972 4198 campester
990 4149 1037 4183 om.
1091 4131 1206 4198 paluster
1222 4132 1336 4198 paluster
1354 4133 1475 4198 palustris

179 4252 212 4303 18
229 4243 283 4301 hab
335 4216 430 4300 lendin
517 4254 550 4302 23
568 4249 722 4316 gloriosum]
742 4252 886 4302 Pectines
903 4266 985 4316 prone
1003 4252 1145 4301 iterantur:
1162 4251 1275 4300 secunda
1292 4251 1375 4301 forum
1393 4253 1475 4304 orobi-

178 4318 240 4368 ilum
258 4320 284 4370 in
302 4334 329 4368 er
346 4319 373 4368 in
390 4333 406 4369 a
424 4320 448 4368 iu
468 4334 519 4375 rrrn,
540 4331 566 4368 nt
583 4320 714 4384 gloriosus
733 4320 847 4385 gloriosa
865 4319 1006 4384 gloriosum
1092 4322 1126 4368 ιι
1143 4319 1216 4370 tertia
1233 4321 1259 4368 in
1277 4321 1299 4369 is
1378 4322 1412 4371 ιδ
1430 4322 1474 4369 sll-

178 4385 275 4453 uestre]
295 4388 335 4437 De
353 4393 447 4453 quarta
461 4388 547 4451 formo
564 4391 660 4449 siletur,
680 4404 760 4453 quare
778 4391 893 4438 {aerenum
910 4389 1029 4437 indicaui.
1105 4389 1138 4437 26
1155 4388 1212 4437 lena
1233 4422 1240 4437 .
1263 4388 1373 4437 dracena
1440 4392 1473 4440 ‘ti

178 4455 288 4505 biumuir
340 4456 373 4505 28
391 4456 424 4505 ad
443 4471 520 4504 eanum
572 4457 727 4521 regrediar
778 4460 809 4506 31
830 4455 949 4506 lrirlriris
1002 4455 1041 4504 irir
1058 4456 1105 4522 cali
1123 4453 1264 4522 siguificat]
1284 4456 1472 4522 Insrcfifvfl

176 4525 242 4575 taen
259 4526 400 4589 exemplum
417 4527 519 4574 olintum
536 4525 579 4575 iiio
597 4523 829 4588 significassent,
847 4539 927 4590 quare
945 4525 1105 4574 omittendum
1122 4524 1195 4574 duxi.
1260 4539 1322 4589 ager
1340 4526 1472 4575 nimbosus

177 4594 210 4642 39
227 4589 502 4658 exenrplumuirgilin]
523 4592 691 4644 AemViOd
743 4593 868 4645 dsslrlrim
904 4593 964 4641 iterra
1016 4591 1079 4642 laicis
1098 4585 1217 4643 nontin*
1269 4595 1303 4644 et
1315 4593 1470 4663 apocalipsi]

179 4660 224 4711 W
241 4663 258 4713 3
326 4661 417 4713 351111·
467 4661 529 4711 lriris
581 4659 745 4712 nrttemlriris
