3420 5378
433 340 624 394 averoaas
645 340 809 394 xuonrur
826 342 876 392 nn
895 339 1064 394 maratus
1083 338 1113 393 o.
1357 337 1419 402 307

214 531 249 591 h.
279 530 410 593 Ecclesia
431 548 511 593 nune
531 549 585 611 per
604 530 859 611 contemplationis
873 532 964 593 uitam
981 529 1120 592 caelestia
1135 529 1325 612 amplectitur
1341 546 1420 590 nunc

130 651 184 713 per
206 633 350 695 actualem
373 632 566 695 terrestribus
587 641 760 713 occupatur.

214 735 244 795 S.
275 735 338 796 Vita
360 742 528 797 sanctorum
551 735 681 814 undique
703 735 829 815 prouida
850 737 907 796 isto
929 734 1077 812 designari
1099 733 1217 795 uidetur
1236 734 1419 795 charactere.

213 836 248 899 T.
279 837 420 899 Extensio
443 837 635 899 brachiorum
665 836 772 899 Christi
800 842 894 898 totum
917 836 953 898 ad
975 855 1008 898 sc
1030 834 1142 914 colligit
1163 835 1267 897 orbem
1289 835 1353 916 ipso
1376 835 1420 896 di·

103 947 231 999 scente:
262 938 343 1000 ‘curn
366 938 510 1001 exaltatus
532 939 617 1001 tuero
640 958 656 1000 a
678 946 773 1009 terra,
804 940 901 1000 omnia
930 939 1044 999 traham
1073 937 1109 998 ad
1133 957 1181 999 me
1203 939 1324 1017 ipsum’,
1350 937 1419 998 hor·

129 1048 206 1111 tatu,
236 1058 295 1119 quo
324 1040 411 1103 dieit:
440 1043 556 1102 ‘uenite
584 1041 620 1102 ad
648 1058 696 1101 me
725 1059 829 1103 omnes
857 1043 907 1117 qui
936 1039 1076 1102 laboratis
1103 1048 1133 1101 et
1154 1041 1270 1102 onerati
1298 1041 1370 1103 estis
1393 1048 1422 1099 et

130 1161 185 1221 ego
208 1162 263 1204 uos
284 1145 438 1205 reheiam'.

214 1246 247 1305 V.
278 1245 371 1317 Quam
395 1244 451 1306 lata
477 1253 506 1306 et
527 1246 655 1325 spatiosa
678 1246 737 1306 uita
751 1283 753 1288 =
767 1253 826 1315 est,
855 1263 930 1324 quae
958 1244 1042 1306 ducit
1068 1245 1104 1307 ad
1134 1252 1259 1305 mortem
1283 1252 1312 1304 et
1334 1262 1422 1324 quam

130 1354 192 1408 arta
220 1355 250 1408 et
277 1356 401 1426 angusta
428 1349 478 1409 uia
506 1355 564 1418 est,
599 1365 674 1426 quae
702 1347 785 1407 ducit
811 1346 848 1407 ad
877 1348 982 1418 uitam,
1017 1348 1155 1426 quocirca
1188 1346 1361 1426 prosperior
1388 1364 1422 1407 ea

97 1466 121 1504 ιο
136 1451 276 1520 noscitur,
301 1467 375 1527 quae
398 1457 514 1511 constat
535 1467 600 1510 esse
614 1449 772 1510 'dexterior
793 1449 849 1510 hac
870 1451 902 1510 in
924 1451 1108 1529 figuratione.

216 1551 250 1612 X.
282 1551 360 1613 Crux
383 1553 495 1614 Christi
514 1556 546 1613 ia
569 1569 671 1613 omnes
693 1551 796 1612 mundi
819 1551 1007 1632 protenditur
1029 1559 1130 1632 partes
1153 1559 1182 1613 et
1203 1550 1368 1612 subdita..
1388 1596 1416 1612 ..

136 1700 334 1716 ..........
352 1652 420 1714 idus
443 1653 539 1714 beo..

214 1756 246 1815 Y.
277 1754 513 1816 Fundamentum
536 1754 614 1817 aliud
637 1775 723 1818 nemo
745 1765 843 1837 potest
865 1775 987 1836 ponere,
1010 1773 1101 1833 prtem
1122 1756 1199 1837 quod
1223 1756 1351 1836 positum
1367 1764 1421 1824 est,

131 1857 209 1936 ‹puod
233 1865 276 1919 est
299 1857 435 1918 Christus
458 1858 549 1919 lesus.
594 1858 657 1919 lloc
681 1877 822 1939 namque,
852 1866 886 1919 ut
907 1860 947 1919 ait
974 1857 1180 1938 apostoluS,
1210 1859 1422 1940 prophetarum

94 1967 162 2020 rset
196 1958 399 2038 apostolorum
427 1967 472 2020 est
500 1959 734 2032 fundamentum,
769 1963 800 2022 in
828 1980 887 2039 quo
918 1963 1013 2023 omnis
1046 1960 1208 2022 aedificatio
1241 1961 1423 2023 constructio

132 2063 238 2122 crescit
261 2064 292 2124 in
315 2062 459 2142 templum
482 2070 616 2124 sanctum
639 2064 670 2124 in
693 2062 829 2124 Domino.

217 2164 247 2224 Z.
278 2162 335 2224 Per
358 2165 589 2226 incarnationem
612 2164 719 2228 Christi
749 2166 900 2227 terrestria
928 2164 1105 2226 caelestibus
1127 2164 1235 2227 socia'ta
1259 2167 1350 2227 luisse
1373 2184 1424 2227 ne·

134 2267 206 2325 mini
229 2263 362 2326 fidelium
385 2266 521 2327 dubitare
543 2267 652 2329 licebit

763 2795 798 2867 C.

176 2949 287 3007 limnas
311 2967 383 3008 uero
406 2948 522 3008 litterae
545 2947 581 3006 ad
604 2946 826 3007 similitudinem
850 2948 930 3006 uocis
948 2945 1134 3007 characteras
1150 2955 1338 3023 acceperunt.

96 3070 121 3107 ao
218 3051 240 3109 Α
264 3056 367 3128 aperto
390 3066 442 3109 ore
464 3067 596 3128 coragruo
618 3047 681 3110 solo
703 3050 808 3130 spiritu
831 3057 1021 3110 memoratur.

220 3149 242 3208 ll
266 3148 356 3211 labris
378 3170 432 3230 per
455 3153 592 3231 spiritum
615 3152 727 3231 impetu
748 3150 872 3211 reclusis
894 3151 1049 3212 edicimus.

219 3252 241 3312 C
264 3251 424 3314 molaribus
447 3272 537 3333 super
558 3253 677 3330 linguae
700 3262 831 3314 extrema
854 3254 985 3333 appulsis
1008 3252 1192 3332 exprimitur.

218 3353 242 3414 u
266 3354 391 3434 appulsu
414 3355 531 3433 linguae
553 3357 632 3417 cirea
653 3356 823 3435 superiores
845 3353 951 3416 dentes
972 3356 1143 3419 innascitur.

218 3455 242 3515 E
264 3457 367 3535 spiritu
390 3457 461 3517 iacit
483 3456 583 3536 lingua
600 3454 611 3538 ΙΙ
627 3458 646 3517 l.
664 3454 938 3540 tenimentorum
961 3458 1120 3538 pressiore.

110 3578 122 3617 s
220 3556 242 3616 F
265 3557 369 3618 dentes
390 3556 505 3619 labrum
528 3559 653 3619 inferius
675 3559 883 3640 deprimentes.

220 3660 243 3721 C
266 3661 402 3740 spiritum
424 3679 491 3721 eum
514 3661 621 3741 palato.

221 3762 246 3822 ll
268 3764 400 3823 eonrasis
422 3762 573 3842 paululum
596 3763 729 3824 saucibus
752 3764 773 3843 †
796 3763 950 3824 uentribus
973 3761 1098 3824 exhalat.

226 3863 237 3924 l
267 3865 386 3941 spiritus
409 3883 501 3944 prope
524 3865 663 3926 dentibus
688 3884 817 3945 pressus.

222 3965 247 4025 ll
270 3964 404 4026 lancibus
427 3965 522 4043 palato
546 3968 699 4032 formatur.

98 4090 124 4128 so
222 4067 245 4126 L
267 4067 365 4144 lingua
389 4086 464 4147 qnae
486 4067 584 4148 palato
608 4070 627 4149 †
652 4069 759 4130 dulect.

136 4203 362 4212 ——-——

203 4292 363 4338 3earartere
431 4290 548 4339 hortatu
634 4290 784 4339 dhonorati
870 4290 1038 4356 9properior
1125 4292 1154 4340 11
1174 4288 1244 4341 Crux
1267 4328 1374 4343 .......
1380 4307 1425 4342 nes

136 4356 222 4406 mundi
294 4359 325 4406 13
343 4371 419 4417 qrram
438 4359 510 4407 deest
579 4360 610 4408 15
628 4357 754 4407 edificatio

206 4424 269 4473 ceu.
288 4424 369 4478 Bora.
389 4428 439 4473 417
456 4441 525 4475 scae.
544 4426 588 4474 lx'
603 4427 624 4488 s.
644 4425 819 4489 teet-109¹,
837 4429 977 4491 praemisso
996 4429 1081 4476 titulo:
1106 4426 1184 4475 litlot
1203 4425 1246 4474 llll
1265 4426 1424 4476 Ll'l'TEltlS.

136 4492 211 4541 Inter
229 4493 293 4541 hune
311 4499 446 4543 tractatum
464 4501 489 4543 et
506 4496 581 4556 illam,
595 4511 666 4559 quera
683 4511 718 4544 eea
735 4497 785 4545 isto
802 4498 890 4546 codiee
912 4511 992 4559 supra
1009 4496 1086 4555 edidi,
1105 4497 1203 4544 inserto
1221 4502 1260 4544 eat
1276 4495 1362 4545 breuis
1379 4512 1426 4544 eae·

135 4562 227 4624 positio
246 4563 279 4611 de
296 4563 400 4610 titteris:
436 4560 479 4608 DE
497 4560 647 4610 LlT'l'EltlS
666 4561 869 4612 exenteravit
892 4565 1017 4627 incipiens
1034 4563 1066 4613 ab
1084 4563 1124 4613 aa
1140 4562 1239 4613 uerbis:
1274 4562 1369 4612 Littera
1388 4571 1426 4612 est

136 4644 196 4693 pars
216 4630 321 4678 minima
339 4631 410 4678 rroeis
429 4630 583 4679 articulatae.
621 4629 769 4679 Litterarum
793 4631 857 4680 aliae
879 4642 939 4680 sunt
961 4630 1076 4689 trocales,
1098 4631 1163 4680 aliae
1180 4643 1352 4681 consonantes
1370 4642 1427 4691 ete,

136 4713 201 4762 puae
219 4705 273 4747 tota
290 4703 390 4748 eemtnt
408 4715 443 4747 ere
459 4698 578 4760 [nastulis
597 4699 694 4748 Donati
708 4716 735 4763 p.
755 4701 881 4758 367,9-
893 4702 953 4762 3ὓ8,
964 4703 988 4751 7.
1058 4701 1090 4750 19
1108 4710 1248 4749 caracteres
1318 4702 1352 4750 20
1369 4696 1427 4764 sprn

136 4767 167 4813 21
188 4765 322 4815 reclusisse
340 4766 448 4815 dioinms
517 4767 550 4815 22
567 4766 665 4831 apuleis
717 4769 750 4817 23
768 4767 861 4832 apulsu
917 4768 951 4817 24
968 4768 1074 4833 spiritus
1126 4770 1268 4834 pressiores
1337 4769 1370 4819 25
1388 4770 1427 4816 in-

136 4831 242 4882 serimus
310 4835 343 4883 27
361 4834 446 4883 exalat
513 4835 547 4883 28
564 4835 683 4885 (lentibus
702 4837 783 4901 presit
851 4839 884 4887 30
901 4835 989 4902 lingua
1006 4853 1032 4898 q;
1050 4835 1135 4901 palato
1154 4837 1237 4887 dulcet

1171 4919 1230 4974 ab*
