3420 5378
212 254 276 321 246
606 258 840 310 connannvn
858 254 1102 309 arnernunnsn

73 462 101 506 et.
115 463 161 511 aaa,
176 465 200 502 10
213 455 294 510 artus
316 448 456 509 dicuntur
478 449 589 508 maiora
615 446 756 508 membra.
780 482 822 491 —-
844 448 950 526 Aptota
978 447 1097 507 nomina
1126 463 1183 506 nec
1210 443 1336 525 pluralia
1365 464 1424 507 nec
1450 446 1511 517 illa,

214 568 289 630 quae
314 568 329 609 a
352 549 476 610 Graecis
500 550 695 628 sumpsimus,
721 544 841 631 ll169ll
866 566 926 608 non
950 549 1074 608 ueniunt
1095 549 1125 608 in
1153 547 1232 609 lranc
1259 546 1411 626 regulam,
1442 550 1511 626 quia

116 667 162 714 ³⁷⁹.
177 667 201 705 1²
215 650 376 712 ablatiuunr
405 669 464 710 non
492 650 611 711 lrabont.
656 649 855 717 Ernlrlcma,
885 651 1014 710 uarietas
1040 649 1215 729 pauimenti.
1261 649 1510 729 Epigramma,

213 754 441 833 superscriptio.
491 753 665 821 Stemma,
694 751 768 813 ordo
797 752 843 812 uel
873 753 967 811 series
994 752 1206 828 generationis.
1250 752 1384 812 Stemma
1412 761 1510 813 annm

214 864 340 916 uocatur
374 855 469 922 iilum,
509 874 568 934 quo
603 853 772 914 sacerdotes
806 862 940 932 tempore
973 850 1108 914 aestinali
1141 854 1237 932 capita
1267 852 1417 931 ligabant,
1451 873 1533 921 noas

215 955 350 1018 ualentes
373 964 492 1035 portare
515 954 635 1034 pilleus,
665 963 694 1021 ct
717 974 771 1033 pro
794 973 904 1016 corona
932 956 1065 1033 ponitur.
1110 956 1230 1035 Antiqui
1259 955 1338 1016 enim
1368 956 1511 1018 iemiuino

131 1062 134 1067 ’
216 1077 328 1137 genere
350 1056 556 1137 proferebant,
582 1066 614 1116 ut
636 1056 782 1117 enrlrlema
806 1055 980 1117 emblemae.
1026 1056 1062 1116 Et
1084 1055 1154 1116 inde
1177 1058 1321 1118 remansit
1342 1056 1463 1119 datinns
1483 1068 1512 1120 et

120 1158 365 1222 ³ta1⁴alrlatiuus
388 1134 519 1236 pluralis.
566 1157 684 1218 linoltus
707 1157 801 1217 rrrodis
823 1159 1025 1236 cognoscitur,
1048 1147 1222 1236 analogia
1244 1156 1304 1218 uel
1328 1176 1371 1218 ex
1396 1158 1510 1221 oolla·

217 1264 320 1323 tione
344 1261 610 1341 positiuorunr,
633 1262 652 1318 i
677 1279 712 1319 en
736 1261 918 1321 continentia
942 1260 1095 1321 nominum
1120 1258 1167 1322 uel
1190 1278 1226 1320 ex
1249 1259 1460 1321 diminutione.

713 1514 761 1574 DE
784 1513 1012 1575 Pnonuntttit.
1521 1544 1541 1582 n

304 1668 470 1728 Pronomen
494 1666 615 1735 dicitnr,
646 1688 681 1727 oo
704 1667 784 1746 quod
808 1686 863 1745 pro
886 1669 1006 1727 nomine
1029 1668 1048 1728 i.
1072 1669 1102 1727 in
1131 1668 1196 1729 loco
1226 1671 1356 1730 nominis
1384 1671 1510 1750 ponitur,

217 1772 294 1831 sicut
310 1771 503 1829 ‘niceeomes’
518 1766 584 1828 loco
607 1769 725 1828 comitis
748 1778 777 1828 ot
800 1767 986 1847 ‘proconsul'
1009 1768 1074 1831 looo
1099 1769 1237 1831 consulis.
1282 1770 1325 1831 Ad
1342 1771 1403 1832 hoo
1418 1781 1510 1833 autem

217 1873 372 1932 inuentum
396 1881 440 1930 est
462 1888 643 1949 pronomen,
673 1878 705 1930 ut
727 1870 878 1930 fastidium
902 1872 1089 1951 repetitionis
1111 1870 1229 1932 tolleret
1252 1880 1283 1932 et
1304 1882 1508 1936 ornamento·

219 1973 368 2033 locutioni
385 1973 512 2032 ass'errot.
558 1971 630 2032 Nam
653 1972 802 2033 fastidiosa
827 1972 935 2033 locutio
958 1974 1075 2033 luisset:
1099 1971 1251 2050 ‘Virgilius
1274 1974 1399 2053 scripsit
1419 1976 1508 2037 Buco-

218 2073 286 2134 lica.
332 2072 471 2150 Virgilius
493 2075 612 2151 scripsit
634 2073 793 2151 Georgica,
818 2074 959 2152 Virgilius
980 2075 1101 2153 scripsit
1122 2073 1274 2136 Aeacida’.
1318 2076 1393 2137 Cum
1416 2085 1539 2142 autento

218 2174 343 2235 dixeris:
369 2174 523 2252 ‘Virgilius
545 2176 667 2255 scripsit
688 2174 840 2244 Bucolica,
871 2177 934 2255 ipse
956 2177 1076 2255 scripsit
1097 2177 1257 2255 Georgica,
1288 2175 1369 2237 idem
1398 2179 1512 2259 scripsit

122 2277 373 2346 ³⁷9‚2³Aeneida’,
403 2274 552 2337 lastidinnr
581 2274 693 2336 tollitur
721 2285 751 2336 et
778 2286 983 2338 ornamentum
1013 2277 1141 2339 additur.
1192 2278 1281 2338 l‘ars
1312 2281 1510 2349 orationis,

219 2399 276 2441 una
306 2380 420 2458 species
449 2377 622 2438 latinitatis.
668 2378 793 2439 Posita
822 2380 843 2437 i·
873 2380 1039 2440 constituta.
1090 2379 1322 2441 Tantundem
1352 2385 1379 2441 i·
1408 2382 1511 2443 iterum

219 2489 334 2542 tantuna
358 2488 388 2540 ot
411 2481 600 2558 componitur
622 2497 658 2539 ex
674 2482 813 2540 ‘tanturn’
830 2488 859 2540 et
873 2479 1028 2541 ‘demum’.
1074 2481 1209 2551 Paene,
1233 2484 1253 2540 i·
1274 2499 1382 2562 prope.
1417 2481 1511 2554 Quare

219 2583 293 2644 dixit
316 2585 446 2662 ‘paene’
478 2589 507 2641 et
535 2599 593 2664 non
622 2579 755 2642 absolute
783 2583 916 2642 tanturn?
960 2582 1034 2653 Quia
1064 2603 1172 2645 nomen
1202 2582 1320 2663 plenam
1350 2586 1540 2648 orationemn

219 2686 289 2747 iacit
304 2703 358 2764 per
374 2704 422 2753 se,
447 2702 610 2762 pronomen
629 2702 701 2744 uero
724 2683 796 2743 nillil
820 2685 906 2751 iacit,
931 2686 988 2745 nisi
1010 2685 1166 2746 antecedat
1188 2704 1307 2750 nomen.
1347 2685 1512 2748 Pronomae

118 2788 334 2849 sao,arGraooe
362 2778 532 2866 dacovopo
567 2784 685 2845 dicitur.
735 2783 944 2855 Interdum,
982 2806 1040 2847 non
1073 2805 1207 2867 semper,
1244 2797 1372 2868 propter
1404 2790 1512 2850 inlinita

220 2891 411 2968 pronomina,
435 2907 511 2968 quae
527 2906 584 2948 nou
601 2888 751 2966 recipiunt
767 2905 923 2968 personas,
948 2886 999 2948 sed
1015 2889 1186 2968 inquirunt,
1210 2897 1242 2950 ut
1257 2890 1337 2968 ‘quis
1354 2892 1401 2952 uir
1417 2892 1512 2952 leoiti’

220 2993 315 3068 ‘quae
338 2989 480 3050 rnulierl’
505 2989 600 3066 ‘quod
625 2987 770 3048 animall'
807 2988 843 3048 Et
865 2987 922 3048 hoo
944 2989 1107 3051 seeundum
1129 2991 1291 3053 lionatum:
1325 3010 1397 3053 nam
1419 2995 1513 3054 omnia

221 3093 396 3170 pronomina
419 3092 499 3152 lirrita
524 3072 619 3151 doluit
647 3090 863 3150 l'risoianus
892 3110 956 3150 esse
980 3092 1097 3153 dnobus
1124 3094 1233 3163 modis,
1262 3094 1542 3157 demonstrationes

222 3200 272 3252 ant
294 3192 451 3260 relatione,
476 3193 743 3260 tlernonstratione,
767 3200 800 3252 nt
823 3210 877 3269 ego
894 3201 925 3253 tu
942 3192 1004 3261 ille,
1030 3195 1186 3264 relatione,
1211 3202 1243 3254 ut
1258 3194 1307 3255 ltio
1322 3197 1360 3256 is.
1375 3230 1419 3240 -
1434 3195 1514 3258 llodo

82 3309 128 3357 sao,
142 3308 209 3348 aona
224 3294 296 3354 dicit
325 3293 361 3353 de
389 3293 537 3372 qualitate.
583 3293 707 3353 Finita
737 3296 757 3352 i·
782 3294 975 3355 determinata
1000 3292 1012 3376 ll
1032 3292 1122 3375 1701}
1147 3298 1382 3376 circumscripta.
1428 3299 1520 3360 torn·

223 3398 314 3464 nita,
337 3414 412 3475 quiae
428 3395 538 3456 nullam
555 3395 759 3455 demonstrant
781 3415 954 3475 personant:
978 3399 1055 3473 ‘qens
1078 3397 1174 3477 qtralis
1197 3399 1275 3459 talis'
1292 3418 1354 3460 non
1370 3388 1515 3481 recipiunt

121 3512 375 3577 sao,aepersonas.
420 3498 539 3558 llinus
562 3515 668 3576 quarn
691 3497 818 3566 linita,
848 3516 906 3557 nem
930 3517 965 3557 ex
990 3508 1052 3558 toto
1076 3501 1169 3567 linita,
1199 3503 1267 3578 quia
1289 3520 1347 3582 pro
1369 3503 1516 3582 praesenti

224 3607 253 3660 et
273 3598 390 3659 absenti
413 3607 575 3678 ponuntur.
620 3598 898 3678 Praepositina,
921 3601 989 3677 quia
1012 3620 1131 3678 setrrper
1155 3613 1381 3682 praeponuntur
1401 3605 1422 3663 i·
1438 3613 1542 3665 ante-u

224 3709 385 3782 ponuntur.
431 3701 494 3760 Non
518 3708 602 3779 potes
625 3701 704 3760 enirn
729 3700 829 3761 dicere
854 3703 911 3760 ‘nir
934 3705 1013 3781 quis'
1037 3701 1125 3763 ‘lilrer
1140 3703 1210 3773 hic',
1233 3705 1284 3765 sed
1308 3709 1393 3781 ‘quis
1416 3707 1475 3766 uir’
1489 3714 1514 3764 et

121 3818 170 3867 ero,
184 3819 210 3857 ao
224 3804 284 3864 ‘liic
299 3803 398 3864 liber’.
432 3803 674 3863 Subiunctiua
690 3814 774 3877 sunt,
790 3806 858 3883 qnia
874 3812 1090 3882 supponuntur,
1107 3815 1138 3865 nt
1154 3808 1279 3865 ‘deneas
1294 3804 1374 3865 filius
1386 3807 1514 3875 Veneris,

224 3909 249 3967 is
271 3908 367 3967 tenuit
389 3904 524 3973 Troiam,
550 3904 627 3964 idern
651 3908 805 3984 superauit
826 3905 982 3966 Turnurn’.
1030 3909 1121 3966 Sunt
1148 3907 1221 3967 alia
1244 3910 1387 3984 gentis,
1418 3909 1514 3970 utlaio

225 4016 254 4068 et
277 4008 349 4067 llaec
371 4016 401 4066 et
423 4006 479 4065 hoe
501 4008 595 4139 cu'ias:
619 4008 732 4083 antiqui
755 4004 892 4067 dicebant
915 4007 974 4066 ‘irie
991 4009 1108 4069 ethaeo
1124 4010 1240 4069 cuiatis’
1264 4017 1294 4070 et
1316 4008 1388 4070 ‘hoc
1404 4013 1513 4075 cuiate'.

292 4297 410 4360 dgrecis
467 4297 680 4361 dgeneraeionis
734 4305 914 4344 stenraautem
985 4298 1178 4346 9cooserentia
1250 4300 1281 4348 14
1298 4298 1437 4349 locutionis
1487 4300 1514 4348 19

225 4381 289 4429 pene
358 4366 390 4414 20
410 4380 473 4429 pene
526 4360 635 4428 tarrmml
657 4365 710 4413 Aa:
732 4363 895 4413 tantundem?
956 4366 1081 4428 22greoe
1100 4377 1237 4413 antonomn
1306 4368 1341 4416 25
1361 4362 1513 4430 Priscianus]

224 4432 258 4494 es,
278 4432 293 4481 I
309 4450 337 4497 p.
356 4435 415 4493 578,
434 4434 467 4483 18
484 4448 538 4497 sep.
555 4450 583 4497 p.
603 4435 660 4493 5⁷9,
679 4435 711 4481 15
729 4448 783 4497 seq.

296 4657 327 4704 12
347 4655 438 4706 Glossa
455 4656 551 4707 codicis
563 4654 705 4705 nemeaea
725 4656 775 4704 386
791 4655 813 4717 f.
828 4657 859 4705 8·
871 4670 950 4718 morp.
965 4656 1067 4707 dexto:
1092 4652 1164 4704 Sient
1182 4655 1248 4705 enim
1267 4656 1409 4719 proconsul
1426 4657 1452 4706 in
1465 4656 1513 4705 loeo

225 4723 339 4772 consulis
358 4734 382 4773 et
401 4725 541 4774 uieeeomes
560 4724 584 4771 in
604 4721 660 4772 loco
678 4723 778 4771 comitis
797 4724 908 4787 ponitur,
927 4722 962 4771 ita
980 4737 1122 4787 pronomen
1143 4723 1197 4772 nice
1214 4723 1325 4773 nominis
1346 4723 1486 4804 ordinatur.
