3420 5378
756 978 801 1060 1.

472 1174 547 1256 DE
569 1173 1080 1257 GRAMMATIOORVM
1146 1197 1148 1200 ’

174 1310 491 1395 OATALOGIS
513 1310 861 1393 BONONIENSI
882 1311 1074 1412 ATQVE
1096 1310 1388 1395 BERNENSI.

216 1741 264 1800 Aci
284 1739 472 1814 explicando
493 1755 544 1807 eo,
574 1756 653 1813 qnae
675 1739 714 1798 H.
739 1737 855 1798 Keilins
881 1740 912 1798 in
937 1756 1045 1814 propr.
1077 1740 1203 1814 Erionp.
1233 1746 1305 1799 ison
1332 1758 1361 1816 p.
1388 1747 1423 1799 27

129 1844 168 1903 de
193 1839 465 1918 orommoticornrn
491 1842 632 1914 cntoioeo
660 1838 846 1901 Bononiensi
876 1842 997 1901 soeculo
1032 1843 1187 1902 undecimo
1214 1845 1328 1917 scripto
1355 1845 1423 1917 epit,

128 1962 190 2005 non
213 1945 326 2004 nntius
346 1945 487 2004 momenti
506 1942 648 2002 uidentur
669 1959 741 2010 esse,
763 1959 840 2017 qnae
861 1940 894 2002 in
915 1940 1032 2004 codicis
1047 1942 1211 2004 Bernensis
1228 1950 1286 2003 243
1301 1946 1424 2020 popina

127 2052 266 2107 extremo
287 2045 395 2106 Petrus
416 2046 529 2105 Daniel
547 2042 675 2120 scripsit
697 2046 836 2120 antiquos
858 2042 911 2104 iiie
928 2044 1032 2118 sontes
1052 2052 1185 2106 secutas:

214 2146 256 2208 He
279 2145 370 2206 Homa
394 2144 431 2208 de
454 2145 553 2206 Sicilia
577 2144 613 2205 tic
635 2144 716 2206 ltalia
740 2146 777 2207 dc
799 2145 896 2206 Africa
912 2144 950 2205 tio
965 2145 1103 2224 Hispania
1128 2145 1292 2225 (Hispania,
1316 2150 1423 2209 addito

127 2248 163 2312 in
184 2266 283 2325 moro.
307 2249 329 2308 d
350 2256 441 2325 noto,
471 2248 528 2308 boc
554 2256 599 2308 est
626 2249 727 2309 deesse
753 2247 787 2309 in
808 2247 915 2309 coti-ico
937 2255 1065 2317 uetusto,
1095 2250 1175 2309 nneie
1201 2251 1277 2310 boec
1300 2248 1420 2326 pet-init,

128 2349 303 2412 inlitterom
325 2348 439 2411 Daniel
458 2349 596 2430 testetur)
621 2358 769 2411 ncrrcrnnt
787 2345 792 2432 Ι
812 2348 848 2411 ad
872 2368 926 2411 nos
949 2348 1017 2410 libri
1039 2351 1241 2429 grammatici:

256 2450 298 2513 He
321 2450 414 2511 Roma
438 2458 564 2528 qnatnor
587 2450 655 2511 iibri
678 2452 782 2513 Donati

954 2536 1099 2598 Honorati

1012 2646 1041 2697 ei

417 2800 422 2807 .
975 2739 1071 2817 Sergii

255 2841 296 2902 Hc
319 2840 417 2903 Sicilia
439 2840 491 2902 HH
514 2841 725 2921 ‹iiscipninrnrn
749 2842 811 2901 citis
834 2841 911 2901 iiinst
1012 2850 1040 2900 et

965 2941 1081 3001 Maximi

1018 3049 1047 3103 ei

953 3142 1085 3204 bictrorii

810 3247 847 3310 de
871 3248 990 3309 nominc

253 3352 296 3412 He
321 3351 401 3412 italia
425 3350 483 3410 dno
507 3350 576 3412 libri
598 3351 751 3412 Consentii
884 3358 914 3410 ct.

769 3245 902 3549 bombo
925 3450 1013 3512 etde
1037 3449 1229 3512 barbarismo.

330 3564 359 3616 ct
382 3553 448 3615 libri
471 3554 615 3615 Prisciani
636 3554 688 3614 XX

329 3667 358 3718 ct
381 3656 480 3718 Entitii
504 3655 562 3716 dno

660 3757 695 3817 tic
718 3757 815 3818 littera

329 3870 357 3925 ct
380 3860 476 3938 Sergii
498 3878 605 3920 nonem
722 3866 752 3919 ct

659 3960 695 4020 tic
720 3959 902 4042 barbarismo

329 4071 359 4124 ct
380 4062 485 4142 Aspcri
507 4071 538 4122 et

376 4163 509 4225 Flauiani
533 4163 600 4224 iibri
626 4163 676 4224 HH

254 4268 295 4329 Hc
317 4268 414 4327 birica
437 4283 510 4326 noro
533 4266 729 4327 Comminiani
752 4274 780 4325 ct
804 4265 946 4343 Pompeii.

255 4370 295 4430 Hc
319 4368 457 4449 Hispania
483 4364 649 4447 (Hispania,
672 4366 782 4429 eddim
805 4371 836 4427 in
851 4384 949 4443 mero.
967 4368 990 4426 ei
1003 4366 1084 4444 nolo)
1108 4366 1214 4427 isidori
1236 4375 1266 4428 ot
1281 4368 1367 4445 tinpri
1390 4375 1419 4427 et

1260 4466 1416 4547 Papperini

328 4571 453 4650 Agroecii
464 4572 611 4651 (ngroectt
625 4573 733 4632 addito
744 4575 776 4632 in
788 4589 885 4647 moro.
900 4575 922 4632 d
931 4572 1011 4650 noto)
1030 4579 1060 4631 et
1077 4463 1241 4770 analogia{
1322 4576 1352 4628 ct

1258 4670 1400 4733 Victorini
