3420 5378
190 289 254 352 230
584 289 818 340 couunuavru
836 287 1081 340 nrusrnuanss

190 486 316 558 separat.
362 479 485 557 Proprie
513 485 612 538 autem
641 477 765 539 diastole
788 484 833 538 est
855 476 1115 538 intercolumnium
1138 480 1156 538 i.
1181 479 1323 559 spatium,
1353 479 1434 559 quod
1457 479 1489 540 lit

190 583 268 641 iuter
291 580 452 640 columnas.
498 579 603 640 ‘Stolo’
632 581 710 639 enim
738 579 848 640 dicitur
870 578 1024 650 columna,
1058 579 1127 640 inde
1150 579 1273 641 diastole
1295 580 1407 640 dicitur
1428 581 1488 641 dis·

189 683 318 751 iuuctio,
353 701 388 741 eo
422 679 501 761 quod
535 680 611 741 nrale
645 682 800 741 coniuncta
835 679 991 758 disiungat.
1042 680 1090 741 ld
1119 683 1241 752 imam,
1270 683 1289 744 i.
1318 681 1356 743 ad
1387 683 1486 742 linem.
1558 666 1561 676 ’

66 813 86 850 ρ.
102 784 483 851 sae,ellisccrrruntur,
506 784 527 842 i.
550 789 734 862 separantur.
779 781 1046 862 cohaerentia,
1068 783 1087 842 i.
1104 784 1324 862 coniungenda,
1347 784 1488 843 ut‘uir·

66 886 288 964 p.an,oginis
310 887 387 944 ira'.
432 883 690 962 Apostrophus
712 884 811 944 item.
855 885 992 962 Congrue
1015 883 1088 944 dixit
1108 884 1213 952 ‘item'‚
1237 885 1379 963 quoniam
1403 901 1515 963 prae-s

190 987 267 1046 dicta
297 987 422 1047 iteratur
450 987 555 1062 ligura,
591 985 642 1046 sed
672 984 749 1045 aliud
781 1004 870 1065 supra
899 993 929 1045 et
955 984 1035 1045 aliud
1063 986 1123 1063 agit
1151 985 1237 1048 inira.
1282 985 1491 1065 Apostrophus

190 1090 270 1148 enim
294 1088 408 1148 Graece
431 1088 587 1148 conuersio
610 1087 767 1148 locutionis
790 1086 897 1148 dicitur
920 1088 1040 1156 Latine,
1064 1086 1133 1147 inde
1156 1086 1357 1166 apostrophus
1379 1105 1396 1147 a
1418 1105 1490 1147 con·

191 1189 330 1248 uersione
355 1195 486 1256 uocatur,
509 1189 576 1267 quia
600 1196 813 1250 consonantem
837 1189 989 1258 dictionis,
1014 1189 1098 1249 cuius
1119 1187 1233 1248 uocalis
1248 1188 1394 1257 aulertur,
1417 1206 1490 1248 coa-

190 1289 280 1349 nertit
302 1289 337 1349 ad
361 1289 577 1369 praecedentia.
622 1289 705 1349 Vnde
734 1289 806 1350 liaeo
834 1293 926 1368 figura
956 1289 1033 1350 bene
1060 1290 1237 1351 conuersina
1260 1287 1308 1348 nel
1330 1291 1491 1350 reuersina

193 1387 284 1471 11207
303 1387 314 1468 ll
339 1392 402 1450 siue
425 1393 595 1467 regressiua
618 1390 734 1451 dicitur.
781 1390 925 1451 liiiieruut
952 1400 1051 1451 autem
1079 1392 1158 1451 inter
1181 1409 1213 1450 se
1235 1390 1441 1471 apostrophus
1463 1399 1526 1451 etro

192 1490 330 1560 diastole,
354 1490 431 1567 quod
455 1491 578 1552 diastole
601 1491 636 1552 ad
660 1493 873 1552 extremitatem
897 1493 1016 1572 ponitur
1039 1490 1169 1562 litterae,
1192 1491 1395 1571 apostrophus
1405 1496 1493 1553 'uero

191 1593 226 1654 ad
251 1595 448 1653 summitatem
472 1605 504 1652 ut
527 1593 637 1653 tautou'
661 1613 714 1672 pro
738 1600 857 1654 tantone
880 1601 909 1653 ct
936 1592 1035 1654 uiden‘
1058 1611 1113 1671 pro
1141 1593 1280 1663 uidesne,
1310 1592 1413 1653 audin'
1438 1611 1493 1672 pro

192 1695 323 1755 audisne.
369 1694 431 1754 lloc
460 1703 557 1754 autem
581 1696 612 1754 tit
635 1712 721 1755 causa
746 1697 850 1765 metri,
880 1696 910 1755 in
933 1713 1021 1773 prosa
1050 1711 1122 1754 uero
1145 1694 1181 1755 ad
1203 1693 1364 1774 pristinam
1387 1711 1493 1754 reuer-

56 1824 76 1865 p.
89 1814 138 1859 en,
154 1813 178 1851 n
192 1797 262 1855 titur
286 1781 430 1868 sormam.
476 1795 662 1863 Ceterum,
691 1813 746 1875 pro
774 1796 836 1857 sed.
888 1795 1034 1864 Addita,
1069 1794 1206 1856 adiuncta
1234 1814 1258 1856 s.
1288 1813 1344 1874 per
1373 1795 1494 1863 dasium

194 1895 252 1956 uel
280 1895 467 1964 detracta,
497 1894 646 1957 subtracta
669 1916 723 1975 per
745 1897 830 1957 silen.
875 1897 1006 1958 ‘llasian’
1030 1899 1244 1975 interpretatur
1266 1894 1423 1976 pinguedo
1445 1895 1527 1956 uelu

193 1998 334 2075 aspiratio
349 1998 412 2056 siue
428 1995 549 2057 uberior
569 2016 660 2059 sonus
683 2005 712 2057 ot
734 1997 843 2058 dicitur
858 1997 1003 2066 adaudm
1028 1997 1129 2059 ‘silen’
1152 2000 1269 2058 siccitas
1291 1998 1359 2058 siue
1383 2015 1492 2077 purum

193 2100 407 2176 iuterpretatur
430 2104 459 2158 et
482 2118 498 2158 a
520 2096 634 2160 silendo
657 2099 774 2160 dicitur.

702 2301 750 2362 ΒΕ
772 2301 977 2370 POSl'lVlllS.

280 2418 433 2477 Positurae
462 2425 491 2478 ct
517 2418 723 2480 distinctiones
755 2420 832 2481 idem
863 2430 940 2482 sunt.
994 2421 1149 2482 Positurae
1179 2426 1276 2480 autem
1305 2439 1323 2479 a
1353 2420 1494 2499 ponendo

56 2518 345 2594 ammonemur.
391 2518 486 2589 Quas
507 2515 646 2593 θέσεις
669 2521 801 2582 Graeci
825 2530 976 2588 uocant:
1011 2522 1128 2602 τίθημι
1160 2523 1239 2582 euim
1268 2522 1385 2584 Graece
1414 2537 1527 2603 ponon

194 2620 307 2681 Latine.
353 2621 415 2681 llae
438 2622 524 2682 etiam
548 2622 699 2701 positurae
721 2624 822 2702 puncti
845 2622 992 2691 dicuntur,
1016 2622 1066 2701 qui
1089 2622 1125 2684 ad
1148 2623 1205 2683 hoc
1225 2624 1307 2684 iuxta
1330 2623 1494 2686 dictionem

193 2733 360 2801 ponuntur,
384 2732 417 2783 ut
438 2723 595 2784 ostendant
620 2726 800 2804 positionem
830 2725 928 2792 uocis,
958 2723 1005 2784 nel
1029 2734 1061 2784 ut
1083 2722 1266 2786 manifestior
1294 2723 1496 2804 intelligentia

194 2823 376 2885 indictione
404 2825 463 2885 oito
491 2826 620 2885 inueniri
644 2827 746 2904 possit.
793 2827 941 2886 Vocantur
964 2832 993 2885 et
1015 2825 1232 2895 distinctiones,
1263 2843 1298 2885 eo
1328 2826 1412 2906 quod
1443 2846 1497 2908 per

195 2924 328 2985 membra
356 2928 533 2986 sententiam
561 2928 668 3004 partim
697 2926 891 3004 distinguant,
921 2928 940 2986 i.
970 2925 1113 2988 diuidant.
1158 2926 1324 2987 Positiones
1354 2944 1430 3006 ergo
1453 2928 1496 2988 di·

195 3032 313 3094 cuntur,
342 3044 377 3085 eo
406 3027 483 3103 qnod
512 3025 551 3085 ihi
581 3027 747 3105 deponatur
768 3046 827 3088 uox
851 3034 879 3087 et
901 3035 1077 3096 resumatur,
1107 3045 1145 3086 ne
1172 3028 1400 3089 continuatione
1424 3029 1529 3090 deli-es

56 3125 263 3201 parereciat.
294 3125 496 3187 Distinctio
520 3128 794 3189 subdistinctio
817 3128 933 3187 media
957 3127 1168 3197 distinctio,
1194 3136 1349 3199 tressunt,
1367 3148 1496 3209 quaru-

197 3224 354 3287 diuersitas
376 3227 471 3289 tribus
493 3230 610 3308 punctis
625 3229 745 3289 diuerso
762 3231 790 3289 in
808 3228 871 3289 loco
887 3231 990 3308 positis
1005 3230 1233 3291 demonstratur.
1262 3230 1496 3293 distinctionem

197 3329 305 3389 ceteris
328 3333 499 3408 praeposuit
521 3330 667 3399 linuatus,
694 3332 763 3411 quia
792 3349 937 3391 summam
963 3350 1067 3391 sensns
1090 3339 1120 3391 et
1141 3330 1325 3392 litteraturae
1356 3350 1498 3414 compre·

196 3428 313 3499 hendit,
342 3439 374 3490 ut
401 3430 438 3490 ali
467 3451 516 3501 ea,
545 3450 620 3511 quae
649 3432 780 3510 perlecta
809 3440 867 3500 est,
897 3441 1014 3492 ceterae
1042 3433 1187 3511 originem
1217 3431 1336 3493 ducant
1383 3437 1409 3495 Α
1439 3436 1498 3496 dne

196 3532 275 3591 euim
298 3532 543 3608 retrogradiendo
567 3533 648 3592 uenit
670 3533 705 3593 ad
729 3535 860 3602 initium,
892 3535 979 3592 sicuti
1003 3532 1113 3594 formas
1136 3532 1296 3594 uerborum
1320 3553 1337 3594 a
1360 3535 1531 3615 perlectam

196 3632 361 3704 inohoanit‚
385 3640 431 3691 nt:
461 3631 624 3694 lnhilate
649 3634 715 3694 deo
739 3655 766 3698 o.
791 3641 810 3695 t.
833 3654 862 3714 p.
886 3632 914 3693 d.
939 3652 966 3698 n.
990 3653 1015 3692 e.
1040 3634 1068 3693 d.
1091 3653 1119 3712 g.
1144 3635 1162 3695 l.
1187 3654 1212 3695 e.
1257 3634 1419 3698 Distinctio
1443 3645 1497 3707 eut,

197 3735 280 3794 cuius
303 3743 445 3812 punctum
469 3734 503 3793 ad
527 3735 633 3795 faciem
656 3734 786 3803 litterae,
809 3736 828 3795 i.
852 3734 887 3794 ad
911 3736 1108 3796 summitatem
1136 3737 1283 3814 ponimus.
1323 3736 1497 3799 Subdistin·

198 3837 256 3895 ctio
279 3835 395 3904 dicitur,
426 3853 460 3895 eo
483 3835 560 3914 quod
589 3834 693 3896 subtus
714 3835 848 3896 litteram·
864 3845 992 3914 punctus
1014 3838 1079 3897 eius
1102 3839 1229 3913 ponitur,
1260 3845 1293 3897 ut
1314 3841 1497 3900 sententiam

198 3937 358 4015 distinguat
379 3938 398 3995 i.
423 3936 534 3996 diuidat
558 3935 571 4018 Η
589 3934 651 3998 208
669 3934 680 4016 ll
716 3983 1492 4001 ...................

95 4063 144 4111 are,
160 4064 184 4102 ro
198 4038 273 4098 llox
298 4037 547 4106 inferendum,
571 4059 608 4099 ue
631 4039 654 4098 si
679 4038 727 4097 diu
751 4048 968 4115 repausaretur,
992 4038 1140 4099 distinctio
1163 4057 1228 4098 csse
1250 4038 1401 4100 uideatur.
1450 4040 1532 4103 ilde

197 4141 320 4207 iuram,
351 4142 368 4199 i.
398 4138 434 4199 ad
463 4139 569 4218 pedem
599 4139 725 4207 litterae,
756 4148 801 4199 ut:
839 4139 1020 4199 Psalmum
1057 4140 1177 4199 dicite
1214 4141 1360 4200 nomini
1399 4145 1495 4203 eius.

198 4238 293 4302 Media
316 4240 464 4301 distinctio
486 4240 610 4310 dicitur,
635 4242 702 4317 quia
725 4240 866 4302 medietas
890 4259 995 4302 sensus
1018 4239 1060 4301 ihi
1084 4248 1142 4311 est,
1167 4248 1213 4300 ut:
1237 4240 1407 4304 lnhilate
1432 4245 1498 4305 deo
1553 4268 1558 4275 ·

248 4535 283 4593 ⁸4
302 4544 409 4609 uirginis
427 4541 476 4608 ira]
500 4545 577 4609 Verp.
595 4546 661 4596 Aen.
680 4546 713 4594 II
733 4548 785 4596 413
855 4542 1132 4609 dapostruphuscrte
1217 4546 1249 4595 14
1267 4546 1405 4607 ‘seratam’
1425 4565 1501 4600 uocu-

199 4613 279 4662 bulum
295 4613 432 4676 putredine
450 4614 555 4662 deletum
574 4621 620 4666 est.
692 4616 722 4663 15
741 4611 817 4677 silea]
837 4629 872 4662 sc.
890 4615 972 4676 psilen
1053 4615 1086 4664 20
1104 4613 1183 4663 thesis
1202 4613 1270 4678 greci
1343 4614 1415 4666 these
1434 4621 1502 4667 euim

199 4682 232 4731 25
250 4681 385 4728 resumitur
470 4681 503 4731 28
526 4696 665 4740 summam,
688 4697 820 4744 suprascr.
840 4682 858 4729 i·
879 4679 1056 4745 perlectionem
1143 4684 1176 4731 34
1198 4681 1262 4731 Post
1280 4681 1386 4732 diuidet
1403 4688 1504 4752 aliquot

198 4747 323 4801 uocabulo
339 4756 503 4801 enanuerunt.
571 4749 605 4800 35
622 4764 708 4802 esse..
720 4745 818 4818 ..etur]
838 4749 954 4798 uideatur
970 4751 1072 4799 restitui
