3466 5422
226 309 308 356 cmv
768 256 960 345 naamani.

310 483 416 544 Petri
436 485 602 545 Ilioeoni
620 490 712 543 notae
732 500 752 541 a
776 467 962 542 Mommsenio
984 479 1016 542 in
1039 491 1178 543 notarum
1199 485 1347 543 laterculo
1365 500 1399 559 p.
1420 488 1521 542 3³1-

225 594 285 646 ato
307 604 348 647 coe
369 587 472 647 eodem
493 587 598 647 codice
620 587 771 646 Beruensi
796 587 896 646 editae
923 600 1093 660 actamquae
1116 589 1214 661 parui
1233 589 1353 647 omnino
1375 588 1418 646 ad
1438 593 1518 647 uete-

223 706 291 750 rum
312 705 424 749 morem
445 690 683 763 capnosccudum
705 690 847 748 momenti
865 694 950 762 sunt,
974 695 1075 748 tamcn
1097 692 1170 764 quia
1184 691 1317 749 codicem
1333 689 1519 749 Berncnscm

224 808 313 852 tinum
335 808 367 851 sc
388 797 519 852 secatum
541 808 605 851 essa
627 793 681 865 qui
701 793 877 851 nouissimus
898 791 993 851 edidit
1011 790 1170 866 professus
1191 798 1235 850 est
1251 809 1286 868 p.
1311 798 1369 850 332
1390 793 1519 852 atterius

221 896 294 954 libri
320 895 464 954 Vaticani
487 893 697 969 speciminibus
724 895 866 953 nonnisi
890 910 965 952 raro
993 894 1122 971 additis,
1152 910 1265 969 operae
1287 896 1419 971 pretium
1442 893 1518 967 sore

223 997 391 1070 uidebatur,
415 1012 494 1072 quae
516 996 554 1055 oo
577 996 630 1056 dlo
651 991 761 1055 omisso
783 1001 897 1068 essent,
921 996 999 1056 libro
1021 997 1120 1055 denuo
1141 1013 1268 1057 excusso
1290 1004 1436 1057 accurate
1455 1001 1517 1058 eol-

221 1101 301 1159 lecto
322 1099 482 1159 corollarii
500 1095 601 1158 instar
622 1098 693 1158 duic
713 1099 981 1172 prammaticorum
997 1099 1141 1157 uolwmni
1154 1100 1242 1172 quasi
1260 1101 1519 1174 complementario

222 1204 366 1260 inserere.
414 1199 503 1271 Quod
522 1216 582 1259 non
606 1197 762 1272 secum,
791 1201 852 1259 nisi
872 1197 1086 1277 Mommsenus,
1117 1217 1203 1275 antem
1229 1201 1400 1261 litterarum
1427 1210 1517 1263 notas

221 1306 303 1379 ipsas
322 1318 439 1362 summo
459 1302 521 1373 tide
541 1318 580 1361 ne
602 1317 661 1361 uno
682 1301 803 1377 quidam
823 1318 929 1361 onore
943 1304 1096 1362 commisso
1111 1303 1302 1379 descripsisse
1314 1305 1415 1362 statim
1438 1305 1514 1380 uidi,

222 1408 254 1465 in
270 1402 480 1481 praefationis
500 1420 616 1479 quoquc
637 1405 736 1465 uerbis
757 1405 972 1464 constituendis
993 1406 1090 1481 ipsam
1112 1413 1289 1482 corruptam
1310 1407 1423 1466 codicis
1438 1406 1514 1467 Ber-

220 1509 321 1567 ocnsis
348 1509 474 1582 speciem
503 1508 729 1567 accuratissime
755 1507 928 1581 exprimere
955 1503 1084 1567 uoluisse
1108 1508 1183 1567 milti
1208 1509 1289 1568 uisas
1310 1515 1384 1567 essct
1406 1514 1461 1568 aut
1483 1511 1515 1570 in

220 1616 331 1670 textum
361 1626 447 1685 quem
476 1616 587 1669 uocant
613 1610 789 1685 recipiendo
816 1615 869 1667 aut
892 1610 1025 1681 fideliter
1053 1610 1132 1668 inter
1157 1610 1368 1670 adnotationes
1389 1613 1515 1673 criticas

219 1712 489 1774 commemorando.
532 1712 642 1786 Itaque
669 1708 714 1771 sic
741 1717 774 1771 tu
801 1712 923 1782 ltoieto,
954 1727 1000 1770 me
1021 1727 1058 1770 ea
1078 1713 1145 1771 sola
1172 1712 1342 1787 collcpisse,
1374 1730 1453 1788 quac
1473 1716 1513 1775 ao

219 1817 273 1875 illo
296 1821 350 1875 aut
372 1815 482 1875 omisso
503 1821 557 1874 aut
573 1830 688 1891 parum
711 1820 858 1874 accurate
878 1814 1031 1889 descripto
1053 1819 1159 1874 essent.

303 1934 332 1995 p.
355 1912 418 1977 333
441 1916 478 1977 M.
501 1912 522 1975 3
546 1913 733 1995 apocrisarii]
757 1913 950 1994 apoclirisarii
1014 1911 1034 1975 4
1057 1914 1178 1995 imperi]
1202 1917 1319 1996 imperii
1342 1919 1512 1996 (typotdeta

218 2022 371 2079 errauisse
392 2017 528 2094 uidetur)
594 2015 770 2096 candellari]
799 2017 984 2087 candelianii,
1013 2021 1045 2079 in
1073 2034 1172 2094 maro.
1201 2022 1230 2077 ai
1257 2017 1427 2141 cancfiilarii
1490 2018 1512 2084 5

1350 2101 1368 2141 io
1407 2101 1486 2143 iterum

218 2150 328 2236 paene]
352 2172 446 2237 pone,
517 2150 842 2234 12R0n1.]r0manus
930 2150 967 2214 17
991 2153 1028 2214 de
1051 2155 1095 2214 liis
1118 2153 1238 2235 uerum]
1269 2154 1306 2216 de
1334 2155 1381 2230 his
1404 2173 1509 2230 uenum

217 2272 373 2333 suprascr.
396 2274 433 2316 m.
457 2257 502 2317 II.

302 2376 331 2436 p.
347 2352 456 2425 334‚2
478 2354 620 2437 syllabas]
643 2355 763 2416 sillabas
825 2354 847 2419 5
868 2374 922 2435 per
944 2358 1112 2418 huiusmodi
1134 2368 1219 2420 notas
1241 2360 1397 2422 breuitatis
1418 2380 1509 2423 causa

218 2465 250 2519 ui
271 2461 302 2519 in
323 2475 422 2533 mara.
445 2460 543 2535 suppl.
630 2454 726 2539 Sper
750 2456 799 2538 ·>‘·]
822 2477 875 2536 per
899 2460 953 2532 qo,
977 2458 1011 2520 in
1032 2478 1130 2536 mera.
1155 2460 1194 2537 υς·
1263 2460 1295 2522 11
1324 2461 1435 2544 adhuc]
1458 2462 1509 2523 ad·

219 2560 299 2643 hunc
366 2557 405 2620 12
428 2559 542 2620 binium
558 2558 617 2641 cst]
640 2563 779 2621 esttineu
794 2564 853 2622 dcl.
915 2558 953 2621 14
976 2562 1159 2643 Secundum]
1178 2563 1252 2626 Scba
1317 2560 1359 2626 25
1381 2583 1434 2645 per
1457 2565 1507 2647 ea]

218 2681 251 2722 ca
274 2664 356 2724 deest
420 2658 462 2723 26
484 2658 568 2742 quia]
591 2660 665 2742 qum.

302 2765 372 2826 Post
393 2766 638 2842 subscriptionem
661 2766 872 2827 Marcnnouoe
893 2769 923 2828 in
945 2774 1085 2828 notarum
1105 2771 1166 2840 fine
1191 2773 1384 2843 collocatum,
1417 2789 1508 2845 qaam

216 2868 416 2929 Mommsenus
431 2886 467 2943 p.
484 2874 540 2927 331
560 2866 722 2945 descripsit
735 2866 913 2949 (deuotissi.]
937 2866 1113 2948 deuotam),
1137 2875 1217 2947 quod
1236 2876 1372 2947 statutor
1387 2876 1508 2949 popina

210 2973 355 3044 proximu
373 2969 402 3040 s.
427 2969 637 3030 CLMXXI·
658 2973 696 3029 de
716 2987 842 3032 numero
862 2981 957 3050 caput
979 2973 1037 3046 (cf.
1056 2974 1230 3035 Mommseni
1249 2975 1352 3035 adnot.
1372 2993 1405 3051 p.
1423 2982 1504 3053 331),

214 3073 309 3130 simile
336 3079 379 3130 est
399 3073 445 3130 illi
466 3070 630 3144 tractatui,
660 3090 745 3148 quem
763 3078 884 3149 popina
905 3077 1100 3136 antecedente
1122 3084 1180 3135 330
1200 3095 1240 3137 ec
1261 3079 1364 3138 codice
1386 3078 1505 3139 Einsid·

213 3174 290 3231 lensi
315 3174 417 3232 altimo
447 3174 514 3232 loco
541 3175 740 3234 Mommsenus
766 3175 871 3235 edidit.
916 3178 1103 3238 Promisso:
1139 3178 1298 3255 ‘Sequitur
1321 3177 1357 3239 de
1380 3199 1505 3240 nonium

214 3271 395 3333 litterarom'
418 3276 505 3334 titulo
526 3293 546 3334 a
566 3278 669 3334 littera
690 3276 720 3334 E
738 3279 856 3337 initium
876 3277 962 3354 capit
985 3276 1015 3355 (Ε
1037 3278 1115 3354 CCL)
1139 3282 1305 3355 desinitque
1325 3285 1358 3341 in
1381 3283 1406 3341 Z
1427 3286 1505 3343 litte·

214 3392 280 3434 ram
304 3374 334 3452 (Z
357 3375 421 3435 Duo
444 3373 533 3449 milia)
557 3384 629 3436 nota
652 3379 726 3436 ‘mii'
750 3380 857 3453 ubique
877 3382 995 3439 omissa.
1035 3382 1079 3440 Ab
1095 3382 1280 3443 Einsidlensi
1299 3387 1393 3459 ipitur
1413 3387 1503 3444 larcr-

213 3478 282 3537 codo
303 3494 364 3538 non
385 3480 446 3537 nisi
465 3479 541 3538 laec
563 3478 752 3555 discrepant:
781 3479 816 3543 11.
833 3479 891 3549 CC,
923 3479 944 3540 1.
961 3480 989 3548 1,
1014 3480 1047 3541 Ν.
1064 3481 1117 3553 xl,
1147 3483 1181 3554 Ο.
1199 3485 1236 3553 o,
1261 3484 1296 3545 T.
1313 3484 1399 3554 cix,
1424 3485 1453 3545 i.
1471 3485 1502 3555 1..

213 3578 243 3639 Z.
269 3578 332 3639 lluo
355 3577 444 3639 milio.
