3420 5378
554 266 560 275 '
623 276 706 330 001).
727 278 834 329 uuum.
851 280 911 332 uon.
1350 296 1412 342 xx1

202 473 343 547 Sequitur
362 473 391 548 s.
418 474 564 547 17⁶-s.
591 471 658 533 rol:
693 473 719 539 ιῑ
746 467 787 540 δε
813 488 975 562 pensons
1005 491 1198 542 onustorum
1228 493 1272 541 nu
1303 492 1416 543 saeue

116 572 307 641 collectum
339 592 405 636 ors
440 578 624 651 quaedam
658 593 877 651 onortpmo
910 577 1010 638 crossi
1038 579 1086 650 tili
1112 596 1271 653 rerumque
1299 582 1416 639 omnino

115 688 353 761 tritissimnrum,
379 689 424 746 ito
451 694 641 762 conporoto,
670 696 703 747 ut
725 689 957 761 uniuscuiusque
985 691 1132 749 orationis
1154 691 1258 763 portis
1279 693 1416 765 coempto

77 822 87 839 x
109 790 268 864 proposito
296 790 412 863 aliquot
439 791 627 862 quaestiones
654 789 697 847 od
722 791 857 864 simpulos
881 798 988 864 portes
1003 793 1192 865 pertinentes
1210 800 1414 866 pertententur,

113 891 199 951 cuius
219 891 277 951 ltoc
297 897 341 951 est
361 892 527 966 specimen:

200 1010 290 1068 Coelen
313 1029 381 1085 quae
405 1029 469 1087 pars
493 1011 626 1069 orationis
650 1012 710 1067 est?
744 1012 844 1068 Nomen
861 1020 912 1069 est.
948 1012 1021 1069 Vnde
1038 1010 1065 1086 (i.
1083 1005 1151 1086 17¹³)
1173 1014 1227 1071 hoc
1241 1015 1313 1071 scis?
1346 1015 1413 1084 Quin

119 1113 163 1152 res
185 1105 251 1154 nota
273 1105 316 1152 est
338 1105 366 1152 et
388 1114 439 1171 per
460 1114 541 1153 casus
564 1097 724 1154 inilectitur.
756 1097 839 1152 Cuius
855 1097 994 1171 qualitatis
1016 1115 1114 1154 nomen
1137 1099 1197 1154 est?
1225 1098 1414 1173 Appellatiuae

116 1191 168 1238 etc.
205 1179 364 1249 Quomodo?
401 1182 468 1250 Quia
491 1182 569 1238 multi
593 1181 702 1238 codices
725 1189 799 1237 sunt.
836 1181 992 1256 Corporalis
1016 1183 1133 1257 qualitas
1156 1192 1265 1240 estant
1288 1185 1415 1260 incorpo-

116 1266 198 1323 ralis?
235 1266 403 1340 corporalis.
448 1265 608 1334 Quomodo?
651 1265 719 1335 Quia
742 1266 852 1323 uidetur
874 1275 901 1322 et
925 1266 1055 1341 tangitur.
1099 1268 1229 1324 Generaie
1251 1286 1350 1326 nomen
1372 1280 1414 1326 est

114 1360 161 1407 aut
183 1351 321 1425 speciale?
365 1351 496 1425 Speciuie.
539 1350 693 1425 Principale
722 1360 768 1406 aut
797 1368 830 1407 eu
858 1360 916 1407 arte
945 1352 1127 1409 descendens?
1170 1353 1321 1428 Principale
1350 1357 1412 1428 quia

114 1436 222 1492 aliunde
245 1452 300 1491 non
324 1435 406 1492 trahit
430 1436 562 1508 originem
586 1444 617 1491 ut
639 1452 718 1491 mous
741 1436 812 1491 ions.
857 1437 992 1492 ltiriuatur
1014 1446 1060 1493 aut
1082 1436 1259 1494 diminuitur?
1295 1438 1328 1494 Et
1350 1438 1412 1495 diri·

116 1530 197 1576 natur
219 1528 247 1575 et
268 1520 443 1577 diminuitur:
469 1522 509 1576 sic
531 1519 632 1577 dicitur
654 1519 843 1577 codicellarius
866 1529 894 1576 et
915 1520 1072 1578 codicellus.
1116 1521 1220 1596 Recipit
1242 1526 1414 1597 conparatio·

114 1606 194 1661 uem?
217 1604 284 1662 Nou.
328 1604 436 1674 Quare?
463 1604 531 1674 Quia
554 1622 605 1661 nec
627 1605 785 1679 qualitatem
809 1607 889 1662 animi
913 1621 963 1662 nec
986 1609 1166 1680 quantitatem
1188 1609 1314 1681 corporis
1337 1608 1413 1665 illum

115 1688 214 1746 habere
238 1686 385 1765 (supplens
406 1692 475 1763 diui,
498 1692 546 1747 uel
566 1692 657 1747 simile
679 1691 766 1762 quid).
811 1689 893 1745 Cuius
916 1691 1024 1764 generis
1048 1708 1147 1747 nomen
1170 1693 1230 1748 est?
1264 1692 1412 1749 Masculini.

113 1773 163 1842 Qui
186 1774 334 1831 numerus?
372 1775 532 1850 Singularis.
577 1773 737 1842 Quomodo?
766 1772 833 1841 Quia
857 1792 939 1831 unum
963 1777 1081 1832 codicem
1106 1777 1167 1832 dixi.
1212 1777 1287 1846 Quae
1309 1778 1412 1852 figura?

113 1858 242 1933 Simplex.
286 1858 446 1926 Quomodo?
482 1862 520 1917 Co
543 1859 610 1916 nihil
633 1869 690 1928 est,
718 1860 778 1917 den
790 1859 924 1915 similiter.
968 1860 1019 1929 Qui
1040 1861 1138 1917 casus?
1174 1862 1363 1919 Nominatiuus
1385 1873 1413 1918 et

114 1946 266 2001 uocatiuus.
312 1945 420 2002 llecliua
443 1945 524 2020 ipsud
547 1962 654 2001 nomen.
686 1942 858 2000 Nominatiuo
881 1945 925 2001 liic
947 1946 1031 2001 codex
1054 1948 1184 2018 genetiuo
1207 1946 1288 2002 liuius
1311 1947 1412 2004 codicis

113 2039 165 2086 cto.
187 2060 229 2070 -
251 2029 285 2086 ab
308 2030 361 2087 hoc
383 2032 484 2088 codice.
528 2027 633 2096 Quotae
660 2028 852 2086 (inclinationis
881 2045 978 2085 nomen
1008 2031 1067 2085 est?
1104 2031 1218 2086 Tertiae.
1264 2031 1338 2087 Vnde
1361 2031 1413 2089 lmc

113 2114 185 2170 scis?
207 2111 275 2180 Quia
291 2113 360 2188 (qui)
383 2116 522 2187 genitiuus
545 2113 693 2186 singularis
715 2115 739 2170 is
764 2116 934 2170 terminatur.
979 2115 1139 2189 correptum
1163 2124 1209 2171 aut
1231 2116 1412 2188 productum?

114 2199 286 2273 Correptum.
317 2198 460 2256 Ablatiuus
483 2196 629 2270 singularis
652 2216 705 2274 qua
728 2197 818 2254 littera
842 2201 1020 2255 terminatur?
1044 2200 1073 2256 E.
1096 2200 1256 2273 correptum
1280 2209 1326 2257 aut
1349 2218 1412 2274 pro·

113 2283 242 2340 ductum?
265 2283 435 2356 correptum.
480 2281 640 2350 Quomodo?
669 2283 735 2352 Quin
759 2284 896 2356 genitiuus
919 2284 1066 2357 singularis
1089 2287 1112 2340 is
1136 2287 1299 2342 terminatur
1320 2294 1348 2341 et
1370 2294 1410 2342 est

114 2369 210 2426 tertiae
237 2366 427 2425 declinationis
456 2383 571 2439 nornen,
602 2368 663 2424 ideo
687 2367 824 2424 ablatiuus
846 2369 994 2441 singularis
1016 2387 1031 2425 e
1054 2372 1215 2426 terminetur
1244 2378 1410 2444 correptum.

114 2450 218 2519 Quotae
241 2454 345 2511 turmae
368 2468 465 2510 nomen
489 2452 547 2508 est?
590 2452 769 2527 Pentaptotae
792 2452 982 2527 (peutalstote).
1026 2452 1186 2521 Quomodo?
1222 2455 1411 2511 Nominatiuus

113 2547 141 2595 ct
162 2540 307 2597 uocatiuus
331 2538 434 2594 iaciunt
455 2555 536 2595 unam
559 2537 673 2595 turmam
697 2546 725 2593 et
746 2537 790 2595 aiii
815 2538 916 2610 singuli
939 2535 1071 2610 singulas.
1107 2537 1157 2605 Qui
1173 2555 1221 2612 pes
1237 2541 1297 2595 cst?
1324 2539 1411 2613 Spon-

112 2623 188 2680 deus.
226 2621 386 2691 Quomodo?
422 2622 460 2680 Ex
482 2622 588 2680 duabus
611 2623 713 2696 iungis:
744 2640 776 2680 co
800 2624 963 2680 auctoritate
992 2623 1103 2697 longum
1127 2632 1185 2693 est,
1213 2624 1263 2679 dex
1291 2623 1409 2679 tinnlium

113 2708 219 2765 ratione
240 2707 352 2782 longum
376 2716 427 2764 est.
463 2706 556 2774 Qualis
570 2709 716 2765 accentus?
745 2711 854 2763 Acutus.
891 2707 937 2763 Vbi
961 2707 1218 2764 halmtaccentum?
1241 2707 1409 2764 Paenultimo

109 2792 189 2861 loco,
218 2795 258 2848 sic
286 2802 314 2847 et
341 2800 433 2848 cetera
461 2793 570 2847 nomina
599 2809 648 2866 per
676 2792 853 2866 proprietatis
882 2809 1013 2866 generum
1042 2791 1169 2865 quercinis
1198 2802 1225 2847 et
1253 2792 1410 2850 declinabis.

113 2878 152 2933 un
176 2874 377 2933 uuououtnu.
420 2876 480 2950 Ego
503 2893 571 2950 quae
593 2894 658 2950 pars
682 2877 814 2932 orationis
837 2886 879 2932 est
901 2884 953 2932 etc.

197 2992 308 3052 Eodem
326 2992 399 3066 sere
418 2992 508 3053 modo
529 2999 649 3053 ceteroe
669 3008 786 3067 quoque
801 2997 910 3068 portes
927 2999 1177 3068 pertractentur5
1195 3002 1411 3070 proponuntur

112 3095 277 3156 uocabulo:
312 3097 381 3170 lepo
405 3095 490 3169 soris
514 3096 618 3169 tepens
644 3110 738 3171 porro
759 3101 851 3153 extro
872 3104 916 3138 -4
931 3111 966 3169 p.
994 3091 1046 3152 15⁶
1068 3095 1111 3154 sie
1134 3102 1164 3153 et
1185 3101 1300 3155 ceteras
1323 3114 1409 3175 prae·

111 3197 271 3275 positiones
290 3195 479 3273 perquirehis
501 3191 586 3256 cuius
609 3212 694 3256 casus
716 3196 789 3263 siut,
813 3195 839 3254 si
855 3196 1031 3265 accussatiui,
1054 3197 1079 3255 si
1095 3194 1234 3265 ablatiui,
1259 3197 1282 3256 si
1298 3199 1408 3257 nutrius·

112 3314 179 3374 que.
224 3296 329 3357 detero
351 3300 467 3358 desunt.

196 3397 339 3473 Sequitur
361 3397 391 3470 s.
416 3394 469 3456 18⁶
512 3397 701 3460 lNClPlVNT
735 3398 881 3460 PARTES
914 3398 1077 3460 ttntouns
1111 3397 1263 3459 DQNATl.
1306 3398 1409 3460 Partes

112 3500 256 3560 orationis
279 3505 351 3575 quot
372 3500 457 3560 sunt?
501 3497 584 3560 Octo.
630 3497 730 3569 Quaet
766 3500 881 3562 Nomen
904 3518 1069 3579 pronomen
1093 3509 1150 3561 etc.
1173 3532 1217 3544 -
1234 3500 1262 3572 s.
1289 3506 1345 3559 77⁰
1366 3501 1409 3560 Ex
1494 3540 1496 3545 η

111 3599 208 3662 tribus
235 3607 265 3661 et
292 3598 408 3662 duobus
435 3601 552 3661 ionicis.
597 3600 638 3662 na
668 3603 733 3661 eius
762 3602 942 3681 exemplum.
987 3602 1070 3663 Bona
1099 3603 1186 3663 iustis
1213 3620 1266 3662 sua
1289 3620 1409 3681 semper
1514 3632 1517 3636 ·

111 3702 185 3764 (leus
215 3699 226 3783 ΙΙ
248 3703 269 3763 i.
293 3699 356 3762 'lli’
379 3699 390 3784 ΙΙ
421 3702 515 3764 allent.
565 3703 638 3764 ltem
666 3701 744 3764 bona
772 3705 858 3764 iustis
886 3704 959 3765 deus
987 3705 1072 3764 atiert
1104 3712 1343 3766 commentum
1372 3707 1409 3763 in

112 3806 254 3865 Donati
285 3813 402 3865 ortem
436 3793 629 3879 minorem,
664 3807 707 3865 de
734 3808 879 3867 titteris
905 3813 974 3881 etc,
1014 3806 1057 3866 de
1089 3807 1329 3866 torborismo
1350 3812 1405 3864 ctc.

111 3909 260 3968 Iuliani
283 3906 478 3975 Toletani,
507 3913 546 3967 ut
566 3908 730 3983 uidetur,
752 3911 1000 3984 prommottci
1019 3911 1102 3969 siue
1124 3910 1233 3967 itlius
1254 3909 1407 3967 similli-

110 4011 170 4082 mi,
195 4011 233 4069 dc
255 4026 314 4083 quo
336 4009 425 4082 infre
446 4011 570 4069 seorsim
592 4023 685 4082 opere
706 4012 826 4070 institui.

194 4111 282 4171 llaec
302 4109 466 4186 excipits.
492 4106 673 4169 tii-80⁵
705 4111 836 4174 Seruii
865 4110 1144 4184 centimetrum,
1179 4112 1231 4170 cui
1256 4112 1281 4169 is
1306 4111 1409 4169 titulus

108 4222 319 4297 praescriptus
332 4226 391 4280 est:
415 4214 505 4308 tracti
524 4235 642 4306 uranus
664 4218 739 4280 eruli
758 4219 927 4300 grimatiei,
952 4238 1010 4294 quo
1026 4220 1120 4279 deleto
1135 4237 1243 4279 neurius
1258 4220 1408 4278 recentior

110 4331 319 4391 centimetrum
344 4330 442 4390 Seruii
469 4330 608 4390 honorati
635 4328 790 4408 grimutici
813 4332 1034 4407 super-scripsit.
1079 4329 1190 4388 ltlortis
1211 4330 1298 4388 istius
1320 4327 1412 4387 Eroti

110 4449 218 4493 momen
241 4449 352 4493 rtouum
374 4449 449 4492 sone
471 4440 561 4506 utque
583 4434 769 4506 inauditum,
794 4433 875 4505 quod
895 4434 968 4492 etin
985 4432 1057 4490 libri
1077 4434 1217 4504 cototopo
1235 4430 1264 4502 s.
1285 4427 1314 4486 1⁵
1335 4432 1407 4502 tepi-

109 4543 168 4611 tur,
198 4535 268 4595 iude
295 4536 435 4610 effectum
464 4542 522 4612 est,
553 4536 636 4609 quod
656 4536 755 4597 Mami
775 4534 879 4593 Seruii
903 4549 1010 4592 nomen
1032 4534 1139 4592 litteris
1161 4533 1334 4591 pectusculis
1356 4548 1407 4590 ne·

107 4638 264 4711 pleperrter
290 4637 434 4711 scriptum
461 4645 529 4696 erot
555 4636 636 4697 nunc
659 4634 731 4709 sere
758 4635 947 4694 immodum:
990 4629 1318 4712 nnuttSjnuttu,
1347 4650 1407 4708 quo

107 4736 196 4809 sueto
217 4754 278 4799 non
300 4740 407 4798 mirum
430 4746 487 4813 est,
511 4739 589 4798 illud
790 4763 795 4770 ·
994 4732 1144 4796 uentis
1167 4732 1300 4796 nuunt
