3420 5378
637 318 849 372 aennensis.
899 382 905 394 ,
1332 317 1392 380 115

96 505 225 587 obliquis
248 505 367 567 casibus
389 506 559 582 corripitur.
585 506 776 567 'Communia
799 505 925 566 duorum
949 523 1091 584 generum
1114 507 1144 566 in
1167 524 1211 570 or,
1241 514 1273 565 ut
1294 503 1344 566 hic
1366 512 1395 564 et

94 607 168 668 baec
192 618 309 678 auctor,
337 607 386 667 bic
409 616 438 668 et
460 606 533 668 baec
555 606 699 677 discolor,
722 607 770 668 bic
794 617 823 669 et
846 607 927 689 baec¹
941 607 1091 675 concolor,
1114 606 1162 666 bic
1185 613 1213 666 et
1236 605 1310 667 baec
1332 625 1393 666 nie·

94 729 169 779 mor,
194 710 242 772 bic
265 718 294 771 ct
315 708 388 769 haee
411 710 569 770 inmemor.
620 708 700 770 llaec
722 716 821 783 autem
845 710 964 771 nomina
987 727 1022 769 or
1037 709 1117 769 linita
1133 709 1176 768 sic
1191 706 1393 768 declinantur:

94 811 143 873 bic
167 813 255 873 timor
277 811 366 872 buius
387 811 503 872 timoris
525 809 593 870 huie
616 796 717 871 timori
740 809 818 873 bunc
842 813 979 873 timorem
1003 829 1020 870 o
1043 812 1131 871 timor
1153 809 1189 870 ab
1205 810 1260 870 boc
1276 813 1393 878 timore,

55 926 70 968 a
94 921 126 975 et
147 912 251 994 plurali
275 913 305 973 bi
327 914 450 974 timores
472 912 578 973 borum
602 915 740 973 timorum
762 912 809 972 bis
830 912 987 975 timoribus
1009 913 1064 975 bos
1087 914 1209 973 timores
1231 932 1249 974 o
1271 913 1395 972 timores

95 1014 133 1076 ab
155 1013 203 1075 bis
225 1013 391 1075 timoribus.
438 1015 627 1095 Conparatiui
650 1033 754 1076 omnes
776 1015 931 1077 masculini
954 1023 984 1077 et
1004 1016 1154 1082 seminini;
1184 1013 1253 1075 inde
1277 1015 1393 1075 [lona-

95 1123 156 1178 tus
183 1116 267 1177 dicit:
297 1117 569 1195 conparatiuus
594 1116 734 1194 gradus
756 1119 908 1195 generis
931 1124 987 1178 est
1008 1134 1152 1196 semper
1175 1117 1393 1184 communis,

95 1227 127 1280 ut
147 1218 197 1279 hie
219 1226 248 1279 et
271 1217 343 1278 baec
366 1217 480 1278 doctior
503 1217 551 1279 bic
574 1218 698 1280 ethaeo
726 1220 857 1286 lelicior,
886 1221 928 1279 sic
957 1218 1076 1280 mollior
1102 1217 1216 1279 melior.
1263 1218 1299 1278 Et
1321 1217 1394 1277 baec

95 1321 215 1382 nomina
249 1319 411 1380 masculina
444 1321 475 1379 in
509 1338 544 1379 or
579 1319 744 1381 desinentia
779 1319 919 1381 leminina
947 1322 978 1381 in
1007 1322 1035 1381 ix
1064 1321 1191 1388 iaciunt,
1226 1327 1258 1379 ut
1290 1318 1394 1378 doctor

56 1420 226 1491 1⁰doctrix,
254 1423 351 1482 uiator
379 1421 501 1489 matrix,
532 1419 723 1482 inluminator
752 1420 964 1484 inluminatrix.
1008 1423 1081 1483 ltem
1110 1431 1214 1483 neutra
1237 1422 1266 1480 in
1290 1422 1334 1490 ix,
1364 1427 1396 1479 ut

94 1524 200 1586 doctor
222 1523 352 1593 ductrix,
377 1531 407 1582 ut
432 1531 477 1582 est
499 1521 555 1583 boc¹
578 1523 760 1602 exemplum:
790 1523 894 1585 sidus
918 1541 1104 1602 megenum
1128 1522 1289 1584 ductrix.
1335 1521 1393 1582 Sed

95 1627 169 1689 baec
190 1627 265 1687 ratio
287 1627 318 1685 in
342 1623 527 1685 uerbialibus
548 1624 720 1686 nominibus
741 1626 900 1687 inuenitur.

127 1787 130 1791 .
180 1728 212 1789 ln
235 1745 272 1788 ur
293 1726 349 1787 dua
374 1727 493 1787 nomina
515 1728 677 1788 masculina
701 1729 906 1802 terminantur,
929 1727 1025 1789 utlaio
1045 1728 1094 1788 lor
1110 1727 1199 1794 luris;
1223 1725 1302 1787 aliud
1326 1744 1392 1786 cor·

95 1836 228 1909 reptem,
258 1836 291 1888 ut
317 1827 367 1888 bic
396 1827 443 1888 uel
471 1826 544 1888 haee
569 1835 679 1889 turtur:
710 1838 755 1890 est
778 1830 856 1891 enim
880 1830 1092 1907 promiscuum.
1138 1829 1211 1890 ltem
1235 1838 1340 1889 neutra
1361 1829 1393 1888 in

58 1938 132 1992 1⁵rar*
154 1931 357 1997 inueniuntur,
380 1936 413 1989 nt
434 1929 490 1990 hoc
514 1948 664 1991 murmur:
688 1930 740 1991 scd
762 1928 820 1991 hoe
843 1948 950 1991 nomen
975 1937 1004 1990 ot
1019 1930 1214 1993 masculinum
1230 1931 1391 1997 inuenitur,

94 2033 172 2097 sicut
192 2032 222 2092 in
251 2029 400 2092 aclibus
427 2029 682 2111 apostolorum
711 2031 832 2110 legitur:
862 2033 986 2094 lactus
1013 2042 1067 2093 est
1089 2050 1255 2094 murmur
1277 2034 1392 2093 Grae-

95 2151 230 2196 corum.
276 2132 349 2193 ltcm
371 2131 498 2212 sulphur
519 2131 672 2212 sulphuris
694 2142 724 2194 et
745 2133 802 2195 boc
824 2133 917 2196 robor
939 2135 1068 2197 roburis.

179 2235 212 2296 ln
241 2253 273 2296 as
302 2242 373 2312 quot
395 2252 503 2313 genera
527 2236 740 2297 inueniuntur?
783 2235 942 2307 Quattuor,
969 2237 1045 2297 idest
1068 2236 1230 2298 masculina
1253 2235 1393 2297 leminina

95 2344 202 2399 neutra
226 2337 393 2398 communia
418 2332 607 2419 lll.105²ll;
642 2336 803 2399 masculina
833 2339 959 2409 Graeca,
989 2347 1020 2400 ut
1050 2338 1098 2399 bio
1126 2337 1220 2400 Pallas
1243 2335 1392 2406 Pallantis,

55 2439 152 2499 atrae
175 2446 219 2498 est
241 2436 319 2500 lilius
341 2437 487 2505 Euandri,
518 2445 547 2498 et
568 2440 651 2517 gigas
674 2440 814 2518 gigantis,
841 2441 920 2520 quod
943 2449 972 2502 et
994 2442 1112 2519 gigans,
1137 2448 1170 2501 ut
1192 2439 1240 2500 bie
1262 2437 1392 2499 dodrans

95 2538 264 2610 dodrantis,
294 2538 404 2599 dicitur
432 2557 486 2618 per
514 2558 609 2601 usum.
653 2540 725 2600 item
755 2541 913 2602 masculina
937 2542 1055 2613 Latina,
1080 2551 1110 2602 ut
1133 2541 1183 2601 bic
1205 2559 1268 2602 mas
1291 2541 1391 2608 maris,

96 2641 175 2704 unde
198 2641 322 2702 maritus
345 2640 499 2702 diriuatur.
545 2641 617 2702 ltcm
640 2640 696 2710 las,
728 2641 806 2721 quod
830 2648 859 2703 et
882 2641 926 2703 lar
949 2643 1073 2718 dicitur,
1102 2643 1179 2703 idest
1200 2644 1294 2721 ignis,
1325 2639 1393 2702 laris

95 2744 173 2804 lacit.
218 2741 372 2804 Feminina
400 2744 430 2803 in
458 2762 505 2812 as,
535 2751 567 2803 ut
592 2742 666 2803 haee
689 2745 799 2804 ueritas
822 2742 948 2823 dignitas
970 2747 1110 2806 sanctitas
1132 2742 1249 2803 bonitas
1271 2741 1393 2803 libertas

93 2844 220 2907 felicitas
241 2846 367 2906 castitas.
404 2844 563 2905 Sciendum
588 2850 640 2914 ost,
665 2845 743 2921 quod
759 2845 833 2906 baec
849 2847 969 2906 nomina
983 2846 1087 2906 Latina
1109 2852 1154 2905 tas
1176 2842 1288 2925 syllaba
1311 2845 1392 2904 linita

54 2946 203 3009 ”multas
224 2946 344 3025 regulas
365 2948 518 3007 continere
542 2945 690 3007 uidentur.
728 2946 826 3008 Prima
850 2946 950 3025 regola
974 2955 1025 3016 est,
1050 2946 1128 3027 quod
1151 2965 1271 3027 semper
1287 2948 1393 3007 tertiae

95 3048 302 3115 declinationis
331 3057 415 3117 sunt:
443 3047 572 3109 secunda
601 3047 720 3126 regula,
750 3048 829 3128 qnod
857 3065 976 3127 semper
1002 3047 1145 3109 feminina
1167 3057 1245 3109 sunt.
1292 3048 1392 3109 'l'ertia

94 3148 197 3229 regula
221 3158 274 3219 est,
298 3149 376 3229 quod
399 3147 630 3227 incorporalium
653 3167 755 3210 rerum
778 3147 922 3210 uocabula
939 3157 1015 3210 sunt.
1053 3148 1163 3220 Quarta
1178 3149 1290 3228 regula,
1314 3149 1391 3228 quod

94 3251 241 3329 quaedam
269 3270 303 3311 cx
332 3251 378 3311 bis
407 3248 565 3328 aliquando
593 3253 742 3330 primitiua
771 3258 853 3321 sunt,
889 3259 920 3311 ut
947 3251 1022 3311 haec
1050 3251 1199 3323 uoluntas,
1233 3250 1392 3329 aliquando

95 3352 270 3422 diriuatiua,
298 3361 331 3415 ut
354 3353 459 3431 dignus
481 3352 563 3430 digni
585 3352 727 3431 dignitas;
756 3352 808 3414 scd
832 3371 865 3414 ea
889 3354 1022 3422 nomina,
1046 3371 1121 3432 quae
1144 3351 1302 3414 diriuatiua
1325 3360 1393 3412 sunt

55 3456 126 3517 ”ln
149 3463 193 3518 tas
216 3453 394 3524 desinentia,
423 3461 561 3535 quattuor
584 3455 681 3516 modis
703 3454 886 3523 diriuanlur,
910 3455 965 3516 boc
989 3464 1046 3524 est,
1077 3454 1234 3535 aliquando
1257 3473 1272 3515 a
1296 3457 1391 3515 nomi·

95 3558 197 3619 natluo
220 3556 368 3618 secundae
388 3555 590 3617 declinationis
613 3556 710 3618 addita
728 3565 773 3619 tas
788 3557 908 3637 syllaba,
933 3565 965 3618 ut
980 3555 1056 3618 liber
1072 3556 1210 3626 libertas;
1233 3554 1391 3634 aliquando

94 3678 110 3721 a
132 3660 272 3737 genetiuo
294 3659 442 3719 secundae
465 3657 672 3718 declinationis
695 3661 832 3730 ueniunt,
856 3668 889 3721 ut
911 3668 1031 3722 sanctus
1053 3661 1147 3721 sancti
1168 3659 1317 3730 sanctitas,
1341 3656 1391 3718 ad·

94 3760 154 3822 dita
178 3769 222 3822 tas
244 3758 355 3840 syllaba
379 3759 414 3821 ad
437 3761 625 3838 genetiuum;
649 3761 692 3820 sic
715 3778 806 3821 uerus
826 3763 892 3822 ueri
915 3765 1036 3833 ueritas,
1060 3761 1156 3823 bonus
1179 3760 1249 3821 boni
1263 3760 1390 3829 bonitas,

94 3880 190 3925 nouus
218 3864 289 3923 noni
317 3863 446 3929 renuitas,
477 3860 586 3938 ubique
615 3861 793 3940 paenultima
817 3865 826 3922 i
850 3873 997 3942 correpta.
1042 3864 1079 3923 Et
1107 3861 1284 3933 notandum,
1313 3860 1391 3942 quod

54 3973 82 4014 ³⁶
95 3982 169 4045 quae
185 3965 214 4024 in
231 3964 370 4042 genetiuo
393 3963 579 4042 duplicanti,
604 3972 765 4024 extremam
789 3984 889 4026 carum
905 3973 1020 4045 mutant
1034 3966 1064 4025 in
1081 3984 1097 4023 e
1113 3963 1279 4043 euphoniae
1294 3982 1391 4034 causa,

94 4073 128 4126 ut
148 4066 216 4145 pins
238 4067 278 4145 pii
302 4065 410 4142 pietas,
440 4065 556 4125 medius
584 4064 672 4125 medii
700 4066 857 4146 medietas,
889 4067 996 4128 anxius
1018 4067 1097 4126 anxii
1120 4068 1265 4136 anxietas,
1294 4067 1392 4126 socius

94 4168 167 4229 socii
198 4167 333 4229 societas.
377 4166 543 4245 Aliquando
566 4184 581 4226 a
605 4167 787 4229 nominatiuo
815 4166 960 4246 singulari
987 4169 1091 4229 tertiae
1114 4166 1319 4228 declinationis
1340 4186 1391 4228 ue·

162 4354 333 4402 icommuna
368 4351 454 4401 inhor
517 4329 647 4403 3fflemor
699 4352 782 4419 linita]
802 4353 907 4414 lumea,
927 4370 1018 4404 reroa.
1070 4350 1392 4419 6Donatus1p.374,17

95 4418 261 4471 aleln'orsi
280 4419 380 4469 mollior
460 4421 593 4470 9dootior
662 4425 694 4471 10
712 4422 877 4470 inluminatur
929 4424 959 4472 11
979 4423 1068 4471 doctor
1085 4422 1186 4471 doctrix
1239 4421 1287 4470 hoc
1305 4435 1391 4470 exeun·

94 4485 176 4553 plum]
197 4489 230 4538 ln
248 4489 337 4554 dymno
356 4489 471 4553 quodam,
490 4505 538 4555 quo
557 4491 589 4539 dc
606 4505 733 4553 scaporum
750 4493 824 4540 stella
837 4492 944 4540 ducente
956 4492 1068 4540 aduentu
1079 4490 1212 4554 agebatur.
1267 4490 1300 4539 22
1313 4486 1390 4555 ratio]

95 4557 216 4607 Fortasse
234 4567 333 4607 tantum
350 4564 410 4620 post
428 4558 491 4606 ratio
510 4558 617 4610 excidit.
670 4560 702 4607 14
720 4559 744 4606 iu
764 4573 794 4606 ur
840 4559 872 4608 16
890 4559 915 4606 iu
934 4558 1033 4607 actibus
1050 4554 1238 4623 apostolorum]
1252 4557 1391 4622 cop,V11

95 4659 125 4708 lt
144 4658 252 4724 sulphur
269 4633 400 4724 sulpbdrls
470 4660 548 4709 rubur
566 4658 666 4707 ruburis
736 4661 769 4709 20
787 4659 870 4709 ethic
938 4663 971 4710 24
988 4674 1033 4710 acc
1101 4659 1192 4709 Latino
1209 4656 1261 4723 tus]
1280 4658 1391 4708 latinitas

93 4728 127 4777 26
144 4725 268 4794 secunda]
288 4728 355 4778 sicut
423 4729 455 4777 27
474 4726 687 4793 incorporalium
756 4730 787 4777 31
807 4736 847 4777 tas
865 4728 977 4793 syllabas
1046 4731 1079 4779 35
1097 4728 1237 4794 duplicanti
1294 4742 1391 4790 coriam,

92 4810 266 4845 corneorum
319 4804 418 4846 ruotnnt
486 4797 518 4844 36
537 4797 619 4844 εοιίιιε
637 4795 694 4844 εοιίἱ
713 4797 820 4845 sotietas

1146 4882 1186 4932 8*
