3420 5378
632 322 844 377 nnannnsrs.
1346 322 1388 385 65
1437 321 1447 389 y·

170 511 364 592 Propriorum
394 511 548 573 nominum
576 519 649 588 quot
675 518 743 572 sunt
776 511 910 590 species?
956 510 1130 582 Quattuor·
1155 510 1253 582 Quael
1296 510 1386 572 Prae·

66 630 195 675 nomen
219 631 329 675 nomen
352 630 518 692 cognomen
542 630 703 691 agnomen,
728 619 761 673 ut
783 611 907 674 Publius
923 611 1080 674 Cornelius
1102 611 1201 693 Scipio
1223 612 1388 674 Africanus.

85 713 171 796 Apud
193 715 324 778 Graecos
346 721 445 778 autern
468 715 659 794 propriorum
682 715 835 776 nominum
852 714 928 776 duae
943 721 1013 776 sunt
1026 715 1159 794 species,
1182 713 1258 775 idest
1278 731 1387 793 cogno·

86 834 156 879 men
184 824 214 878 et
242 834 406 896 agnomen,
435 816 493 877 hoc
515 822 560 876 est
587 833 714 895 persona
738 823 766 876 et
788 825 880 878 actus.
925 815 1113 879 Praenomeu
1143 834 1234 895 quare
1262 816 1389 877 dicitur't

60 917 131 981 allo
152 918 233 1000 quod
254 919 372 980 nomini
392 917 601 998 praeponitur,
626 924 657 978 ut
672 916 795 979 Publius
811 916 976 980 Cornelius.
1013 918 1147 980 Primum
1168 920 1246 980 enim
1269 916 1388 995 quando

86 1022 152 1102 quis
173 1021 315 1090 nascitur,
338 1037 522 1099 praenomen
543 1018 631 1081 datur
647 1020 689 1089 ei,
714 1019 765 1080 sed
789 1037 950 1100 numquam
973 1038 1062 1081 seruo
1085 1027 1135 1081 aut
1157 1016 1281 1099 ignobili
1303 1037 1388 1099 prae·

85 1123 250 1184 nominatio
278 1121 374 1192 datur,
403 1122 471 1201 quia
499 1121 535 1182 de
559 1139 592 1182 re
615 1120 711 1200 aliqua
740 1120 892 1199 dignitatis
920 1122 1085 1201 inponitur,
1114 1121 1171 1182 hoc
1199 1127 1244 1182 cst
1265 1122 1329 1183 siue
1352 1120 1389 1181 de

86 1222 242 1287 nobilitate
264 1222 313 1285 uel
335 1223 373 1284 de
396 1221 529 1284 claritate
551 1241 733 1303 praenomen
756 1224 921 1302 inponitur.
957 1221 1045 1284 Verbi
1068 1226 1163 1302 gratia
1185 1223 1293 1284 Lucius
1315 1222 1389 1283 dioi-

86 1333 136 1388 tur
159 1344 194 1387 eo
218 1325 295 1406 quod
324 1326 445 1391 scientia
475 1324 586 1395 luceat,
616 1331 646 1384 et
672 1325 716 1385 sic
738 1323 863 1387 Publius
885 1323 1003 1395 dicitnr,
1033 1342 1068 1384 eo
1096 1324 1175 1405 quod
1205 1322 1388 1405 reipublicae

48 1426 194 1507 rodignus
216 1428 265 1488 sit.
309 1426 495 1488 Praenomen
519 1443 591 1505 ergo
613 1427 733 1506 optione
756 1434 913 1507 parentum
935 1427 1097 1506 inponitur,
1121 1428 1171 1507 qui
1195 1433 1297 1506 optant
1319 1424 1388 1486 filiis

84 1529 157 1599 suis,
180 1535 214 1589 ut
234 1529 383 1609 sapientes
406 1535 436 1588 et
457 1528 529 1589 clari
551 1535 581 1589 et
602 1526 784 1608 reipublicae
807 1527 888 1606 digni
910 1528 1113 1590 inueniantur.
1144 1526 1197 1590 Vel
1212 1527 1280 1590 ideo
1302 1546 1388 1608 prae·

87 1647 196 1691 nomen
219 1629 335 1700 dieitur,
361 1648 396 1690 eo
419 1628 497 1709 quod
522 1629 646 1708 singulis
667 1629 774 1690 litteris
795 1636 1005 1708 praenotatur:
1043 1629 1204 1710 aliquando
1227 1631 1305 1690 euim
1328 1647 1387 1690 una

86 1730 200 1803 littera,
224 1729 381 1812 aliquando
405 1730 490 1801 bina.
520 1730 679 1810 aliquando
702 1739 802 1800 terna,
832 1729 991 1808 aliquando
1017 1738 1160 1812 quaterna
1183 1731 1279 1794 littera
1302 1750 1388 1812 prae·

86 1840 216 1896 notatur.
260 1833 336 1894 Hinc
366 1831 530 1893 Donatus
562 1832 649 1894 dicit:
684 1833 814 1895 Omnia
846 1834 1091 1912 praenomina
1128 1841 1190 1894 aut
1226 1831 1390 1911 singuiis

48 1933 235 1997 alitteris
261 1940 551 2015 praenotantur,
581 1942 618 1995 ut
640 1933 665 1995 G
688 1932 805 1995 Gaius'
826 1934 977 2005 Caesar,
1006 1935 1030 1996 L
1052 1935 1189 1997 Lucius
1212 1932 1386 2004 Catilina,

85 2034 286 2098 PPublius
314 2034 531 2106 Cornelium
561 2044 623 2098 aut
650 2034 753 2097 binis
780 2033 929 2096 litteris
956 2043 1245 2115 praenotantur,
1275 2044 1314 2098 ut
1336 2038 1386 2098 Gn

86 2138 237 2200 Gnaeus
258 2136 472 2218 Pompeius,
495 2145 558 2199 aut
579 2138 698 2199 ternis
721 2136 866 2197 litteris
888 2146 1175 2217 praenotantur,
1204 2145 1243 2199 ut
1264 2138 1386 2218 Semp.

85 2239 156 2301 boc
176 2246 231 2301 est
250 2239 495 2320 Sempronius
516 2238 685 2300 Roscius.
724 2238 782 2300 Sed
799 2239 875 2300 banc
897 2241 1071 2301 uarietatem
1087 2241 1205 2301 numeri
1221 2238 1386 2302 litterarum

83 2340 207 2404 claritas
233 2342 320 2402 unius
349 2343 493 2421 cuiusque
520 2347 661 2418 praestat.
707 2340 762 2412 Qui
785 2342 864 2401 enim
887 2341 1009 2402 minime
1032 2342 1123 2403 luerit
1145 2339 1257 2413 clarus,
1286 2341 1387 2403 multis

45 2460 74 2500 ao
86 2442 292 2526 praenotando
304 2441 416 2522 indiget
435 2441 556 2513 litteris,
581 2444 630 2521 qui
647 2459 718 2504 uero
731 2442 846 2503 cunctis
859 2449 947 2503 notus
965 2450 996 2504 et
1014 2441 1111 2504 claraus
1130 2442 1266 2514 babetur,
1285 2445 1387 2524 paucis

84 2544 195 2607 litteris
216 2551 421 2625 praenotatur.
466 2543 580 2606 Nomen
604 2544 673 2625 quid
698 2545 761 2605 est?
796 2544 880 2616 Quod
904 2544 1015 2606 indicat
1032 2563 1140 2625 genus,
1165 2554 1198 2607 ut
1220 2545 1385 2608 Cornelius.

85 2646 217 2711 Cornelii
241 2648 321 2709 enim
344 2663 449 2706 ornnes
469 2646 502 2706 in
524 2663 559 2707 eo
581 2663 693 2725 genere
715 2645 911 2727 appellantur,
934 2654 968 2708 ut
989 2645 1097 2708 dicitur
1113 2644 1250 2709 Cornelia
1266 2645 1384 2709 lamilia.

86 2747 242 2812 Cornelius
275 2742 355 2809 enim
388 2747 501 2827 primus
533 2747 581 2808 uir
607 2749 678 2819 luit,
712 2755 742 2809 et
769 2766 847 2810 unus
875 2751 1001 2830 quisque
1030 2749 1067 2811 de
1094 2767 1204 2826 genere
1229 2751 1308 2820 eius,
1336 2751 1386 2829 qui

85 2850 241 2913 habuisset
268 2848 494 2911 similitudinem
522 2847 603 2911 illius
630 2851 661 2911 in
692 2848 767 2911 tacie
795 2857 845 2910 aut
872 2851 903 2910 in
927 2848 1071 2910 membris
1093 2847 1157 2911 aliis
1180 2851 1243 2912 siue
1265 2853 1295 2912 in
1319 2869 1384 2911 cor·

47 2967 175 3033 sopore,
205 2950 361 3014 Cornelius
388 2949 551 3013 dicebatur.
596 2951 767 3028 Cognomen
795 2970 888 3033 quare
916 2951 1043 3014 dicitur?
1087 2952 1152 3024 Quo
1181 2954 1248 3031 quis
1276 2970 1385 3031 cogno·

85 3055 179 3116 scitur
201 3060 231 3115 et
252 3051 428 3135 appellatur.
473 3052 526 3114 Est
554 3054 632 3113 enim
661 3052 815 3132 proprium
840 3071 949 3114 nomen
971 3054 1058 3115 unius
1081 3055 1224 3134 cuiusque
1246 3054 1385 3124 bominis,

85 3163 119 3217 ut
147 3151 258 3236 Scipio.
309 3156 465 3232 Aguomen
499 3169 591 3231 quare
624 3152 749 3214 dicitur?
798 3153 861 3215 lloo
894 3162 938 3216 est
967 3154 1004 3217 ab
1033 3162 1100 3217 actu
1129 3158 1212 3234 quasi
1242 3156 1387 3218 accedens

86 3274 207 3321 nomen.
251 3255 363 3327 Quibus
391 3255 487 3317 modis
515 3255 624 3317 dicitur
650 3252 662 3337 ΙΙ
678 3255 699 3316 i.
715 3250 805 3337 80111
829 3258 993 3333 agnomen?
1037 3256 1147 3318 'l'ribus
1170 3256 1279 3328 modis,
1308 3257 1387 3318 idest

85 3357 124 3421 ab
144 3359 244 3421 animo
266 3376 282 3418 a
305 3375 433 3437 corpore
455 3358 650 3420 erbinsecus.
685 3354 729 3418 Ab
751 3359 863 3429 animo,
888 3366 920 3419 ut
942 3360 1161 3439 ‘magnanimus
1181 3359 1385 3423 Anclrisiadcs’

45 3460 185 3524 addictus
199 3469 246 3522 est
259 3461 388 3531 Aeneas,
412 3457 489 3521 lilius
503 3459 666 3528 Anchisae,
690 3460 757 3537 quia
780 3459 888 3520 lortem
911 3468 940 3521 et
960 3459 1092 3539 regalem
1115 3462 1247 3522 animum
1271 3459 1384 3523 babuit.

84 3564 107 3626 A
134 3579 276 3642 corpore,
304 3567 337 3622 ut
364 3560 466 3645 lulius·
484 3560 612 3622 l‘ulclrer
640 3567 669 3620 et
696 3560 819 3623 Ouidius
847 3561 940 3633 Naso,
970 3581 1006 3623 eo
1034 3563 1111 3643 quod
1139 3582 1229 3625 nares
1256 3562 1385 3641 grandes

83 3662 196 3726 babuit.
243 3662 437 3724 Extrinsecus
465 3680 614 3741 agnomen
643 3660 764 3749 dicitur,
794 3669 827 3724 ut
854 3663 991 3724 Tenedos
1019 3663 1108 3726 lliues
1135 3665 1233 3726 dictus
1260 3672 1320 3735 est,
1349 3682 1385 3724 eo

84 3764 166 3843 quod
198 3763 318 3827 diuitias
346 3762 454 3824 multas
481 3763 597 3825 babuit:
632 3764 817 3824 extrinsecus
846 3765 924 3826 enim
954 3765 1075 3827 diuitiae
1104 3774 1181 3828 sunt.
1231 3769 1383 3844 Agnomeu

84 3884 157 3946 ergo
179 3864 216 3929 ab
239 3872 308 3929 actu
331 3864 453 3937 dicitnr,
484 3873 516 3927 nt
536 3866 695 3928 Africanus
717 3863 814 3926 dictus
837 3873 881 3927 est
903 3867 1002 3948 Scipio
1026 3867 1129 3930 consul
1151 3868 1318 3937 llomauus,
1349 3883 1384 3926 eo

44 3968 165 4047 ”quod
187 3967 315 4030 Africam
342 3969 424 4028 uicit.
468 3967 531 4028 llae
558 3985 630 4047 ergo
659 3973 796 4047 quattuor
823 3968 939 4044 species
968 3984 1028 4028 uon
1051 3967 1188 4030 omnibus
1210 3966 1384 4029 bominibus

84 4069 173 4132 simul
201 4070 348 4132 accidunt.
392 4067 557 4148 Aliquando
583 4072 663 4131 enim
687 4087 743 4130 nna
767 4069 883 4148 species
905 4070 1028 4141 accidit,
1059 4070 1116 4132 lroc
1138 4078 1185 4134 est
1207 4087 1382 4150 cognomen,

90 4330 94 4337 ,
152 4272 350 4340 lPropriorum
369 4272 501 4321 nominum
520 4267 581 4337 etc]
606 4268 785 4321 Praemittitur
806 4273 891 4322 titulus
912 4273 1006 4324 litteris
1031 4274 1173 4324 ambacum
1197 4276 1324 4340 scriptus:
1351 4274 1383 4324 de

83 4342 219 4409 speciebus
238 4352 358 4404 quattuor
376 4340 537 4407 propriorum
556 4340 699 4393 nominum.
733 4338 803 4401 quod
837 4352 980 4404 pronomen
1032 4341 1187 4391 deoruiliua
1256 4344 1382 4407 3greeus

149 4410 200 4460 due
267 4405 345 4460 daci
397 4422 536 4475 prenomen
622 4407 778 4458 beomilius
858 4408 1021 4475 Srepubliee
1094 4411 1124 4459 11
1143 4409 1281 4476 reipublice
1351 4411 1382 4459 14

83 4474 210 4544 Donatus]
228 4494 257 4544 p.
268 4479 332 4538 373,
343 4479 376 4527 10
429 4478 460 4527 lb
478 4480 655 4541 praenotantur
706 4490 779 4525 cesar
830 4476 960 4526 cantilena
1029 4478 1059 4526 16
1078 4478 1208 4540 cornilius,
1227 4480 1264 4528 ar'c
1280 4493 1382 4543 semper

150 4562 168 4596 u
185 4561 230 4612 gn.
248 4560 345 4612 genens
433 4547 463 4594 11
481 4553 527 4593 aut
548 4544 627 4594 ternis
651 4543 741 4592 litteris
759 4540 955 4611 praenotantur]
975 4545 1039 4594 Post
1056 4545 1119 4595 bace
1136 4549 1228 4596 lacuna
1245 4548 1382 4596 atutucnda

82 4620 136 4665 eet:
152 4630 210 4665 nam
227 4616 297 4680 qued
311 4615 428 4679 sequitur
445 4613 611 4677 paradigma,
630 4612 666 4660 od
682 4617 831 4677 quaternam
850 4614 960 4662 litteram
976 4614 1098 4677 pertinet.
1151 4616 1181 4664 19
1200 4624 1297 4679 prestat
1348 4614 1382 4663 24

81 4683 196 4733 abnieset
249 4681 308 4732 lntie
376 4683 409 4731 29
428 4680 600 4746 magnanimis
618 4677 785 4729 anciriseades
855 4682 888 4731 30
905 4681 992 4730 nenias
1055 4680 1160 4730 anchise
1229 4685 1260 4732 31
1279 4682 1382 4732 antidius

1062 4756 1105 4786 unt

82 4816 160 4851 nmse
227 4802 261 4852 :to
277 4800 310 4850 lre
379 4815 430 4848 non
450 4795 581 4865 omnibns]
602 4798 747 4848 nominibus
817 4799 851 4850 36
868 4800 992 4850 accedunt
1060 4800 1159 4865 species

106 4901 203 4942 (lun.
215 4909 268 4941 aar.
281 4900 364 4941 Suara.
1163 4886 1180 4935 ὃ
