3420 5378
647 244 686 294 IN
703 241 913 295 EV'I'YCHEM.
1303 256 1427 305 LXXVII

134 435 193 505 ita,
217 439 251 493 ut
272 433 388 493 Keilius
409 433 474 508 ipse
494 433 601 493 talium
622 449 724 493 rerum
746 435 946 507 inuestipator
967 433 1156 491 meritissimus
1177 438 1267 507 atque
1281 434 1430 507 peritissi-

134 552 199 595 mus
225 536 303 594 nibil
331 536 452 595 omuino
474 536 512 593 dc
533 551 570 592 ca
592 552 627 592 re
647 551 711 595 scsc
733 550 871 609 umquam
898 534 1070 609 conperisse
1096 534 1172 593 milri
1196 536 1235 594 sil
1262 533 1429 608 consessus,

135 643 178 697 est
199 639 289 698 etiam
310 644 396 697 certa
418 653 527 708 causa,
552 654 614 712 qrra
635 639 828 712 suspitionem
842 638 1023 708 confirmare
1037 643 1127 711 atque
1141 638 1290 696 sustinere
1306 638 1428 711 possim.

139 738 224 810 (incre
245 742 323 799 euim
346 739 507 799 Ioeclicrus
528 740 667 816 obticuit,
689 757 729 798 coc
753 738 869 798 Ondino
884 738 997 815 Baylio
1010 738 1154 798 Fabricio
1175 755 1207 797 se
1223 740 1347 813 petiisse
1368 740 1433 813 ipse

135 847 260 901 testulus
285 849 347 902 cst:
376 857 443 900 cum
472 852 660 915 irero'ueque
683 840 819 901 Oudiuus
839 856 936 914 neque
958 839 1087 916 Baulius
1107 842 1171 900 cius
1193 842 1331 900 editionis
1351 856 1431 898 mcu-

134 945 245 1003 lionem
263 941 405 1017 saciant,
428 943 567 1003 Fabricii
580 945 791 1003 auctoritatem
813 959 878 1002 airu
893 949 1025 1002 secutum
1040 958 1103 1002 esse
1117 940 1262 1014 efficitur.
1296 942 1435 1001 Fabricii

136 1050 235 1104 autern
257 1046 342 1105 locus
364 1061 384 1103 a
406 1042 600 1118 Sclibttpenio
622 1051 728 1105 auctus
749 1046 793 1103 ita
814 1062 845 1102 se
866 1044 957 1103 lrabel
978 1040 1045 1124 (VJ
1061 1061 1094 1120 p.
1122 1050 1176 1101 158¹
1198 1045 1245 1104 ed.
1269 1039 1375 1123 Jtal.):

220 1144 415 1206 ‘Sedulius
438 1146 573 1207 Iunior
594 1150 750 1208 natione
772 1146 904 1206 Scotns
919 1189 1023 1206 .....
1042 1146 1131 1205 Eius
1152 1146 1350 1206 babemus.
1369 1191 1377 1204 .
1395 1190 1430 1213 ..

220 1244 255 1329 3)
280 1248 550 1309 Coruncatarii
569 1251 606 1309 in
629 1257 746 1309 ortem
770 1248 954 1325 Eutpcltii
980 1254 1076 1308 teste
1103 1249 1254 1308 Vsserio
1276 1250 1312 1307 iu
1335 1248 1431 1311 Bibl.

139 1349 321 1410 Fleuoneu
340 1348 512 1421 suerunt.
557 1350 619 1411 Sic
647 1366 791 1427 quoque
819 1349 973 1411 Sedulio
1000 1352 1264 1410 commentarii
1289 1352 1325 1409 in
1347 1351 1432 1424 pri-

136 1469 226 1511 mam
249 1453 337 1524 (alii
356 1454 574 1528 secundom)
597 1461 715 1513 artem
730 1452 871 1512 Donati
890 1459 924 1511 ct
945 1454 981 1511 in
1003 1454 1125 1513 maius
1146 1454 1315 1513 uolumen
1330 1451 1432 1511 Pris-

136 1555 246 1614 ciani
266 1552 539 1635 tribuuntur.*)

220 1651 255 1734 4)
287 1653 385 1730 Opus
413 1656 456 1715 dc
482 1659 668 1731 repiarine
689 1659 911 1733 principum
937 1658 1070 1717 babuit
1100 1657 1307 1717 Goldastus
1338 1663 1433 1717 teste

137 1757 301 1817 Lobbeo:
330 1756 512 1819 Sedulius
538 1759 582 1818 de
609 1761 827 1819 rectoribus
850 1759 1087 1819 Christianis
1108 1766 1142 1818 et
1168 1761 1432 1819 coricienieuti-

137 1860 203 1919 bns
224 1861 382 1934 reculis,
399 1861 531 1934 auibus
552 1869 607 1920 est
628 1862 847 1936 respublica
869 1864 942 1921 riti
963 1861 1214 1935 prrbernaada
1229 1859 1327 1935 Lips.
1345 1865 1434 1919 toto

138 1974 157 2019 s
179 1963 305 2021 editus
324 1970 556 2022 memoratur
578 1980 598 2022 a
619 1963 804 2023 Fabricio
826 1964 986 2024 nostro'.

223 2064 291 2123 Iam
314 2065 412 2137 uides,
443 2064 586 2124 Fabricio
608 2072 734 2125 auctore
755 2082 815 2124 aon
838 2063 955 2137 onmia,
988 2081 1066 2139 quoe
1086 2081 1182 2141 supra
1203 2070 1434 2124 commemorota

137 2171 221 2241 snut,
244 2165 363 2224 Scdulii
382 2167 500 2240 scripta
522 2164 635 2242 Lipsiis
658 2172 732 2226 toti
753 2168 818 2226 dici
840 2165 1008 2242 prodiisse,
1038 2167 1092 2226 scd
1112 2169 1207 2228 solum
1230 2168 1268 2225 de
1288 2163 1435 2240 redimine

133 2265 313 2344 principum
335 2285 419 2343 opns.
463 2266 666 2327 Remoueatur
694 2271 789 2343 ipitur
816 2271 875 2328 ista
902 2270 1047 2329 editorum
1070 2272 1130 2328 inm
1154 2276 1225 2328 ante
1246 2285 1341 2328 anuos
1363 2268 1435 2329 CCL

137 2372 408 2443 prommoticorum
430 2367 549 2429 Sedulii
570 2387 693 2445 operum
716 2374 818 2446 opinio
836 2370 1014 2443 falsissima.
1061 2371 1138 2442 Quin
1165 2374 1254 2431 etiam
1282 2371 1333 2430 ‘de
1353 2367 1433 2445 repi-

139 2474 219 2531 minc
235 2469 424 2547 priruipum'
445 2472 562 2531 libellus
583 2489 654 2532 num
669 2490 781 2534 reuera
796 2475 864 2534 olim
879 2474 978 2534 editus
991 2475 1043 2547 sit,
1068 2474 1201 2548 Arzpelus
1217 2470 1320 2533 Maius
1333 2471 1433 2549 spicil.

139 2573 227 2633 Bam.
251 2581 319 2634 tom.
350 2573 433 2633 VIII
447 2573 553 2649 praes.
583 2574 724 2635 V-b'II
741 2576 833 2636 ualde
854 2572 1022 2647 dirbitouit‚
1054 2592 1132 2650 quae
1159 2573 1279 2650 quidem
1306 2572 1435 2650 suspitia

138 2673 173 2735 in
194 2673 346 2750 Hercopii
366 2672 469 2736 lonico
491 2677 579 2735 tbcol.
603 2694 628 2737 s.
652 2695 679 2737 n.
703 2694 723 2735 a
745 2677 942 2737 Nerrdeclccro
962 2674 1086 2737 minime
1107 2675 1272 2749 refellitur.

227 2777 314 2848 Quod
339 2784 437 2837 nutem
465 2778 508 2837 od
534 2781 765 2838 commentarios
792 2776 826 2838 ia
854 2787 950 2838 ortem
979 2782 1028 2839 ucl
1046 2780 1180 2854 primam
1203 2780 1253 2838 uel
1272 2779 1434 2838 secuudum

141 2879 257 2939 bonati
282 2882 405 2951 attinet,
437 2880 475 2938 ab
505 2878 621 2939 Oudino
648 2877 767 2954 aliquot
792 2879 912 2942 codices
939 2884 970 2941 iu
997 2882 1110 2955 duplic
1136 2878 1253 2940 seruati
1279 2880 1318 2940 II
1337 2898 1371 2956 p.
1397 2887 1435 2939 26

141 2989 428 3042 commemorantur:
465 2981 552 3040 ‘Item
579 2979 732 3056 expositio
760 2981 878 3042 Sedulii
904 2979 1040 3059 episcopi
1066 2980 1253 3057 imprimam
1275 2980 1435 3041 editionem

142 3081 256 3144 bonati
283 3081 365 3143 inter
387 3084 460 3143 Mss.
484 3082 604 3143 codices
631 3081 830 3144 ecclesiarum
852 3082 984 3159 duplice
1005 3081 1230 3146 colliadralium
1252 3094 1280 3144 el
1303 3087 1435 3144 aliarum

141 3186 302 3246 celebrium
330 3182 577 3269 bibliothecarum
604 3183 710 3246 codice
739 3192 831 3257 21112,
862 3183 895 3246 in
925 3187 997 3248 Mss.
1026 3184 1183 3247 codicibus
1215 3185 1436 3259 Norsolcionoe

143 3288 229 3363 apud
249 3284 419 3347 Loudinnm
440 3285 638 3361 bibliothecae
658 3289 762 3348 codice
785 3292 848 3347 133

703 3540 784 3604 CAP.
806 3538 871 3603 III.

589 3656 648 3721 DE
671 3656 790 3722 LIBRI
811 3656 986 3723 INDOLE.

227 3812 348 3876 Sedulii
369 3812 466 3890 initia
487 3817 674 3891 opusculum.
705 3818 784 3891 qrrod
812 3834 894 3877 nrrnc
917 3814 1053 3892 prinum
1080 3814 1192 3891 editur,
1216 3815 1263 3876 ila
1285 3834 1435 3892 conpara·

142 3924 203 3977 tum
225 3924 285 3991 est,
310 3924 342 3977 ut
363 3916 496 3977 edidisse
517 3934 571 3977 nos
592 3915 714 3978 minime
732 3917 899 3994 paeniteat.
931 3918 1029 3977 Multo
1043 3917 1122 3977 cru'm
1143 3916 1279 3994 scriptor
1293 3916 1435 3995 tradidit,

143 4036 221 4093 onae
241 4017 367 4080 aliunde
388 4020 473 4079 baud
493 4027 563 4078 suat
583 4027 747 4096 conperta,
778 4036 901 4094 otiorum
929 4020 986 4079 lroc
1009 4017 1149 4095 inprimis
1170 4018 1360 4079 irremorabile
1382 4027 1435 4096 est,

143 4122 224 4196 quod
244 4122 391 4197 Eutpclris
412 4129 508 4181 artem
531 4137 550 4178 o
573 4119 705 4181 diuersis
726 4120 932 4195 multifariam
953 4128 1118 4182 tractatam
1139 4129 1168 4179 et
1190 4119 1359 4197 sepositam
1374 4139 1437 4181 esse

143 4230 269 4283 testatur
279 4240 314 4298 p.
333 4228 376 4298 13,
390 4229 446 4291 tt;
472 4230 517 4296 15,
537 4230 592 4291 22,·
616 4230 662 4296 16,
681 4230 709 4283 3.
729 4231 762 4281 21
768 4244 779 4293 ;
805 4231 849 4298 21,
867 4231 917 4292 11;
941 4230 988 4297 32,
1008 4230 1059 4291 21;
1084 4230 1131 4295 36,
1151 4230 1206 4292 25;
1228 4240 1303 4297 queas
1317 4225 1437 4298 quidem

143 4322 275 4385 aliorum
303 4321 508 4400 expositiones
534 4322 634 4384 cicutis
661 4342 735 4384 sane
762 4323 951 4400 arpumeatis
979 4343 1050 4385 usus
1077 4332 1168 4385 caute
1194 4333 1284 4398 atqie
1308 4322 1436 4384 circum·

212 4594 240 4660 ¹⁶)
259 4595 392 4645 Librorum
411 4595 444 4645 ad
462 4607 540 4645 artem
559 4597 750 4661 grammaticum
770 4598 947 4662 pertinentium
967 4597 1072 4646 Ioannes
1091 4596 1244 4646 Triihemius
1263 4610 1312 4646 non
1332 4594 1380 4644 nisi
1399 4595 1437 4643 ‘in

144 4665 227 4714 maius
247 4663 365 4713 uolumen
384 4663 509 4713 Prisciani
528 4664 570 4714 lib.
589 4665 609 4712 I’
624 4678 648 4713 et
660 4666 697 4713 ‘iu
711 4665 851 4715 secundam
865 4665 1002 4714 editionem
1018 4666 1111 4715 Donati
1125 4665 1167 4716 lib.
1181 4666 1203 4713 l'
1220 4665 1437 4729 commemorauit,

145 4732 177 4784 ci.
195 4732 227 4782 de
245 4733 414 4798 scriptoribus
433 4732 610 4783 ecciesiasticis
629 4736 669 4783 ed.
690 4733 790 4786 Frciier.
809 4734 818 4781 l
836 4750 862 4800 p.
881 4736 940 4785 227.
