3420 5378
574 297 623 348 DE
641 295 937 349 ourfloontrmn.
1101 331 1112 357 .
1270 306 1404 356 cxxm

113 486 224 548 muniri
245 485 387 548 arbitrari
409 487 579 547 adnuntiari
602 484 697 547 uideri
722 488 818 565 aptari
833 484 978 547 celebrari
995 485 1107 565 placari
1123 493 1153 545 el
1168 492 1266 544 cetera
1287 482 1403 554 similia,

115 591 141 651 si
161 588 294 651 infinitus
315 587 421 649 modus
443 590 548 658 luerit,
573 591 582 649 i
606 589 705 649 littera
728 590 917 648 terminatur.

198 688 334 753 Celebrat
356 697 491 751 ceterum
514 693 626 751 cecitas
648 708 733 750 cesus
756 688 866 750 «recidit
881 689 1014 751 cerulum
1037 698 1067 750 et
1088 696 1187 749 cetera
1210 687 1319 749 similia
1341 690 1405 748 sine

113 812 131 855 a
153 793 304 871 incapite
326 790 518 852 scribendum
541 800 595 852 cst.

200 892 320 955 Caelum
349 891 489 954 caelestia
519 902 549 953 et
577 902 676 953 cetera
705 892 741 953 ad
770 893 882 953 crucium
912 895 1092 973 pertinentia
1121 911 1176 973 per
1204 913 1219 953 a
1247 891 1406 952 scribenda

26 1012 36 1027 ‘
112 1004 193 1056 sunt.
239 994 397 1056 Sciendum
420 1012 507 1064 sane,
531 998 600 1075 qnia
624 994 734 1055 rnrllunr
759 1012 792 1054 cu
815 1012 869 1073 per
892 1013 906 1053 a
930 993 1136 1062 scribendum,
1160 996 1217 1055 nisi
1241 992 1354 1055 eaelum
1378 1001 1407 1053 et

113 1105 213 1159 cetera
236 1096 364 1161 adeum
386 1095 612 1176 pertinentia.*)

202 1197 284 1269 Quae
315 1206 409 1258 restat
442 1206 552 1273 quarto
585 1202 651 1258 loco
681 1201 781 1272 positu
813 1199 1092 1273 ortlropraplrio
1127 1201 1403 1270 EinsidleusiS,

113 1318 180 1362 eam
196 1298 365 1360 rrmnraudi
380 1302 481 1360 Patris
497 1302 578 1361 Galli
594 1298 714 1359 Morelii
737 1298 872 1361 amicitia
895 1309 1039 1360 accurate
1061 1300 1245 1376 descriptam
1266 1318 1283 1359 e
1304 1301 1408 1360 codice

114 1410 171 1463 281
197 1419 277 1463 saec.
300 1402 352 1461 III
377 1400 453 1462 milri
479 1400 691 1461 liberalissime
723 1403 870 1462 edendam
900 1405 1075 1462 transmisit.
1129 1379 1291 1478 IlIultiplex
1319 1403 1408 1463 buius

112 1506 185 1565 libri
211 1521 249 1565 oc
276 1506 396 1564 uarium
425 1512 632 1578 arpumenturn
660 1501 821 1564 errorrauit
843 1506 948 1564 Gallus·
970 1505 1116 1564 Moralius
1143 1502 1262 1579 ipsein
1289 1507 1406 1579 supple-

113 1612 227 1680 mento,
252 1623 311 1681 quo
334 1606 437 1665 Caroli
451 1605 564 1665 Halmii
583 1608 761 1680 scriptorum
784 1604 1052 1666 ecclesiasticorum
1074 1604 1107 1665 in
1124 1607 1281 1666 Heluetiae
1301 1606 1407 1665 biblio·

113 1709 208 1770 tIteois
240 1710 472 1768 adserrratorum
504 1710 676 1781 catolopum
706 1709 836 1767 adorauit
864 1725 894 1766 a.
926 1714 1001 1767 atat
1032 1704 1321 1781 (Sitzunpsberr'cbte
1352 1707 1407 1765 der

107 1808 317 1887 philos-bist.
347 1808 448 1869 Classe
475 1810 531 1868 der
557 1810 634 1868 lais.
659 1809 824 1868 Alcidemie
853 1812 908 1870 der
932 1810 1188 1881 ll'issenscliasten
1211 1815 1276 1866 torn.
1299 1807 1356 1867 IV
1373 1826 1406 1883 p.

117 1897 307 1990 era-eor),
333 1929 368 1986 p.
394 1917 460 1970 aaa.
488 1917 556 1984 ear,
581 1911 625 1983 cs.
646 1929 678 1986 p.
705 1918 773 1969 ers.
799 1919 868 1970 err.
895 1919 951 1970 err
973 1930 995 1972 s.
1018 1931 1047 1971 u.
1072 1913 1270 1986 nequinum,
1288 1927 1322 1985 p.
1348 1918 1407 1969 ers

113 2032 140 2076 s.
163 2032 192 2074 u.
215 2014 413 2086 Benedictus,
432 2030 466 2087 p.
492 2019 549 2071 tto
571 2031 594 2071 s.
618 2031 647 2072 u.
672 2010 848 2091 Caesarius,
870 2030 901 2088 p.
928 2021 983 2071 251
1005 2032 1027 2076 s.
1050 2032 1080 2073 u.
1105 2013 1184 2085 Ebu,
1203 2030 1238 2088 p.
1258 2018 1316 2070 252
1336 2029 1360 2071 s.
1378 2029 1406 2071 u.

115 2116 305 2189 Gennadius,
327 2133 359 2191 p.
385 2122 442 2173 253
462 2133 487 2175 s.
511 2133 540 2175 u.
564 2116 756 2188 IIalitpam'us
777 2122 806 2174 et
829 2116 1004 2188 Heraclius,
1025 2133 1059 2191 p.
1085 2122 1139 2173 tiu
1163 2134 1187 2174 s.
1210 2131 1239 2174 u.
1263 2115 1406 2189 Prosper.

114 2219 225 2293 Itaque
251 2218 309 2278 Itoc
336 2216 473 2290 sufficiat
500 2218 660 2291 monuisse,
691 2217 941 2292 ortlropruplriam
969 2218 1068 2276 medio
1096 2219 1176 2277 inter
1203 2213 1407 2276 ecclesiastico

115 2321 200 2380 nullo
226 2316 407 2393 interposito
434 2316 534 2394 spatio
562 2316 710 2378 insertam
737 2335 799 2378 esse
820 2321 882 2379 eius
903 2320 975 2379 libri
989 2337 1024 2394 p.
1047 2326 1087 2376 53
1106 2335 1199 2378 mauu
1220 2335 1298 2378 saec.
1328 2318 1409 2377 VIII

116 2423 166 2482 nel
187 2421 238 2481 IX
256 2423 418 2499 scriptam,
437 2423 604 2495 praemisso
628 2405 884 2499 onrbocnnppn
912 2426 1043 2501 rmcrpu
1069 2424 1162 2482 ritmo.

677 2708 760 2770 Car.
782 2706 843 2771 Ill.

143 2841 203 2907 Du
225 2841 451 2907 LEMMATIS
475 2840 858 2907 ORTHOGRAPHICIS
881 2842 909 2905 Ε
932 2841 1134 2908 DIVERSIS
1157 2841 1386 2909 contortius

477 2942 782 3008 BERNENSIBVS
805 2943 1045 3009 COLLECTIS.

201 3103 330 3162 Praeter
356 3101 495 3177 intepras
522 3118 622 3160 rerum
646 3101 951 3177 ortbopraplricarunr
973 3105 1173 3171 collectiones,
1201 3120 1277 3179 attae
1298 3106 1330 3163 in
1351 3105 1409 3164 Iroc

114 3204 192 3265 libro
218 3202 316 3278 edidi,
346 3202 486 3278 tinnulas
513 3219 630 3291 quoque
651 3205 868 3278 explicationes
889 3202 917 3264 si
937 3203 1077 3266 inuenire
1101 3223 1217 3282 possem
1238 3208 1355 3282 passim
1377 3209 1408 3266 in

114 3303 204 3367 libris
229 3308 441 3381 manuscriptis
469 3306 622 3381 dispersas
650 3321 772 3380 operam
796 3308 872 3364 dans
891 3305 1052 3379 atossariis
1073 3306 1194 3368 Latinis
1209 3315 1408 3383 perscrutan-

117 3408 166 3468 dis
185 3414 312 3482 excepto
334 3409 400 3467 cod.
427 3414 480 3480 to,
505 3409 542 3466 tle
564 3424 621 3482 quo
642 3423 737 3482 supra
760 3409 840 3480 rliai,
866 3410 942 3467 nilril
964 3409 1095 3485 profeci.
1145 3408 1255 3468 Tamen
1285 3411 1316 3468 in
1339 3411 1407 3470 cod.

119 3515 179 3569 258
199 3525 277 3569 saec.
299 3510 351 3568 IX
368 3517 459 3584 parte
481 3525 534 3586 eo,
557 3528 617 3584 auri
640 3512 747 3569 ueteris
769 3526 807 3569 uo
829 3512 902 3569 rrorri
922 3515 1093 3571 testamenti
1110 3513 1228 3586 plassac
1249 3511 1406 3577 nubentur,

112 3610 144 3685 s.
168 3616 223 3669 17⁰
244 3612 301 3672 col.
322 3613 341 3672 I
363 3611 583 3671 Crassiotlori
602 3613 711 3670 mentio
733 3613 843 3671 iniecto
865 3620 908 3670 cst
928 3615 1112 3687 sirrpulrrrem
1136 3615 1166 3672 in
1189 3613 1323 3673 modum:

116 3782 343 3793 ..-.-.-—...

186 3896 213 3962 *Ι
242 3898 343 3950 Codicis
367 3898 596 3966 Sangermonensis
619 3902 685 3951 notu
704 3916 729 3966 p.
750 3902 799 3950 beo
821 3920 834 3949 n
857 3902 970 3951 Tlmroto
994 3903 1098 3952 enlrlbiti
1128 3902 1175 3951 lrne
1202 3911 1262 3950 sum
1288 3902 1408 3951 lectiones

88 3990 91 3995 ·
117 3983 217 4019 uariae:

185 4052 211 4102 p.
229 4038 288 4099 199,
306 4039 337 4086 31
357 4052 403 4101 per
420 4051 447 4085 ss
463 4038 467 4102 Ι
483 4039 514 4087 31
534 4052 578 4102 per
597 4054 627 4085 nn
645 4036 649 4101 Ι
665 4040 697 4088 33
715 4036 887 4086 accnnrolatus
906 4053 952 4103 per
969 4053 997 4086 ee
1012 4036 1016 4101 Ι
1031 4040 1089 4097 300,
1111 4040 1122 4086 l
1143 4047 1266 4102 aggestus
1284 4052 1329 4102 per
1347 4052 1383 4102 gg
1403 4038 1408 4097 Ι

115 4108 133 4156 t
151 4115 192 4154 est
207 4118 254 4155 om.
270 4103 274 4167 Ι
290 4104 404 4154 sitiebam
420 4103 424 4167 Ι
440 4106 456 4154 9
473 4105 587 4154 sillubum
603 4103 608 4169 Ι
624 4109 656 4155 10
673 4105 822 4170 complexus
840 4107 1012 4171 compendens
1028 4104 1033 4168 Ι
1051 4109 1077 4154 11
1098 4106 1209 4154 imitator
1230 4103 1235 4169 Ι
1254 4107 1285 4154 lb
1303 4105 1383 4154 littera
1403 4102 1408 4168 Ι

119 4175 151 4222 lt
169 4183 272 4222 sanctos
290 4188 336 4223 om.
352 4172 357 4233 Ι
372 4184 455 4221 sartos
474 4171 524 4235 Ι19
542 4184 646 4222 actenus
661 4170 714 4235 110
732 4174 844 4236 (adnot.)
863 4189 936 4223 renes
954 4188 1025 4223 meos
1045 4190 1059 4222 e
1077 4188 1127 4221 nou
1147 4171 1221 4236 1111
1240 4173 1352 4237 preteriti
1371 4185 1409 4221 est

117 4240 240 4306 temporis
255 4238 260 4304 Ι
275 4242 308 4291 13
326 4241 448 4304 temporis
467 4252 505 4288 est
521 4240 598 4290 lntnri
615 4242 666 4301 111
685 4241 783 4289 dormet
797 4239 801 4303 Ι
817 4240 899 4291 littera
915 4241 919 4305 Ι
935 4240 968 4291 18
986 4256 1090 4305 ymnum
1105 4238 1110 4304 Ι
1130 4243 1192 4299 obt,
1212 4242 1227 4290 1
1245 4241 1384 4304 penitentia
1403 4240 1407 4301 Ι

117 4308 240 4375 patientia
262 4309 375 4373 potentin
399 4307 403 4372 Ι
427 4308 589 4372 prouidentia
611 4310 753 4358 constantia
776 4308 919 4370 eloquentia
943 4310 1109 4374 temperantia
1132 4309 1257 4358 colbentiu
1283 4310 1408 4374 supientia

117 4377 194 4427 sortia
211 4375 373 4440 inprudentia
391 4392 436 4441 per
449 4378 467 4425 ti
480 4376 576 4438 syllaba
595 4377 711 4424 scribitur
726 4373 730 4437 Ι
746 4377 866 4441 iscripsi
882 4377 886 4439 Ι
903 4377 1077 4427 lrrnxiliatrlx
1095 4374 1225 4438 adiutrix!
1241 4376 1388 4426 distructrix
1404 4379 1407 4437 Ι

117 4447 134 4496 8
152 4440 296 4507 confertim]
316 4444 414 4494 confert
431 4441 579 4510 (Titurnius,
595 4447 638 4508 qui
654 4444 724 4507 peri
744 4454 768 4492 et
785 4459 800 4491 n
820 4446 950 4497 scribitur:
970 4446 1001 4494 ad
1021 4445 1188 4494 nouissimum
1207 4444 1328 4508 syllabam
1348 4458 1408 4493 eon-

117 4512 167 4562 iert
184 4512 278 4575 edidit,
302 4514 415 4561 weuram
432 4512 534 4561 sumere
552 4520 624 4561 ratur
642 4512 691 4574 est)
715 4511 720 4569 Ι
743 4513 759 4561 a
777 4527 822 4575 per
840 4529 865 4560 rr
887 4510 891 4577 Ι
914 4520 973 4577 poet
994 4515 1024 4564 10
1044 4517 1101 4579 ‘per
1120 4517 1145 4561 o’
1164 4513 1227 4561 daec
1244 4514 1335 4562 addita
1351 4519 1411 4561 aunt

117 4582 210 4632 omitto
226 4581 252 4629 iu
269 4580 326 4629 cod.
344 4578 473 4630 Berneusi
490 4586 515 4629 et
533 4579 745 4644 Sanpermonensi
762 4581 846 4629 teta:
876 4581 1007 4629 Ianuarius
1032 4580 1172 4629 februarius
1196 4580 1301 4629 nrartius
1320 4574 1409 4645 aprilis

117 4650 201 4697 maius
218 4647 304 4697 innius
322 4647 398 4697 iulius
416 4658 525 4711 agrrstns
543 4649 686 4713 september
704 4647 841 4696 nouember
858 4649 990 4698 december
1002 4650 1039 4697 sic
1051 4648 1211 4697 scribendum
1226 4658 1264 4696 est
1279 4648 1283 4709 Ι
1301 4649 1331 4697 11
1344 4647 1409 4696 ιιΙΙιι·

117 4716 154 4765 lat
167 4716 173 4778 Ι
188 4717 220 4767 13
237 4715 364 4765 dilectatio
383 4732 431 4765 om.
446 4716 450 4777 Ι
465 4715 569 4779 diligam
586 4714 590 4777 Ι
605 4716 689 4781 diligit
703 4714 708 4780 Ι
723 4713 823 4765 dilectat
841 4717 955 4783 dilegens
974 4734 1020 4770 om.
1044 4716 1051 4782 Ι
1075 4718 1106 4765 ll
1125 4731 1170 4780 per
1188 4716 1194 4763 l
1214 4715 1332 4765 scribitur
1351 4714 1356 4781 Ι
1379 4718 1409 4767 15

119 4799 165 4849 per
183 4800 205 4844 e,
223 4798 269 4833 om.
286 4792 312 4832 et
329 4785 336 4831 i
355 4783 515 4831 scribendum
535 4795 580 4835 est.
