3420 5378
425 321 520 380 CLXII
778 307 828 367 DE
847 311 1008 367 cntulsn
1025 310 1229 367 excuseris
1248 309 1351 368 BERN.

423 514 537 568 remota
560 513 629 565 sunt
651 522 687 564 cn
709 503 765 564 hac
786 503 1006 583 figurandarum
1036 524 1072 567 ex
1099 522 1132 564 se
1160 504 1368 565 aduerbiorum
1398 502 1545 565 facilitate.
1589 502 1666 567 item
1694 532 1700 558 ε

424 628 480 689 qua
503 607 680 690 uidentuna
703 605 927 685 pronominibus
954 605 1097 668 aduerbia
1127 606 1218 680 trahi,
1232 606 1235 611 '
1249 616 1280 667 ut
1308 607 1425 667 meatim
1448 608 1566 676 tuatim,
1597 613 1708 667 ῑιιιῑιιιι

423 714 453 772 in
476 710 697 771 commentariis
718 710 977 787 grammaticorum
1001 708 1281 777 animaduertimus,
1308 711 1339 768 in
1363 716 1466 769 natura
1490 725 1561 768 inem
1584 725 1646 769 non
1668 710 1700 767 in

424 817 569 874 uenimus.
615 809 687 871 item
710 813 735 872 si
758 809 822 870 aliis
844 809 950 889 placet,
973 828 989 869 a
1012 809 1115 871 uerbis
1136 811 1202 871 fleri
1217 809 1368 879 adnerbia,
1392 820 1424 871 nt
1444 807 1482 871 ab
1505 828 1548 879 eo,
1572 809 1652 889 qnod
1670 828 1703 870 es

423 931 531 995 pungo,
555 914 697 995 punctim,
721 931 810 974 curro
833 914 955 982 cursim,
979 930 1034 990 ego
1056 921 1154 973 umen
1176 912 1257 980 dico,
1286 912 1363 990 quod
1386 912 1423 973 de
1446 910 1597 973 uocabulis
1617 919 1708 971 trac.

425 1026 503 1088 sunt,
527 1024 560 1077 ut
581 1014 618 1075 ab
641 1033 685 1084 eo,
709 1013 786 1093 quod
810 1022 854 1074 est
876 1031 994 1079 aursus,
1018 1015 1143 1084 cursim,
1166 1023 1293 1095 punctus
1315 1017 1458 1094 punctim.
1503 1013 1608 1075 Omnia
1633 1015 1708 1073 enin

423 1119 523 1185 uerba,
547 1135 622 1196 quae
644 1118 731 1179 etiam
760 1118 791 1176 in
813 1117 932 1176 nomina
955 1117 1082 1177 transire
1105 1134 1165 1176 non
1188 1125 1324 1194 possunt,
1354 1115 1434 1178 noua
1464 1136 1479 1177 a
1508 1135 1540 1177 sc
1569 1113 1707 1177 adnerbi

320 1208 324 1215 ’
422 1223 519 1282 iacere
542 1228 674 1299 possunt.

425 1373 650 1383 -—.—-——

492 1471 717 1511 srurnrnunmss.
799 1459 811 1506 1
832 1472 864 1506 ex
881 1455 939 1520 hae]
957 1457 989 1506 ab
1006 1456 1055 1506 hac
1072 1457 1202 1508 Charisius
1217 1473 1245 1522 p.
1265 1459 1322 1520 188,
1342 1459 1377 1508 ts
1443 1450 1574 1522 facilitate]
1594 1454 1710 1505 iacuitat

424 1527 555 1578 Charisius
617 1527 682 1575 etsi
700 1540 750 1588 qna
770 1525 898 1576 Charisius
982 1527 999 1575 2
1017 1525 1082 1575 trahi
1104 1525 1224 1575 aduerbis
1243 1537 1339 1575 uentum
1358 1526 1384 1573 in
1401 1525 1624 1591 grammaticorum
1643 1538 1701 1575 com

424 1597 553 1644 metuentis
573 1593 704 1643 Charisius
788 1594 847 1643 sin
866 1602 955 1642 nauus
974 1591 1045 1657 uero}
1068 1595 1095 1643 in
1117 1594 1301 1643 consuetudine
1323 1592 1452 1644 Charisius
1520 1607 1570 1642 non
1593 1590 1709 1641 uidemu

427 1663 559 1713 Charisius
632 1665 691 1711 tet
708 1662 731 1710 si
749 1676 799 1710 non
818 1660 894 1709 nullis
912 1661 995 1727 placet
1012 1661 1142 1711 Charisius
1158 1678 1185 1726 p.
1204 1663 1262 1723 186,
1283 1663 1316 1709 ii
1387 1663 1494 1711 boumn
1512 1660 1606 1709 cursim
1623 1674 1710 1724 ριιιι

421 1733 535 1796 punctim
554 1729 684 1781 Charisius
735 1744 784 1795 ego
803 1741 884 1778 tamen
904 1743 998 1792 quaero
1017 1729 1078 1792 qnid
1096 1730 1131 1779 ita
1149 1744 1200 1778 non
1218 1731 1304 1794 potius
1322 1729 1444 1778 adoerbia
1456 1744 1471 1778 s
1484 1727 1615 1778 uocabulis
1633 1740 1707 1777 unc:

423 1803 483 1853 siut.
502 1800 533 1848 ab
553 1813 582 1848 eo
601 1797 671 1861 quod
690 1808 728 1847 est
745 1806 868 1862 punctum
887 1797 1000 1861 punctim
1018 1808 1043 1847 et
1058 1797 1090 1845 ab
1108 1811 1139 1846 eo
1157 1797 1227 1860 quod
1245 1811 1284 1846 est
1301 1812 1391 1846 cursus
1410 1796 1504 1847 cursim
1517 1796 1647 1846 Charisius
1705 1806 1710 1836 ἰ

421 1867 648 1917 animaduertimus
667 1866 731 1914 euim
751 1865 836 1914 omnia
854 1865 940 1923 uerba,
959 1879 1024 1927 quae
1042 1879 1093 1914 nou
1111 1877 1222 1930 possunt
1240 1867 1314 1914 etiam
1332 1864 1365 1915 ad
1384 1866 1487 1914 nomina
1505 1866 1625 1928 transire,
1645 1863 1708 1912 ιιιιΙΙ

421 1952 452 1986 ex
471 1952 499 1985 se
517 1935 639 1984 aduerbiu
656 1933 737 1982 suasere
756 1933 886 1983 Charisius

425 2054 650 2063 .-.—.--—-

490 2152 661 2191 scsirnunns
680 2151 826 2188 vanusne.
880 2137 959 2186 liter
1037 2136 1147 2187 ‘htmchi
1232 2137 1291 2187 3ἰιι
1310 2137 1470 2187 comentariis
1489 2137 1708 2202 grammaticam

505 2348 550 2406 Ac
577 2345 719 2419 quoniam
746 2343 784 2401 de
810 2341 955 2402 aduerbio
983 2344 1111 2416 epimus,
1147 2343 1181 2400 id
1205 2359 1322 2417 quoque
1348 2344 1543 2419 monendmn,
1573 2359 1594 2401 a
1620 2342 1710 2402 Petra

421 2449 632 2523 prammatico,
656 2447 742 2506 cuius
763 2445 902 2521 opusculi
920 2451 1068 2519 excerpta
1089 2442 1176 2518 infra
1187 2447 1399 2520 proposuimus
1420 2445 1509 2505 huius
1522 2445 1597 2504 tihri
1603 2461 1639 2521 p.
1660 2451 1710 2503 15

421 2555 530 2623 -171,
550 2565 585 2624 p.
605 2553 670 2620 157,
689 2553 707 2606 5
730 2547 767 2605 de
789 2545 929 2605 aduerdii
948 2548 983 2605 ui
1002 2554 1093 2620 atque
1113 2554 1225 2605 natura
1239 2547 1368 2605 taradari
1380 2548 1529 2621 quendam
1545 2545 1674 2606 Comin'

421 2655 529 2724 laeum,
554 2651 651 2724 quiin
667 2648 931 2723 Chamsiiseriptis
945 2663 1006 2706 non
1027 2653 1123 2720 extat,
1147 2647 1190 2721 cs.
1207 2665 1302 2723 supra
1313 2646 1342 2720 s.
1361 2645 1414 2706 23δ
1425 2665 1458 2723 p.
1476 2647 1524 2707 CL
1532 2647 1584 2708 VI.
1621 2647 1707 2722 Aput

422 2753 592 2814 Diomedem
619 2767 694 2810 uero
721 2750 761 2809 de
786 2751 892 2809 eadem
919 2765 954 2808 re
974 2764 1036 2808 non
1057 2751 1117 2808 nisi
1136 2751 1213 2810 haec
1234 2751 1376 2824 tepenter
1396 2766 1427 2824 p.
1454 2756 1530 2822 ade,
1555 2754 1574 2807 8
1595 2750 1642 2809 II:
1708 2779 1710 2788 ‹

421 2855 477 2915 hau
499 2851 601 2931 regula
624 2870 713 2911 unum
737 2851 889 2920 dissentit,
918 2849 996 2929 quod
1020 2857 1064 2911 est
1087 2849 1188 2920 facile,
1217 2850 1296 2928 quod
1325 2850 1445 2928 quidam
1474 2868 1582 2930 nomen
1608 2857 1702 2928 poian

422 2974 477 3037 pro
500 2953 641 3015 aduerbio
664 2955 800 3032 positum,
823 2961 856 3013 ut
879 2960 923 3013 est
944 2955 1075 3012 ‘toruum
1098 2950 1215 3013 ciamat’
1244 2951 1438 3014 ‘horrendum
1460 2953 1603 3013 resonat'.
1647 2952 1703 3013 Ita

421 3076 479 3133 qne
500 3060 527 3117 si
548 3059 586 3116 de
607 3057 664 3116 hoc
685 3072 802 3130 auoque
823 3055 908 3115 Petri
927 3059 994 3116 toeo
1016 3055 1093 3114 idem
1116 3057 1234 3128 ualeat,
1264 3056 1345 3129 quod
1371 3056 1409 3114 de
1435 3057 1544 3116 cetera
1569 3054 1609 3114 H.
1640 3054 1704 3115 Kei

422 3162 481 3219 Iius
504 3161 636 3218 Gramen.
659 3156 727 3218 Lat.
751 3157 770 3217 Ι
784 3157 892 3233 praes.
914 3174 946 3232 p.
969 3156 1116 3217 1111111
1134 3159 1297 3217 rectissime
1316 3160 1437 3230 statuit,
1469 3157 1638 3217 Cominiani
1658 3174 1696 3217 ιιι

420 3263 499 3320 mine
521 3277 541 3318 a
560 3259 780 3335 posterioribus
801 3260 864 3317 siue
884 3261 1092 3332 prammatieis
1112 3261 1176 3317 siue
1189 3260 1470 3319 commentatoribus
1490 3246 1637 3334 useupdto
1651 3276 1707 3318 ιιι

422 3363 628 3423 Coruinianum
649 3363 756 3436 ipsum,
779 3361 834 3419 sed
855 3359 1023 3420 Charisium
1044 3362 1226 3434 siantficari,
1255 3362 1287 3419 in
1310 3360 1442 3420 Charisii
1461 3361 1536 3421 iibri
1553 3376 1591 3419 ea
1611 3367 1704 3435 parte

421 3481 482 3538 quta
509 3465 547 3524 de
577 3462 723 3523 oduerdio
750 3463 853 3536 apitur
869 3479 903 3538 p.
930 3468 987 3520 181
1007 3478 1068 3536 seq.
1097 3464 1164 3521 loeo
1190 3463 1290 3521 neseio
1318 3479 1376 3537 quo
1403 3465 1546 3522 lacunam
1567 3478 1630 3522 esse
1648 3469 1701 3522 stu

421 3575 538 3627 tuamus
560 3571 715 3641 oporteat,
744 3580 822 3639 quae
848 3571 881 3623 ut
907 3565 939 3622 in
961 3565 1026 3638 ipso
1048 3565 1111 3623 eiras
1132 3570 1284 3624 tractatus
1305 3566 1406 3636 initio,
1430 3580 1490 3639 quo
1508 3565 1637 3638 aenuini
1657 3563 1696 3623 Cr

420 3671 550 3728 miniani
567 3672 736 3742 praecepta
757 3664 939 3737 reseruntur
950 3681 986 3740 p.
1013 3672 1077 3737 180,
1104 3671 1140 3723 28
1161 3698 1204 3709 -
1224 3683 1257 3740 p.
1282 3672 1346 3739 181,
1372 3673 1424 3739 15,
1455 3666 1702 3742 deprehendatur

423 3771 458 3831 oi)
486 3771 519 3830 id
545 3786 606 3830 non
629 3767 729 3841 suerit
755 3768 972 3840 necessarium,
1007 3769 1081 3841 auia
1109 3767 1295 3840 Diomedem,
1330 3771 1384 3843 qui
1413 3770 1476 3828 eius
1507 3770 1555 3827 rei
1580 3768 1710 3828 memini

416 3889 452 3947 p.
478 3878 548 3943 1115,
573 3877 601 3942 8,
626 3878 655 3929 et
677 3870 850 3930 Cominiano
871 3877 901 3928 et
922 3868 1103 3929 Palaemone
1118 3871 1292 3943 promiscue
1310 3885 1395 3930 usum
1410 3887 1472 3930 esse
1485 3875 1612 3929 constat.
1650 3867 1706 3929 Set

422 3989 482 4047 quo
500 3975 687 4048 potissimum
709 3974 774 4031 loeo
797 3973 883 4030 istam
906 3973 1045 4029 lacunam
1067 3977 1199 4030 statuere
1220 3972 1393 4044 debeamus,
1419 3988 1482 4031 non
1503 3973 1612 4046 liquet,
1637 3972 1705 4045 quir

307 4135 312 4142 ,
422 4077 634 4134 urriaersarum
655 4075 869 4133 sententiarum
885 4074 983 4147 plane
1010 4073 1207 4142 deficientium
1236 4075 1320 4133 nediu
1347 4075 1542 4133 inueniuntur
1562 4073 1604 4131 ibi
1623 4075 1702 4132 uesti

419 4178 483 4249 aia.
527 4176 637 4251 Itaque
657 4191 694 4234 eo
710 4178 815 4249 potius
837 4176 964 4234 inclinat
984 4177 1146 4247 sententia,
1171 4160 1269 4248 iilum,
1300 4191 1385 4250 quem
1408 4175 1517 4234 Petrus
1537 4176 1701 4249 exscripsit

420 4295 481 4337 non
504 4279 543 4335 de
563 4278 711 4350 Charisia,
735 4279 789 4336 sed
810 4277 848 4335 dc
870 4278 934 4352 ipso
957 4276 1133 4336 Cominianu
1147 4279 1304 4351 enarrasse,
1323 4277 1492 4336 Charisium
1513 4293 1587 4337 uero
1597 4293 1683 4351 paru

421 4385 565 4439 accurate
585 4382 648 4439 eius
666 4384 832 4454 praecepta
854 4381 1048 4453 excerpsisse.
1095 4378 1180 4449 Quod
1200 4386 1233 4439 ut
1253 4380 1398 4453 suspicer,
1422 4379 1482 4438 hac
1503 4395 1538 4437 re
1559 4380 1709 4452 adducor,

421 4483 494 4556 qaria
516 4482 652 4541 Duranius
673 4495 801 4555 quoque,
825 4498 910 4554 quem
926 4481 1095 4541 Cominiani
1116 4482 1249 4541 ornnihus
1264 4481 1407 4556 pertidus
1420 4483 1599 4540 simillimum
1612 4481 1710 4553 fuiss

421 4583 591 4642 Cominiani
622 4584 684 4642 Ioci
714 4598 734 4639 a
767 4582 905 4641 Charisia
938 4585 1078 4658 excerpti
1110 4590 1271 4656 testantur,
1307 4583 1345 4641 de
1378 4584 1481 4641 eadem
1508 4601 1543 4642 re
1571 4586 1710 4644 disserui

414 4701 452 4759 p.
478 4690 545 4757 385,
572 4692 619 4745 21.
666 4685 835 4744 Geminiani
854 4701 927 4745 uero
948 4687 1122 4743 sententiam
1140 4677 1332 4760 propapauit
1352 4683 1478 4758 Serpius
1498 4687 1563 4745 siue
1584 4685 1676 4746 Serui

417 4803 449 4865 p.
476 4790 543 4860 eso,
570 4792 635 4844 ree
659 4792 695 4845 ιι
715 4788 755 4849 It.
