3420 5378
731 282 942 335 ansuausrs.
1422 278 1481 342 137

187 472 332 556 quaedam
366 476 446 534 enim
479 471 596 533 duobus
627 469 746 532 casibus
774 477 902 540 tantum,
937 470 1081 549 quaedam
1110 468 1221 539 tribus,
1255 467 1311 529 alia
1343 476 1483 549 quattuor

188 573 320 644 casibus,
349 573 407 635 alia
430 593 503 635 uero
525 576 658 653 quinque
678 570 799 633 casibus
820 569 1016 632 declinantur.
1060 571 1136 632 Sunt
1158 572 1237 631 enim
1261 588 1337 651 quae
1360 578 1483 647 excepto

188 678 346 753 utriusque
369 679 485 738 numeri
509 675 692 736 nominatiuo
714 672 848 753 reliquos
863 691 923 734 non
938 671 1050 734 babent
1064 692 1164 742 casus,
1188 680 1220 733 ut
1234 678 1352 732 nostras
1366 678 1482 733 nostra·

188 786 234 840 tes
255 777 338 839 cuias
360 779 487 848 cuiates;
511 782 581 837 sunt
603 779 691 845 item,
714 794 791 855 quae
812 774 909 836 tribus
932 774 1049 836 casibus
1072 775 1242 844 llectuntur,
1265 781 1298 834 ut
1320 774 1404 834 cuius
1425 773 1482 832 cuii

160 880 270 949 seuio,
301 881 372 940 item
401 881 469 940 cuia
492 880 578 939 cuiae
599 880 687 941 coice
709 885 738 938 et
759 879 860 938 cuium
883 877 942 937 cuii
971 878 1049 937 cuio.
1094 876 1170 937 Sunt
1191 894 1281 947 nero,
1310 893 1385 956 quae
1406 880 1483 935 tetra

187 979 305 1043 casibus
334 979 531 1047 declinantur,
560 987 593 1040 ut
620 977 705 1039 belus
735 977 831 1039 helius
858 975 919 1038 beli
947 976 1054 1038 belum.
1104 977 1178 1038 Item
1206 976 1271 1037 bela
1299 975 1396 1037 helius
1422 973 1484 1035 beli

187 1080 286 1144 belam
309 1089 340 1143 et
360 1079 462 1142 belum
484 1079 580 1142 helius
602 1076 660 1140 beli
685 1078 797 1141 belum.
835 1079 911 1140 Sunt
932 1080 1036 1147 etiam,
1060 1096 1136 1156 quae
1152 1087 1240 1158 penta
1256 1077 1373 1140 casibus
1394 1085 1482 1138 utun·

187 1190 245 1254 tur,
267 1190 302 1244 ut
323 1200 411 1245 cecus
433 1200 504 1243 ecco
527 1200 629 1243 eccum
652 1200 722 1242 cece
744 1181 781 1242 ab
805 1198 889 1240 ecco:
919 1179 976 1240 boc
998 1178 1195 1241 masculinum
1218 1187 1278 1248 est;
1305 1180 1482 1240 femininum

187 1293 285 1346 autem
309 1303 392 1354 ecca,
424 1283 541 1345 datiuus
563 1301 666 1352 eccae,
694 1284 880 1344 accusatiuus
902 1299 1016 1351 eccam,
1046 1283 1201 1342 uocatiuus
1223 1298 1306 1350 ecca,
1337 1278 1483 1341 ablatiuus

148 1402 274 1447 mecca:
302 1385 355 1446 sed
377 1383 451 1446 haec
472 1382 582 1463 plurali
607 1402 730 1445 numero
753 1385 877 1444 carent'.
922 1383 963 1443 De
986 1382 1032 1443 bis
1054 1383 1142 1443 ctiam
1165 1381 1391 1462 pronominibus
1413 1381 1481 1442 Do·

188 1493 299 1547 natus
320 1485 503 1547 memorabat
520 1485 635 1548 dicens:
659 1495 746 1547 sunt
767 1485 1000 1563 pronomina,
1025 1502 1117 1564 quae
1138 1501 1204 1564 per
1226 1501 1350 1545 omnes
1372 1501 1481 1544 casus

188 1604 257 1648 non
285 1584 543 1657 declinantur,
580 1594 618 1647 ut
651 1604 775 1647 eccum
811 1604 935 1646 eccam
970 1583 1081 1647 ellum
1116 1583 1224 1646 ellam
1258 1587 1366 1645 ouius
1399 1586 1481 1646 cuia

187 1688 312 1749 cuium
334 1689 484 1749 cuiates
506 1694 710 1749 nostrates.
755 1685 817 1749 Alia
846 1688 1024 1766 pronomina
1051 1693 1120 1748 sunt
1148 1686 1277 1755 ordinis;
1307 1687 1483 1766 praepositi·

188 1805 276 1858 uum,
299 1796 334 1849 ut
355 1797 478 1868 quotus;
501 1788 770 1858 subiunctatiuum,
794 1796 826 1848 ut
849 1795 936 1848 totus.
980 1788 1043 1849 llio
1065 1789 1241 1867 pronomina
1263 1796 1333 1848 sunt
1354 1790 1482 1856 numeri,

148 1897 175 1953 'n
188 1896 221 1951 ut
243 1897 315 1969 quot
336 1898 394 1959 tot;
418 1889 473 1951 alia
496 1889 531 1950 ad
555 1889 663 1969 aliquid
686 1890 815 1959 infinita,
839 1897 874 1950 ut
895 1891 979 1950 cuius
1001 1891 1066 1949 cuia
1088 1890 1206 1958 cuium;
1235 1888 1291 1950 alia
1314 1888 1350 1949 ad
1372 1887 1482 1967 aliquid

186 1990 285 2060 linita,
319 1998 353 2051 ut
381 2009 464 2052 meus
492 1999 560 2053 tuus
587 1986 664 2053 suus
687 1989 735 2052 uel
763 1990 855 2052 illius:
893 1990 968 2052 baec
1004 1991 1091 2051 etiam
1127 1993 1296 2069 possessiua
1333 1990 1481 2051 dicuntur.

186 2090 388 2171 Pompeius
416 2111 489 2153 uero
512 2093 656 2162 ostendit,
687 2110 780 2169 quare
802 2091 942 2152 dicuntur
964 2092 1148 2171 possessiua,
1178 2110 1245 2163 cum
1269 2091 1356 2152 dixit:
1394 2090 1483 2151 Pos-

186 2194 336 2254 sessiua
359 2192 443 2254 ideo
466 2193 647 2257 dicuntur
669 2212 710 2255 eo
738 2192 836 2270 quod
865 2211 931 2254 nos
957 2192 1157 2272 possidere
1186 2190 1328 2269 aliquid
1352 2200 1482 2252 osten-

188 2292 293 2355 dunt:
317 2295 463 2372 quando
487 2297 582 2357 enirn
606 2295 689 2356 dico
711 2313 825 2363 meus,
848 2312 901 2355 me
924 2292 1068 2375 aliquid
1091 2293 1288 2374 possidere
1311 2293 1481 2363 ostendo;

147 2395 245 2460 sosio
268 2405 304 2456 et
323 2397 470 2474 quando
494 2406 593 2467 tuus,
617 2405 652 2458 te
674 2395 1271 2476 aliquidpossideredemonstro,
1289 2394 1483 2473 etquando

188 2494 274 2557 dico
296 2514 395 2566 suus,
418 2495 523 2558 illum
546 2496 690 2578 aliquid
713 2497 912 2577 possidere
935 2497 1146 2560 manifesto.
1191 2496 1271 2557 llaec
1293 2504 1391 2558 autem
1413 2515 1482 2576 pro-

187 2598 307 2659 nomina
330 2600 498 2677 possessiua
522 2607 661 2679 quattuor
683 2599 779 2660 modis
803 2601 1009 2660 enuntiantur:
1033 2608 1083 2659 aut
1105 2601 1183 2660 enirn
1201 2617 1236 2659 ex
1253 2606 1377 2675 utraque
1399 2605 1483 2676 parte

187 2695 349 2774 singularia
376 2707 459 2768 sunt,
490 2707 521 2760 ut
547 2717 632 2762 mens
653 2708 754 2780 pater,
783 2709 851 2761 tuus
873 2707 968 2780 pater,
998 2718 1070 2761 suus
1097 2708 1197 2780 patcr;
1226 2707 1276 2760 aut
1298 2717 1333 2759 ex
1358 2708 1483 2777 utraque

188 2806 271 2879 parte
293 2797 434 2879 pluralia,
460 2808 491 2861 ut
513 2803 607 2862 nostri
629 2808 742 2881 patres,
766 2803 859 2863 uestri
881 2809 996 2880 patres,
1020 2802 1066 2861 sui
1088 2808 1202 2879 patres;
1232 2807 1283 2862 aut
1304 2801 1483 2861 intrinsecus

148 2899 363 2978 „singularim
395 2904 580 2963 extrinsecus
608 2910 704 2963 autem
733 2901 857 2983 pluralia
887 2910 968 2972 sunt,
997 2910 1029 2962 ut
1056 2904 1115 2962 mei
1143 2903 1264 2973 iratres,
1294 2903 1337 2963 tui
1365 2901 1481 2974 lratreS,

187 2999 267 3063 illius
289 3001 411 3070 iratres;
443 3010 492 3063 aut
513 3004 694 3065 intrinsecus
716 3003 841 3083 pluralia
864 3010 894 3062 ct
917 3003 1099 3064 extrinsecus
1122 3002 1300 3082 singularia,
1329 3012 1361 3065 ut
1382 3013 1483 3066 noster

187 3110 282 3182 pater,
306 3111 407 3165 uester
429 3111 528 3182 pater,
551 3122 621 3166 suus
643 3113 739 3183 pater.
783 3104 842 3165 Sed
865 3104 912 3166 hic
935 3103 1031 3181 aliqua
1053 3107 1186 3184 quaestio
1209 3106 1317 3176 oritur,
1347 3113 1379 3166 ut
1403 3105 1482 3166 Vir·

186 3202 308 3281 gilius
330 3204 429 3264 llaro
453 3202 539 3263 dixit:
564 3222 644 3265 cum
667 3205 826 3267 dicimus
848 3223 947 3266 meus
970 3212 1055 3266 tuus
1076 3223 1165 3266 suns
1188 3215 1315 3267 noster
1339 3215 1483 3277 uester,

188 3306 400 3383 quaeritur,
431 3324 535 3385 quam
563 3306 714 3367 tertiam
737 3324 931 3386 personam
954 3305 1014 3367 bie
1035 3324 1176 3385 ponere
1205 3306 1379 3368 debemus
1401 3307 1482 3387 plu·

148 3406 261 3472 sorali
283 3424 449 3468 numero.
494 3405 580 3469 Nulla
603 3409 682 3468 enim
704 3409 779 3469 ratio
802 3410 833 3468 in
856 3407 913 3468 boc
934 3407 1001 3468 loco
1024 3410 1185 3478 inuenitur,
1209 3426 1265 3488 qua
1283 3409 1399 3469 tertiam
1414 3428 1483 3488 per·

187 3524 290 3568 sonam
322 3509 431 3568 iterum
469 3510 580 3569 resumi
617 3508 927 3588 inreprehensibiliter
960 3527 1047 3588 posse
1082 3509 1129 3571 uel
1164 3508 1275 3570 debere
1303 3510 1368 3589 quis
1396 3509 1483 3573 dicat.

188 3607 367 3670 Nonnulli
393 3618 516 3670 tamen
544 3628 610 3689 pro
633 3609 791 3690 quodam
814 3608 914 3692 solall
932 3612 952 3671 i.
971 3608 1051 3673 115·
1069 3608 1147 3693 lltio
1169 3610 1419 3673 scribentium
1443 3630 1483 3672 ac

188 3707 393 3788 legentium
416 3711 564 3771 tertiam
581 3729 777 3791 personam
800 3710 915 3782 illam,
934 3730 1040 3792 quam
1063 3715 1098 3774 in
1122 3713 1309 3792 singulari
1332 3731 1483 3774 numero

258 3862 400 3924 lquednm
469 3864 630 3925 decessibus,
647 3866 685 3914 eie
701 3879 801 3929 semper
818 3864 865 3915 boc
882 3866 937 3914 loco
995 3862 1060 3913 Sunt
1077 3862 1156 3929 enim]
1176 3866 1210 3928 cs.
1230 3865 1396 3927 Omnsrednm
1413 3868 1486 3930 opud

188 3928 286 3980 Maium
301 3946 328 3992 p.
347 3933 380 3980 27
398 3937 450 3981 not.
470 3934 500 3981 3:
527 3932 572 3981 sed
591 3932 716 3998 Virgilius
743 3932 805 3982 dicit
826 3933 897 3995 quod
923 3931 993 3982 cuins
1016 3942 1041 3981 et
1063 3943 1164 3981 nostras
1191 3943 1297 3998 excepto
1325 3935 1483 3983 nominatiuo

188 3997 323 4058 utriusque
340 3999 438 4047 numeri
457 3998 568 4061 reliquos
593 4015 643 4048 non
667 4000 761 4050 lmbeut
782 4015 872 4062 casus,
897 4011 924 4048 ut
941 4001 1012 4048 cirins
1031 4010 1056 4048 et
1073 4011 1175 4049 nostras
1194 4010 1219 4049 et
1237 4000 1366 4066 pluraliter
1387 4003 1483 4051 cuiates

187 4074 324 4114 nostrates.
355 4066 407 4115 Hic
424 4068 501 4129 tpitur
518 4070 587 4118 locres
605 4084 654 4118 non
672 4069 708 4117 ad
723 4070 858 4132 epistolas,
875 4070 924 4117 sed
940 4070 976 4117 ori
991 4071 1113 4131 epitomas
1135 4067 1239 4131 Vtrpttn·
1272 4069 1406 4119 ertinedot.
1468 4072 1484 4119 4

186 4133 260 4181 cirins
279 4134 319 4181 cui
371 4134 452 4183 biter
469 4135 526 4183 cuin
545 4135 602 4200 cuiq
615 4147 640 4185 et
652 4137 736 4185 cuium
749 4137 789 4184 cni
802 4137 841 4184 cui
894 4135 993 4201 direlus
1028 4135 1077 4202 lmli
1113 4085 1270 4201 bolilrellml
1290 4136 1483 4203 Vdipue‘ellus’

187 4205 236 4249 etc.
256 4202 393 4263 tepentium,
412 4203 449 4262 cf.
460 4203 533 4263 infra
547 4204 649 4266 Virpilii
660 4204 754 4253 Amani
764 4210 890 4267 excerpto
901 4206 997 4254 codicis
1009 4203 1151 4253 Bernensis
1163 4204 1246 4266 ress.
1258 4207 1308 4253 21·
1369 4207 1384 4255 'i
1397 4204 1483 4269 belum

187 4266 286 4316 buelins
300 4267 365 4317 baeli
384 4267 494 4318 iraelinm
546 4271 562 4319 8
580 4270 699 4319 lraeccum
718 4270 796 4336 bpcoo
813 4271 893 4337 bpcco
906 4270 986 4337 hecco
998 4272 1029 4319 nb
1042 4271 1120 4336 becco
1176 4270 1281 4337 dhaem
1292 4272 1395 4321 (latinus
1408 4272 1484 4336 hocce

186 4335 333 4385 aecusatiuo
352 4334 454 4402 beccam
474 4339 607 4386 uocntiuus
626 4352 683 4387 eece
700 4339 826 4388 ablaticus
846 4353 904 4387 ecco
986 4342 1017 4389 10
1035 4349 1121 4387 curant
1178 4336 1305 4404 Donatus]
1323 4357 1351 4403 p.
1370 4341 1429 4397 380,
1449 4342 1484 4390 30

189 4406 221 4453 14
238 4414 323 4453 autem
342 4413 410 4454 totus
492 4402 735 4470 lrrompeius1p.
755 4409 816 4466 203,
836 4407 923 4458 Μ.
993 4407 1024 4456 18
1042 4406 1181 4471 possedere
1251 4409 1282 4457 19
1300 4407 1366 4456 enim
1384 4407 1450 4455 doco

188 4485 244 4520 mea
262 4471 359 4534 aliquid
377 4472 525 4538 possedere.
605 4475 635 4521 21
656 4470 804 4537 monilesto]
826 4475 940 4539 Pompeii
957 4473 1035 4523 uerbo
1051 4477 1177 4536 paululum
1195 4477 1299 4525 demota
1315 4481 1382 4526 sunt.
1451 4476 1484 4524 2⁷

187 4539 288 4601 questio
341 4540 466 4605 Virgilius
479 4537 565 4604 lituro]
585 4542 656 4606 efip.
667 4544 701 4591 25
713 4543 754 4594 ed.
766 4542 840 4591 Μαίἰ.
910 4543 1074 4603 sequentur
1142 4543 1176 4592 30
1187 4540 1261 4590 Nulla
1274 4539 1353 4608 enim]
1374 4543 1485 4591 maxime

187 4621 244 4655 eum
264 4606 358 4656 nullam
378 4610 500 4657 rationem
518 4607 567 4657 boc
583 4608 639 4657 loco
658 4609 802 4671 inueniant,
824 4622 875 4670 qno
894 4618 996 4658 seruent
1018 4610 1117 4658 tertiam
1135 4623 1272 4673 personam
1291 4626 1337 4660 nec
1355 4610 1482 4676 praesumi

187 4674 441 4739 irreprehensibiliter
458 4677 543 4740 possit
560 4675 599 4724 nel
618 4676 708 4725 debent
729 4677 776 4725 Vir
794 4677 851 4726 ilius
869 4674 943 4727 nteit.
1046 4679 1077 4728 st
1101 4675 1314 4726 inrehensibiliter
1401 4679 1433 4728 32
1451 4675 1484 4724 ud

188 4743 318 4807 egentium
399 4746 432 4795 33
449 4756 526 4805 quam
544 4743 570 4793 in
588 4743 712 4809 singulari
730 4692 793 4810 stol
812 4759 858 4809 pro
877 4760 927 4809 qua
945 4743 1068 4811 pluralem
1087 4759 1257 4812 posueramus
1279 4746 1400 4811 Virpiiius
1417 4743 1486 4795 Maii
