3420 5378
580 277 620 330 ru
637 278 723 330 non.
742 278 868 331 ternu
885 280 1066 332 munaum.
1408 282 1472 347 213

175 466 204 528 ·i·
227 465 376 529 semideus
399 473 428 526 et
448 464 628 535 semihomo;
652 475 794 547 exparte
817 469 909 548 patris
932 467 1020 539 deus,
1044 477 1074 530 et
1095 487 1130 529 cx
1154 449 1248 531 matre
1270 469 1367 532 homo.
1412 470 1471 533 Fi·

174 569 259 630 dius
287 586 342 648 pro
371 567 464 637 lilius;
493 570 607 646 antiqui
634 569 713 630 enim
737 569 754 629 d
777 589 832 649 pro
856 568 864 629 l
888 569 1052 649 ponebant,
1081 572 1158 632 sicut
1184 572 1274 633 sedda
1303 591 1358 652 pro
1386 572 1467 634 sella.

174 669 226 731 Vel
255 671 382 732 ‘medius
411 671 508 733 lidius'
537 670 649 732 dicitur
678 673 761 749 quasi
790 671 853 731 dios
880 671 972 741 lilius,
1003 673 1032 731 ·i·
1056 673 1135 734 louis
1162 673 1248 735 lilius.
1294 672 1364 734 llius
1390 677 1469 736 enim

173 773 288 835 Graece
309 772 389 835 louis
418 772 528 833 dicitur
554 772 602 834 uel
632 772 729 835 clarus
758 773 869 834 Latine.
914 775 1018 836 Castor
1041 783 1070 835 et
1092 773 1195 837 Pollux
1219 775 1277 836 duo
1300 775 1350 837 lilii
1372 776 1470 838 Ledae

145 876 309 944 aruerune
341 872 443 936 Pollux
474 877 539 937 cius
566 874 644 936 lilius
673 875 728 936 luit
755 875 792 935 de
815 876 885 935 lone
914 885 942 936 et
969 876 1036 936 idco
1063 877 1239 937 immortalis
1262 883 1306 937 est
1329 896 1362 937 ex
1386 887 1470 956 parte

170 979 279 1057 patris,
309 976 412 1038 Castor
440 994 512 1036 uero
536 976 668 1038 eiusdem
691 977 769 1037 filius
790 976 826 1037 de
849 977 988 1057 Tyndaro
1011 979 1079 1047 luit.
1109 979 1162 1039 sed
1185 976 1304 1048 Pollux,
1332 981 1382 1060 qui
1406 990 1471 1041 erat

170 1077 362 1147 immortalis,
395 1077 497 1138 diuisit
519 1077 772 1140 immortalitatem
796 1096 863 1139 cunr
887 1080 979 1141 tratre
1002 1098 1055 1141 suo
1079 1087 1108 1140 et
1130 1082 1320 1142 miseratione
1344 1080 1469 1142 deorum

171 1179 306 1242 translati
333 1189 403 1240 sunt
432 1180 462 1238 in
491 1177 604 1240 caelum
634 1182 711 1240 inter
740 1179 812 1240 deos
831 1176 845 1264 ΙΙ
863 1176 968 1256 12917.
1018 1180 1087 1242 ldeo
1117 1191 1261 1244 uocantur
1288 1183 1411 1243 semidei
1440 1192 1470 1243 et

169 1281 390 1345 semihomines
442 1280 584 1341 llercules
618 1299 690 1341 uero
723 1281 854 1342 eiusdem
885 1281 964 1343 louis
996 1282 1074 1344 lilius
1107 1283 1144 1344 de
1175 1282 1337 1354 adulterio,
1372 1286 1403 1344 ·i·
1433 1284 1470 1345 dc

130 1397 157 1437 1⁰
170 1402 266 1447 uxore
281 1381 502 1462 Amphitryonis
519 1382 697 1443 fortissimus
713 1384 803 1460 Gigas
819 1384 884 1444 luit.
916 1382 950 1443 ll.
965 1383 1008 1443 lla
1033 1384 1123 1444 mihi
1145 1385 1327 1461 eligendi,
1348 1389 1379 1446 ·i·
1393 1404 1469 1466 quae
1482 1404 1532 1451 scr,
1546 1405 1572 1443 so

169 1485 347 1547 electionem
372 1485 547 1562 significant.
594 1486 635 1544 Vt
655 1486 797 1563 potius,
822 1485 889 1545 uolo
912 1483 1011 1563 legere
1034 1503 1121 1564 quarn
1144 1488 1260 1565 uagari;
1284 1497 1314 1548 et
1329 1496 1375 1548 est
1389 1505 1532 1553 com-sor,
1546 1506 1569 1545 er

169 1588 335 1668 paratiuum
358 1604 374 1645 a
398 1587 528 1653 nomine,
553 1585 631 1664 quod
656 1595 701 1647 cst
716 1587 819 1664 ‘potis'
841 1584 1059 1650 indeclinabile.
1108 1589 1228 1656 Immo,
1253 1590 1293 1649 ita
1316 1596 1376 1658 est;
1399 1588 1468 1650 inde

168 1691 360 1768 componitur
383 1687 592 1767 ‘quinimmo',
616 1688 645 1746 ·i·
662 1706 717 1747 cur
741 1706 800 1747 non
823 1689 936 1767 potius:
961 1690 1056 1768 ‘quin'
1079 1708 1152 1749 uero
1175 1708 1230 1769 pro
1253 1691 1299 1750 ‘ut
1320 1694 1391 1750 uon'
1415 1710 1468 1770 po·

169 1793 264 1860 nitur,
298 1797 332 1851 ut
359 1787 431 1848 ‘noli
461 1790 597 1849 omittere
626 1789 696 1864 quin
725 1790 837 1858 lacias'‚
868 1791 897 1848 ·i·
927 1798 1040 1850 utnon
1065 1790 1162 1852 iacias.
1208 1789 1339 1860 Simul,
1364 1791 1468 1853 sedent

128 1894 315 1961 uulneres
350 1909 434 1960 una,
469 1888 665 1951 recordantur
695 1892 828 1951 maiores¹
874 1890 960 1950 ‘Vna’
984 1898 1137 1951 accentum
1161 1890 1251 1953 lrabct
1279 1894 1307 1952 in
1331 1892 1403 1961 line,
1428 1911 1466 1953 ne

169 2002 290 2074 putetur
311 2010 420 2054 nomen
444 2009 519 2052 esse.
564 1990 798 2052 Prohibendi
822 2001 941 2062 utne,
966 1994 1071 2060 faciam
1095 2001 1140 2053 est
1163 2002 1192 2053 et
1208 1996 1466 2072 interrogatiuum

167 2095 286 2177 quando
300 2114 355 2176 pro
371 2093 515 2173 numquid
532 2095 662 2172 ponitur,
688 2102 719 2153 ut
742 2093 932 2161 ‘lecistinei',
957 2095 986 2152 ·i·
1011 2093 1166 2174 ‘numquid
1191 2095 1317 2156 l'ecistil’
1353 2096 1390 2157 Et
1412 2115 1467 2177 pro

168 2199 214 2259 ‘ut
241 2202 312 2258 nou'
342 2198 477 2276 ponitur,
507 2204 540 2257 nt
564 2194 644 2273 ‘lege
674 2214 711 2255 ne
739 2195 884 2274 uapules'.
929 2195 982 2256 Est
1009 2203 1038 2254 et
1065 2197 1299 2274 increpatiuum,
1329 2206 1361 2258 ut
1383 2199 1467 2260 ‘tune

166 2298 320 2360 crueutcl’
341 2332 385 2343 —
406 2296 538 2358 Euentus
567 2307 596 2358 et
626 2297 765 2358 lortuitus
794 2305 853 2366 est,
884 2296 1002 2377 quando
1030 2298 1150 2358 fortuita
1181 2316 1228 2358 res
1257 2297 1356 2361 subito
1380 2300 1465 2363 nobis

125 2401 310 2470 moccurrit
332 2407 371 2460 ut
394 2398 492 2459 torte
514 2398 573 2458 uel
595 2400 773 2465 fortuitu,
799 2400 899 2460 euenit
922 2397 993 2458 inihi
1016 2416 1120 2459 aruum
1144 2400 1288 2479 reperire.
1334 2400 1464 2479 Magis,
1479 2421 1567 2470 eoem

167 2501 236 2564 uolo
258 2501 359 2580 legere
383 2519 470 2581 quam
493 2500 634 2561 scribere.
680 2500 776 2575 Tam,
807 2499 1014 2578 aequalitatem
1045 2500 1205 2578 significat,
1234 2509 1266 2562 ut
1289 2504 1367 2562 ‘tam
1397 2503 1465 2563 uolo

166 2603 268 2683 legere
290 2621 379 2683 quam
404 2611 433 2662 et
455 2600 619 2672 scribere’‚,
635 2603 663 2662 ·i·
688 2610 848 2682 utrumque
872 2602 950 2662 uolo.
998 2601 1079 2661 Vnde
1103 2600 1300 2679 Virgilius:

272 2704 356 2766 Tam
380 2706 494 2782 magis
517 2703 581 2765 illa
604 2704 767 2764 tremens
789 2713 824 2764 ct
847 2703 1024 2765 tristibus
1047 2703 1165 2764 ollera
1190 2704 1351 2766 llammis

273 2806 382 2878 Quam
406 2807 520 2885 magis
543 2806 664 2867 elluso
687 2805 917 2867 crudescunt
941 2806 1122 2882 sanguine
1146 2822 1299 2883 pugnae.

124 2922 153 2962 2⁵
166 2908 326 2972 Sciendum
343 2916 397 2978 cst,
421 2907 498 2988 quod
515 2906 655 2969 aduerbia
672 2916 812 2983 quattuor
828 2907 923 2968 modis
938 2914 1167 2985 componuntur,
1192 2908 1270 2966 sicut
1285 2915 1314 2967 et
1328 2909 1461 2968 uomina:

167 3030 204 3075 ex
226 3010 344 3073 duobus
366 3011 503 3088 integris,
535 3018 567 3071 ut
589 3010 721 3078 indoctc;
753 3028 788 3070 ex
812 3008 928 3069 dnobus
949 3009 1112 3087 corruptis,
1142 3015 1173 3066 ut
1195 3006 1396 3076 sultioicnter;
1427 3027 1462 3070 ex

166 3115 284 3192 integro
301 3121 331 3175 et
352 3118 509 3192 corrupto,
528 3119 560 3171 nt
581 3112 769 3191 insipientem
793 3128 828 3171 ex
851 3118 992 3190 corrupto
1015 3118 1045 3170 et
1066 3110 1197 3188 integro,
1221 3118 1253 3169 ut
1276 3111 1461 3173 sullerenter.
1476 3134 1550 3180 soom

165 3213 354 3279 Aduerbia
377 3212 529 3282 localia,
546 3220 616 3273 sunt
630 3230 705 3291 qnae
722 3214 751 3273 in
767 3211 833 3273 loco
849 3231 912 3273 esse
928 3211 1038 3291 aliquid
1055 3209 1224 3272 ostendunt.
1259 3212 1459 3291 Significa·
1476 3234 1550 3284 uass

166 3318 323 3384 tionem,
348 3317 376 3375 ·i·
394 3313 588 3375 litteraturam
607 3323 636 3374 ct
651 3332 766 3376 uocem.
813 3314 897 3375 Sicut
917 3316 995 3373 enim
1016 3312 1088 3373 dicis
1109 3313 1202 3373 ‘intus
1217 3316 1304 3381 sum’,
1329 3315 1367 3373 ita
1391 3314 1463 3374 dicis

123 3433 153 3473 so
166 3419 259 3478 ‘lutus
274 3422 371 3487 cxeo’,
389 3418 419 3477 ·i·
445 3417 522 3476 loras
538 3416 684 3494 egredior.
730 3416 761 3476 ln
786 3424 927 3492 utroque,
953 3417 983 3475 ·i·
1000 3418 1029 3475 in
1046 3415 1111 3475 loco
1128 3422 1157 3474 et
1178 3412 1214 3474 de
1230 3414 1309 3482 loco,
1334 3413 1462 3476 dicimus

165 3521 271 3581 ‘intus'
291 3515 421 3598 [1301.
467 3517 515 3577 to
539 3517 675 3585 locum.
701 3527 738 3579 ut
761 3520 855 3578 intro
879 3536 920 3576 ao
943 3518 1045 3578 loras
1068 3535 1123 3583 eo,
1148 3517 1178 3575 iu
1195 3524 1320 3593 utroque
1336 3515 1550 3584 ‹licinusnnn

165 3623 236 3681 ‘eo’.
262 3620 318 3680 lsta
335 3621 422 3681 tertia
438 3621 555 3698 species
571 3620 731 3681 motionum
747 3620 901 3698 significat,
914 3621 992 3679 sicut
1008 3628 1037 3680 et
1052 3625 1167 3698 quarto.
1198 3616 1273 3678 lliuc
1289 3625 1319 3677 ct
1334 3617 1459 3680 uerbum

165 3724 329 3803 composite
347 3720 473 3782 dicimus
487 3722 616 3781 ‘introeo
632 3723 679 3780 is'.
704 3722 813 3792 Quarta
826 3739 899 3782 ucro
911 3721 1026 3798 specics
1037 3727 1081 3779 cst
1092 3739 1146 3798 per
1159 3718 1268 3794 locum,
1281 3727 1313 3779 ut
1325 3720 1458 3782 ‘Romam

164 3824 297 3905 trauseo’
313 3841 367 3903 per
383 3824 594 3890 accusatiuum,
617 3825 694 3883 sicut
709 3830 738 3881 et
753 3821 789 3882 ad
805 3821 912 3882 locum.
928 3855 968 3865 -
985 3820 1068 3880 Sicut
1090 3838 1149 3880 uon
1173 3820 1299 3880 dicimus
1322 3821 1356 3880 ad
1381 3821 1459 3882 toras

124 3923 215 3987 ⁸⁶uel
237 3925 267 3985 in
291 3923 385 3990 locas,
414 3925 453 3984 ita
482 3942 541 3984 non
571 3924 698 3984 dicimus
726 3923 762 3983 de
790 3924 870 3984 intus
892 3930 921 3982 et
944 3921 980 3982 dc
1010 3920 1083 3981 loris
1111 3921 1274 3983 secundum
1303 3923 1457 3990 Donatum,

165 4025 276 4088 sedin
300 4025 428 4086 diuina
451 4029 641 4107 scriptura
664 4027 873 4091 inueniuntur,
903 4031 949 4084 ut:
979 4023 1130 4084 deintus
1158 4032 1279 4084 autom
1303 4041 1459 4102 respou-

164 4126 255 4189 dens
277 4126 381 4187 dixit.

223 4216 226 4223 '
666 4227 713 4289 nn
736 4225 955 4288 rnnrrurro.

249 4346 454 4425 l‘articipium,
484 4344 563 4423 quod
586 4349 698 4407 Graeco
721 4363 857 4405 sermone
880 4340 1001 4426 μετοχή
1024 4345 1201 4412 nominatur,
1230 4344 1298 4406 inde
1320 4347 1457 4405 sortitum

124 4463 151 4502 ro
165 4456 210 4509 est
232 4447 422 4517 uocabulum,
446 4447 524 4528 quod
548 4455 661 4526 partem
678 4447 775 4525 capiat
791 4448 919 4508 nominis
934 4455 1108 4526 partemque
1125 4446 1219 4507 uerbi.
1258 4446 1328 4507 Post
1350 4464 1456 4507 nonren

231 4683 364 4734 dtiudaro
434 4686 465 4735 10
483 4682 663 4748 amphitrionis
715 4682 790 4732 michi
859 4684 893 4733 20
910 4681 984 4730 mirlri
1054 4679 1458 4748 22VirgttiusJAen.V11787

162 4754 197 4805 to
213 4750 351 4816 Donatum]
367 4769 395 4819 p.
415 4754 477 4814 363,
497 4754 529 4801 to
598 4753 631 4801 39
647 4765 724 4816 greco
793 4747 939 4802 ΜΕΤΟΚΗ
