3420 5378
649 313 842 367 annotant.
1283 326 1392 380 010111
1437 374 1442 383 ⁸

185 501 263 563 Sunt
278 511 446 580 praetereo
468 500 530 563 loci
551 505 696 581 nonnulli,
719 502 826 579 quibus
847 506 952 566 eodem
973 507 1024 566 uel
1043 506 1148 566 saltem
1168 501 1283 566 similia
1304 521 1392 567 enor-

100 611 214 665 rontur
235 621 273 665 oc
294 622 373 681 quoe
394 622 414 664 u
435 602 539 667 lleila'o
561 607 621 665 uol.
644 606 694 665 IV
714 605 799 666 edito
819 613 899 686 sunt,
918 605 949 679 s.
972 603 1024 666 5⁶:
1057 604 1135 677 Quot
1161 613 1229 666 sunt
1253 612 1393 668 accentus

99 706 131 766 in
154 705 256 767 Latina
279 705 397 784 linguat
434 705 522 775 Octo,
547 714 579 766 ut
601 703 783 784 Seregius
810 706 893 769 dicit:
931 707 1007 769 Sunt
1040 725 1142 768 omnes
1170 714 1309 769 accentus
1337 707 1392 770 La·

100 808 153 868 tini
175 805 238 867 1111
260 816 315 868 etc.
339 841 380 851 -
403 805 511 885 aliquid
537 824 655 867 errores
677 807 791 869 adierat
811 837 853 860 =
877 827 905 888 p.
927 805 1000 878 482,
1016 806 1092 876 914:
1116 808 1136 869 1.
1158 805 1215 869 6⁸:
1238 808 1392 881 Quomodo

78 906 241 970 'differunt
264 906 423 987 (quomodo
436 954 571 971 .......
578 908 587 986 )
609 910 683 970 istae
706 920 767 970 tres
789 912 819 970 in
841 912 987 972 sententia
1011 909 1087 989 apud
1110 909 1247 972 Latinos?
1284 910 1392 973 Sere·

99 1012 182 1089 gius
212 1011 304 1089 (corr.
328 1010 458 1090 Sergius)
488 1009 574 1070 dicit:
612 1009 682 1071 item
714 1010 862 1072 distinctio
892 1021 1028 1092 putctum
1057 1013 1185 1090 positum
1206 1021 1393 1093 —propter

98 1112 324 1192 respirationem
352 1140 394 1162 =
421 1130 450 1191 p.
478 1107 555 1186 484,
579 1108 619 1173 21
644 1112 683 1183 11,
717 1115 771 1174 sed
797 1116 827 1173 in
857 1115 927 1176 cod.
957 1114 1109 1175 Bernensi
1133 1117 1155 1175 t.
1185 1121 1223 1175 28
1250 1115 1391 1176 ‘litterae’

97 1216 173 1276 bene
194 1212 333 1276 omissum
355 1222 399 1275 est
422 1212 475 1289 (cf.
498 1210 540 1275 29
562 1212 702 1275 adimam
727 1222 840 1292 partem
859 1216 1041 1294 semiplenae
1064 1216 1213 1285 orabonis,
1237 1212 1279 1277 30
1301 1214 1393 1295 adpo·

99 1318 186 1377 situm
210 1316 322 1375 mediae
344 1315 517 1394 sententiae)
540 1325 570 1376 et
587 1322 622 1374 29
643 1315 836 1392 ‘sareptenae
857 1316 1037 1379 sententioe'
1060 1315 1203 1380 acubitur
1212 1337 1273 1395 pro
1296 1319 1392 1379 ‘semi-

95 1421 207 1494 plenae
229 1415 399 1478 orntionis’.
445 1416 593 1478 Secuntur
614 1415 755 1493 reliquo:
783 1420 885 1479 Vtrum
915 1419 1039 1480 eandem
1068 1419 1211 1480 rationem
1234 1417 1394 1481 obseruant

98 1522 175 1581 istac
198 1529 258 1579 tres
279 1520 310 1579 in
333 1519 483 1579 communi
506 1506 644 1579 sermone
667 1519 747 1578 etin
772 1521 885 1581 metroi
924 1519 1103 1599 Seregius
1125 1520 1266 1582 ostendit:
1290 1523 1392 1584 Scien-

99 1620 169 1681 dum
198 1628 312 1686 autem.
341 1621 419 1698 qnod
447 1621 477 1680 in
507 1618 632 1681 lectione
662 1622 732 1681 texti
759 1654 801 1665 —
828 1639 910 1683 arma
940 1623 1097 1703 uirumque
1124 1640 1198 1683 cano
1220 1624 1325 1685 Troiae
1351 1650 1393 1675 ω

99 1741 129 1801 p.
150 1717 229 1792 484,
251 1719 294 1783 30
317 1756 353 1764 -
377 1718 455 1790 485,
479 1719 497 1782 1
522 1719 561 1800 (p.
584 1719 663 1792 484,
687 1720 726 1784 31
756 1723 907 1784 sciendum
931 1733 1030 1785 autem
1049 1720 1054 1808 Ι
1073 1726 1144 1787 texti
1164 1722 1169 1808 1
1188 1724 1365 1804 perehiodes
1385 1723 1391 1808 Ι

98 1821 141 1885 32
163 1824 341 1902 praesidium
368 1825 462 1884 tenuit
484 1822 580 1904 palatii
602 1824 673 1884 nihil
698 1823 817 1904 uigiliae
841 1823 938 1894 urbis;
967 1843 996 1903 p.
1017 1822 1095 1896 485,
1121 1825 1136 1886 1
1167 1826 1297 1906 singulas
1327 1846 1393 1889 esse

98 1934 197 2006 partes
225 1937 387 1987 nascuntur
452 1922 473 1985 2
501 1933 647 1987 commota
676 1926 752 1988 idest
781 1935 861 1988 esset
888 1934 917 1987 et
980 1924 1001 1988 3
1030 1928 1060 1986 in
1085 1946 1174 1988 uersu
1197 1928 1275 1990 aliud
1297 1939 1328 1990 et
1348 1928 1391 1989 di·

99 2044 218 2088 uersum
242 2029 387 2106 siguificat
448 2023 470 2086 4
493 2025 576 2088 colus
598 2027 704 2089 dicitur
728 2037 757 2088 et
779 2026 856 2108 apud
881 2029 1031 2106 oratiumi
1056 2028 1145 2090 orbes
1207 2027 1229 2090 5
1250 2029 1325 2091 duos
1344 2029 1394 2092 uel

99 2139 160 2190 tres
182 2127 272 2210 pedes
336 2125 356 2189 6
379 2130 526 2190 orationes
549 2139 581 2189 ut
604 2137 648 2189 est
675 2130 705 2189 in
733 2130 879 2209 principio
908 2149 998 2192 uersu
1027 2131 1218 2193 aeneidorum
1242 2150 1322 2194 arma
1345 2134 1390 2193 ui·

98 2249 224 2312 rumque
246 2249 320 2291 cano
343 2231 457 2311 troiae).

184 2331 284 2394 Ceteri
304 2331 401 2408 initur
421 2334 483 2393 loci
495 2331 644 2393 Seruiani
660 2331 726 2394 sn'ue
740 2332 895 2413 Seruiani,
918 2353 992 2410 quos
1015 2336 1053 2395 nb
1074 2335 1163 2396 edith
1178 2337 1314 2423 diuersos
1328 2354 1393 2397 esse

98 2437 182 2511 diui,
204 2443 274 2496 sunt
294 2434 382 2517 11*);

183 2535 205 2598 1.
227 2535 268 2599 8¹³
301 2537 419 2599 Nomini
448 2537 585 2597 accidunt
612 2556 673 2596 sex.
722 2539 824 2598 Vtrum
857 2539 1028 2598 sonauiurus
1060 2545 1141 2599 recte
1174 2541 1230 2601 iste
1257 2538 1392 2614 uerbum,

98 2640 179 2719 quod
207 2639 312 2701 dicitur
342 2638 534 2700 ‘accidunt’i
563 2646 663 2699 utrum
692 2637 872 2700 ‘accedunt'
896 2657 1004 2718 pere,
1032 2658 1069 2699 an
1093 2640 1265 2701 ‘accidunt’
1289 2659 1342 2721 per
1365 2641 1393 2701 it

98 2742 374 2803 Grammaticus
397 2740 540 2810 ostendit,
569 2739 647 2818 quod
672 2758 725 2818 per
748 2740 755 2799 i
779 2738 870 2801 scribi
893 2739 997 2807 debet,
1027 2740 1105 2817 quod
1129 2740 1187 2800 duo
1209 2741 1299 2802 uerba
1324 2743 1393 2802 sim·

97 2843 187 2925 plicia
209 2853 291 2904 sunt:
316 2842 431 2903 ‘caedo’
456 2859 508 2920 per
531 2839 736 2920 diphthongon
759 2842 795 2902 ad
818 2840 1001 2901 caedendum
1024 2844 1154 2920 pertinet
1176 2850 1205 2902 ct
1227 2842 1317 2904 habet
1338 2842 1394 2904 alia

70 2944 192 3011 auerba
215 2944 310 3005 actiua
333 2964 348 3004 a
372 2963 403 3004 so
426 2944 595 3023 conposita,
626 2953 658 3004 ut
680 2943 817 3004 ‘occido’
843 2941 1003 3002 ‘coricido'
1028 2942 1166 3003 ‘abscido
1176 2947 1196 3002 ⁹.
1240 2943 1292 3005 Est
1313 2943 1392 3006 aliud

97 3045 224 3108 uerbum
247 3045 346 3107 ‘cedo'
370 3064 424 3125 per
446 3066 472 3114 e,
495 3045 573 3106 idest
596 3044 691 3121 fugio:
716 3042 805 3104 habet
827 3043 882 3103 alia
906 3043 997 3104 uerba
1022 3043 1165 3105 neutralia
1189 3065 1204 3106 a
1227 3064 1260 3106 sc
1282 3063 1392 3124 conpo-

98 3152 169 3219 sita,
202 3159 235 3209 ut
262 3148 426 3208 ‘succedo'
450 3146 613 3208 ‘abscedo’
636 3145 794 3216 ‘excedo’,
819 3155 849 3206 ct
870 3145 907 3206 ab
932 3167 966 3207 co
991 3155 1034 3206 cst
1056 3150 1243 3228 conpositum
1265 3147 1393 3209 ‘accido’

97 3269 153 3331 per
174 3253 194 3321 i,
217 3249 273 3311 boc
297 3259 341 3311 cst
363 3248 551 3329 adproxinro,
575 3247 653 3328 quod
677 3248 725 3307 hic
747 3247 873 3308 habetur
896 3248 972 3327 apud
998 3249 1157 3319 Donatum,
1183 3259 1214 3311 ut
1236 3250 1308 3312 dicit
1329 3250 1394 3312 Se·

98 3354 242 3432 regius:
287 3353 378 3412 Sunt
407 3361 527 3411 autem
551 3349 683 3419 uerba,
718 3368 870 3428 quorum
905 3351 1135 3429 scripturam
1164 3354 1394 3431 praeterito·

57 3472 176 3521 rorum
199 3453 371 3516 contudit
393 3470 514 3521 error,
545 3460 581 3512 ut
612 3450 739 3511 ‘cedo'
768 3451 964 3511 ‘succedo'
994 3451 1188 3514 ‘abscedo’
1217 3454 1392 3515 ‘excedo'

95 3556 297 3617 ‘discedo':
321 3554 413 3616 haec
437 3550 626 3614 neutralia
649 3562 749 3619 sunt;
773 3554 859 3613 atsi
882 3572 946 3632 per
969 3556 978 3613 i
1001 3554 1240 3625 scribantur,
1269 3558 1394 3616 actiua

97 3659 197 3720 lluut
219 3666 377 3736 excepto
399 3654 561 3735 simplici
584 3652 715 3723 uerbo,
744 3654 839 3731 quod
869 3664 925 3715 est
947 3656 1089 3723 ‘cedo’‚
1114 3657 1208 3737 quod
1232 3666 1394 3735 utroque

97 3760 202 3821 modo
230 3777 296 3840 per
325 3778 356 3829 e;
385 3757 447 3818 sed
477 3755 601 3818 ‘cedo’
632 3754 675 3814 de
703 3755 883 3834 fugiendo
907 3756 1141 3837 diphthongo
1164 3758 1324 3833 carebit,
1349 3757 1392 3819 de

97 3861 302 3923 occidendo
325 3869 444 3922 autem
468 3858 647 3937 reeipiet;
671 3859 725 3918 sic
748 3867 782 3918 et
805 3858 1008 3920 ‘concedo’
1038 3846 1311 3939 indulgentiae*
1327 3878 1394 3940 per

60 3984 118 4029 rae
140 3962 325 4025 scribitur
348 3971 383 4023 et
405 3962 566 4022 actiuum
590 3960 802 4029 inuenitur,
830 3958 920 4021 iicet
941 3979 956 4020 a
980 3961 1201 4040 quibusdam
1224 3961 1395 4024 neutrale
1427 4008 1432 4023 .

100 4075 267 4148 putatum
295 4074 330 4124 at
358 4061 552 4122 ‘concido'
576 4060 619 4119 de
653 4062 889 4136 concisione,
923 4063 1023 4124 idest
1052 4062 1094 4125 de
1123 4064 1396 4126 interiectione

98 4185 330 4195 ———-—·—-——-

165 4253 354 4319 agrauratiens
423 4249 730 4313 liliptorrgorr,sernper
801 4250 829 4296 ll
849 4250 919 4298 acsi
990 4251 1182 4316 13dipt0ngon
1253 4214 1346 4301 16111ἓ

97 4331 269 4408 interiictioue

166 4522 192 4587 1)
215 4523 396 4587 Serginnaium
421 4520 583 4582 reliquiarum
607 4521 687 4569 series
711 4531 841 4586 praeterea
864 4521 969 4570 leliciter
992 4521 1159 4586 locupletatur
1177 4521 1238 4570 artis
1257 4520 1394 4570 Berueusiu

96 4607 240 4656 anonymae
258 4592 313 4642 ioco
332 4590 460 4656 praecinto
480 4589 556 4636 huius¹
575 4588 631 4636 libri
651 4605 677 4654 p.
699 4591 754 4641 135.
775 4591 849 4646 1-3‚
869 4594 920 4650 quid
938 4588 1035 4637 Plinius
1054 4591 1153 4654 ipsein
1172 4600 1259 4654 partes
1279 4600 1392 4653 uocatur,

97 4662 130 4712 el.
148 4663 254 4726 iusuper
272 4676 296 4725 p.
315 4663 356 4719 93,
377 4660 419 4713 14:
445 4658 506 4709 1⁶28.
526 4660 555 4718 4;
579 4658 641 4719 151,
661 4660 702 4706 ut.
722 4659 767 4715 33;
793 4658 854 4715 162,
875 4658 918 4707 19:
945 4658 1002 4719 167,
1023 4658 1046 4707 1.
1082 4657 1168 4707 Adeas
1187 4670 1271 4706 autem
1290 4659 1394 4707 omnino

96 4730 297 4795 disputationem
315 4727 476 4794 peculiariter
494 4727 525 4774 de
544 4724 628 4789 Sergii
648 4724 758 4786 quiedam
782 4737 925 4772 commento
945 4725 1038 4774 inedito
1057 4726 1197 4774 institutam
1215 4740 1295 4790 supra
1313 4725 1393 4791 prael.

98 4799 180 4864 partis
198 4798 219 4845 11
237 4812 294 4861 cup.
314 4797 348 4843 tv
367 4812 392 4860 p.
413 4793 548 4842 ttxxxm
568 4809 622 4854 seq.

135 4898 231 4938 bunun.
247 4906 297 4937 hur.
312 4896 393 4937 svin-n.
1171 4896 1187 4929 ῃ
