3420 5378
405 312 491 365 tura
509 313 532 363 A
550 311 695 364 FLACCO
714 311 825 364 REBIO
844 311 1083 365 CONSCRIPTA.
1292 325 1394 373 cem

104 499 239 581 pilleatus
261 502 369 561 meruit
391 500 546 579 subrogari
562 506 592 560 et
607 519 622 561 a
639 501 785 563 Cicerone
805 501 966 562 ordinatim
989 509 1105 562 sextum
1127 502 1157 561 in
1180 508 1283 561 senatu
1306 500 1395 562 subiit

104 602 211 664 locum.
261 601 353 680 igitur
380 605 449 682 quia
477 601 608 664 habitum
637 603 769 684 corporis
798 603 861 664 eius
889 596 1021 664 breuiter
1052 604 1295 682 perstrinximus,
1324 602 1395 664 libet

104 692 158 785 per
180 701 295 781 singula
318 722 383 765 eum
407 722 501 784 paene
524 704 657 765 membra
679 703 843 783 designare.
888 705 957 766 Erat
986 707 1095 786 quippe
1124 712 1234 766 statura
1263 704 1393 784 pruillus,

105 806 201 886 capite
222 804 350 867 rutundo
371 807 400 867 in
425 807 543 867 modum
569 809 684 868 uesicae
706 810 788 887 porci
812 807 925 889 capillis
947 806 1105 868 admodum
1120 808 1195 867 rasis
1210 814 1240 868 et
1253 806 1395 868 scabiosis

79 915 194 987 satque
216 906 428 971 melancholico
458 908 582 970 humore
610 909 805 970 madentibus.
851 909 937 970 Facie
965 908 1039 969 adeo
1067 910 1192 977 rustica,
1222 926 1282 970 uno
1309 908 1394 970 oculo

103 1006 212 1078 luscus,
235 1009 328 1072 altero
349 1010 456 1091 lippus
481 1010 557 1071 collo
579 1009 683 1090 gracili
699 1019 728 1071 et
743 1027 856 1090 grosso,
879 1009 1010 1072 brachiis
1025 1009 1165 1071 breuibus
1182 1018 1210 1071 et
1226 1013 1393 1082 contractis,

103 1111 231 1190 genibus
253 1110 333 1182 latis,
363 1112 443 1173 tibiis
464 1112 573 1193 oppido
595 1114 687 1174 curtis
709 1120 739 1174 ct
761 1113 885 1191 grossis,
915 1111 1040 1190 pedibus
1068 1111 1134 1173 latis
1163 1119 1193 1172 et
1220 1113 1337 1191 spissis,
1366 1121 1396 1173 et

104 1213 174 1294 rpuid
197 1213 392 1275 irrorandumi
414 1216 511 1276 omnia
534 1213 707 1276 habitudine
730 1233 819 1275 seruo
835 1212 1005 1275 consimilis.
1051 1213 1104 1275 llic
1122 1213 1290 1276 calaumaco
1306 1225 1396 1295 caput

105 1314 209 1377 ioucus
230 1333 321 1397 super
343 1317 447 1395 queuis
469 1317 582 1377 ratione
611 1315 762 1377 consultus
791 1316 922 1378 breuiter
949 1317 1046 1376 omnia
1071 1325 1100 1378 ct
1122 1316 1280 1378 luribundc
1302 1316 1394 1396 expli·

68 1416 201 1487 locabat,
225 1418 263 1477 ita
286 1426 318 1478 ut
339 1436 395 1478 noc
417 1418 533 1496 quidem
562 1437 577 1478 a
601 1417 751 1498 discipulis
777 1418 954 1496 interrogari
982 1418 1112 1481 auderet.
1157 1418 1300 1489 Quocirca
1324 1418 1394 1479 dum

104 1536 194 1600 saepe
216 1519 317 1581 lurore
339 1529 550 1600 perstreperet,
574 1521 683 1600 quippe
706 1522 755 1581 cui
777 1538 882 1583 anaso
905 1521 1074 1582 obscenitas
1096 1520 1244 1581 defluebat
1266 1520 1392 1589 assidua,

104 1627 208 1682 senatu
238 1618 340 1702 pulsus
367 1621 516 1681 crrirrsdam
546 1621 705 1683 macellarii
733 1621 876 1684 famulitio
905 1630 1060 1703 susceptus
1087 1631 1139 1682 est.
1190 1619 1275 1682 tlara
1304 1620 1396 1701 pudet

104 1722 226 1784 relerre.
271 1722 351 1784 Obiit
372 1722 437 1785 Xlll
459 1723 522 1785 Kal.
547 1722 674 1784 ianuarii
697 1730 726 1783 el
747 1725 910 1803 proiectum
934 1732 978 1785 est
1000 1723 1125 1786 cadauer
1147 1726 1211 1784 rius
1232 1726 1263 1784 in
1286 1723 1393 1784 lessam

106 1841 164 1902 quo
187 1826 337 1904 peregrini
359 1826 604 1903 aggregabuntur.

71 1968 96 2007 ¹⁵
193 1960 320 2039 Explicit
341 1960 425 2022 vita
448 1960 566 2022 neunt
591 1960 727 2023 DONA'l'l
750 1960 993 2024 uunuunrttt.

176 2252 187 2299 1
208 2249 317 2383 pileptus
336 2249 468 2300 l'rrdririus
520 2252 650 2316 surrogari
668 2251 801 2303 Fabricius
853 2253 877 2301 in
896 2264 985 2303 serram
1005 2253 1137 2328 Fabricius
1160 2254 1186 2302 in
1204 2262 1319 2302 senatum
1338 2255 1395 2304 rod.

106 2386 402 2451 2lrubitnnacnrporis,
424 2389 546 2451 inmurp.
565 2385 624 2453 epis
710 2392 808 2452 3pcne
898 2389 1056 2445 dsabiosis,
1081 2391 1201 2454 inmnrp.
1219 2385 1238 2451 s·
1257 2404 1300 2438 sca
1381 2393 1397 2439 b

107 2504 292 2568 melnuconico‚
312 2507 337 2555 in
355 2506 458 2569 ortorp!
545 2506 728 2557 seonsnnuus
746 2506 879 2557 Fabricius
946 2508 1028 2574 capud
1116 2510 1146 2557 12
1169 2466 1295 2572 l'amulictiu
1366 2510 1397 2558 13

107 2588 177 2640 Obiit
193 2589 254 2639 xiv
272 2590 326 2640 Kal.
346 2590 478 2640 Fabricius
548 2593 578 2642 ttt
597 2589 780 2643 uflnltn'ttct
