3466 5422
198 277 256 325 Clv
581 260 834 323 Qvnusrtones
854 260 1119 312 unsttttnmcoe

197 455 312 512 mutico
335 454 536 527 coitpmutr'ue
560 453 696 525 epitom:
722 449 770 510 Sic
800 459 830 510 et
859 446 930 509 illud
959 466 1078 529 quoque
1106 448 1185 529 qrrod
1214 455 1318 509 contra
1347 448 1493 510 lulianum

198 554 271 614 dirit
293 554 452 613 Sanctus
475 554 704 630 Augustinus
733 532 944 627 languendi:
974 551 1080 611 ‘llrra
1110 560 1196 610 suut
1224 569 1315 630 quoe
1343 550 1491 620 dicitis,

199 675 292 716 rroua
315 664 401 715 suot
423 673 517 732 (puae
542 654 688 723 dicitis,
720 651 809 714 lalsa
838 662 923 712 sunt
950 671 1042 732 (puae
1071 651 1217 719 dicitis,
1247 656 1339 713 urire
1361 661 1493 733 stupe·

198 777 287 825 mus,
312 776 406 818 ortua
430 774 616 823 cauorrrus,
648 754 739 815 lalsa
763 756 1042 821 sortitiae-imus,
1067 757 1106 814 ita
1130 754 1279 815 transtulit
1301 757 1493 834 interpres

197 863 360 921 Graecos
382 860 558 938 (intrespres
580 857 713 934 grecuslz
743 857 852 917 ‘lliroe
875 867 944 918 suut
966 876 1039 935 ipuas
1062 855 1173 924 dicitis,
1203 874 1299 919 nouae
1326 864 1396 916 sunt
1417 874 1493 937 quas

197 963 310 1027 dicitis,
340 960 431 1020 lolsae
454 968 523 1021 sunt
544 977 617 1039 eluas
646 958 757 1027 dicitis,
790 960 880 1020 miras
907 966 1074 1038 stupemus,
1102 977 1195 1019 nouas
1222 976 1376 1026 canemus,
1404 956 1494 1019 taleas

197 1064 424 1125 conuioeimus’.

282 1166 302 1226 l.
329 1162 387 1225 142
410 1164 489 1224 licet
513 1163 681 1222 donatus
703 1162 793 1223 dicat:
824 1172 1022 1242 separatae
1046 1164 1360 1241 praepositiones
1381 1180 1494 1242 sepa·

197 1270 293 1328 ratis
316 1264 669 1347 praepositionibus
692 1281 761 1325 uon
784 1262 990 1325 rolraereot
1012 1264 1143 1338 (eolre-l,
1167 1264 1266 1324 dirriua
1290 1273 1387 1325 tamen
1410 1264 1492 1325 Scri·

136 1443 138 1447 Ι
197 1378 283 1449 ptura
307 1377 490 1447 postponens
518 1366 586 1427 tolia
615 1365 791 1446 plerumque
820 1367 1034 1445 praepositioni
1061 1368 1308 1445 praepositionem
1332 1368 1434 1445 iungit,
1460 1375 1494 1427 ut

198 1479 242 1531 ost
264 1470 350 1531 illud:
376 1472 444 1530 ‘Aut
466 1478 548 1529 certe
571 1468 700 1546 desuper
723 1476 832 1527 terram
862 1469 970 1546 eripias
994 1471 1051 1527 me’
1083 1477 1125 1527 et:
1156 1466 1264 1528 ‘desub
1286 1469 1371 1529 euius
1392 1468 1492 1548 pede',

197 1571 347 1633 similiter:
372 1571 488 1650 ‘depost
510 1571 645 1630 letantes’
671 1570 829 1648 (letardes).
853 1569 1004 1629 llecerrseo
1020 1568 1123 1630 habuit
1138 1572 1303 1647 antiquitus
1325 1570 1384 1630 duo
1407 1588 1494 1651 prae·

198 1676 283 1735 terita
314 1674 417 1753 (pre-l
442 1674 630 1733 ‘reeenseui’
655 1681 685 1732 et
706 1672 890 1737 ‘recensui’,
919 1673 995 1732 sicut
1023 1671 1136 1732 scilieet
1166 1671 1289 1732 ‘aboleo
1318 1670 1435 1733 alroleui
1463 1682 1494 1733 et

198 1775 325 1837 alrolui’:
350 1796 366 1837 a
389 1793 531 1835 recenseo
555 1776 698 1835 remansit
721 1776 927 1847 recensetus,
952 1782 983 1833 ut
1006 1773 1043 1833 alr
1059 1772 1137 1833 oleui
1160 1772 1327 1844 ‘alroletus',
1351 1774 1394 1847 cf.
1412 1775 1491 1835 don.

193 1899 227 1959 p.
253 1886 317 1952 itit,
345 1886 378 1938 te
400 1887 428 1938 et
451 1881 488 1937 de
506 1880 664 1952 postremis
680 1894 716 1953 p.
744 1882 807 1949 teo,
836 1883 878 1936 tt.
905 1883 948 1936 13.

282 1983 462 2041 Posteriores
484 1986 634 2040 tractatus
656 1980 732 2038 lreec
753 1986 838 2038 simt:

282 2084 300 2143 i.
325 2079 386 2143 63¹³
416 2082 549 2160 Hymnus
578 2080 702 2159 (portius)
733 2077 780 2139 ille
809 2080 862 2139 iste
891 2080 1046 2139 confessor
1078 2080 1115 2139 de
1145 2079 1243 2141 nmltis
1271 2079 1493 2143 confessoribus

199 2194 276 2245 totus
299 2183 417 2261 plaeere
440 2182 543 2251 debet;
568 2189 710 2242 attamen
727 2180 763 2241 de
779 2179 927 2241 nourrullis
944 2199 1002 2241 nou
1026 2182 1163 2241 inmerito
1186 2200 1291 2242 uersus
1306 2182 1354 2243 ille
1370 2192 1493 2263 propter

192 2287 388 2347 'uiolationcm
412 2285 546 2345 ueritatis
566 2289 644 2344 totus
667 2280 804 2362 displicet
824 2280 847 2362 †
871 2282 1045 2342 adsacrum
1069 2286 1169 2349 cuins:
1194 2284 1241 2344 trix
1266 2285 1342 2345 enirn
1366 2285 1402 2346 de
1425 2287 1493 2365 qui-

198 2388 320 2449 busdam
344 2388 376 2447 m
398 2387 428 2447 iu
451 2403 528 2445 anrro
551 2384 628 2464 qtrod
652 2385 682 2446 io
706 2404 741 2445 eo
763 2383 937 2464 perhibetur
960 2386 1141 2464 frequenter.
1180 2384 1271 2463 Igitur
1294 2395 1344 2446 aut
1365 2386 1402 2447 de
1425 2388 1492 2449 tali·

198 2491 253 2550 lrus
279 2490 329 2550 ille
360 2500 466 2549 uersus
494 2487 674 2549 omittendus
702 2497 745 2548 est
772 2487 904 2566 penitus.
935 2495 985 2547 aut
1007 2486 1165 2547 dicendum
1188 2486 1277 2547 corda
1302 2487 1492 2567 languentum

198 2592 425 2671 (languentium)
451 2597 500 2649 aut
522 2589 695 2668 spiritaliter
719 2597 761 2649 cst
784 2588 821 2648 de
846 2587 990 2649 membris
1012 2597 1078 2657 eto..
1102 2588 1145 2661 rs.
1164 2608 1199 2665 p.
1227 2597 1291 2663 tid,
1319 2598 1364 2652 17.

232 2698 236 2707 '
282 2695 300 2754 l.
324 2690 385 2754 66ἃ
407 2692 556 2753 lletuelrat
578 2691 712 2752 llerodes
734 2690 894 2751 lolramuun
914 2687 939 2748 i.
964 2690 1153 2750 manifestum
1171 2692 1249 2751 cuitu
1270 2694 1378 2753 lactum
1397 2692 1493 2754 luerat

199 2816 306 2858 nomeu
330 2798 394 2856 eius
418 2793 456 2854 ob
480 2795 605 2872 iusignia
621 2794 782 2853 uirtutum:
804 2802 961 2871 propterea
981 2790 1139 2852 torrebatur
1156 2790 1263 2873 lllunr].
1303 2794 1409 2856 Nescio
1425 2796 1493 2872 quis

198 2901 285 2960 istum
309 2916 427 2959 uersum
453 2897 571 2965 lecerit,
600 2897 662 2955 scio
686 2904 798 2962 tameo,
829 2894 906 2971 quod
936 2893 1063 2955 Sanctus
1086 2894 1230 2955 lohannes
1252 2898 1379 2974 iusignia
1404 2898 1492 2957 mira-

198 3002 333 3062 culorum
361 3017 420 3059 troo
449 3000 556 3076 egerit.
592 2996 718 3058 'Nullum
755 2999 834 3057 euim
868 2995 994 3056 debilem
1023 2998 1212 3056 infirmumue
1247 2999 1362 3058 curauit
1395 3016 1492 3076 ireque

199 3101 394 3182 corporaliter
416 3099 543 3178 alitprem
566 3101 695 3168 sanauit,
724 3097 901 3178 spiritalium
930 3107 1027 3158 taureo
1058 3099 1199 3158 uirtutum
1222 3099 1350 3159 efficacia
1381 3102 1490 3211 (etia)

175 3207 357 3284 praecipue
380 3205 466 3264 nituit
488 3210 574 3280 atque
598 3200 730 3261 radiauit.

284 3304 303 3365 l.
328 3302 388 3366 ilb
413 3307 465 3377 (de
487 3307 617 3365 dictione
639 3305 733 3365 ‘arturit
756 3307 786 3363 in
808 3304 945 3362 meniem’
970 3305 1105 3376 crpitum:
1134 3301 1218 3372 Quod
1248 3310 1277 3362 et
1305 3303 1400 3381 ipsum
1429 3303 1490 3364 sole

200 3409 308 3469 clarius
338 3408 366 3467 in
396 3406 488 3467 uerbo
517 3407 647 3466 ‘miror’
673 3406 787 3482 (nrinor
815 3406 917 3483 rod),
946 3402 1023 3481 qtrod
1053 3405 1152 3482 posuit
1180 3405 1244 3482 ipse
1273 3403 1490 3466 Priscianus

200 3512 267 3587 (ipsi
290 3511 433 3589 priuanus
454 3506 550 3582 eod),
580 3525 761 3586 cognoscere
784 3524 954 3584 possumus:
985 3506 1024 3565 ait
1054 3506 1130 3566 euim
1153 3504 1258 3565 ‘rniror
1282 3506 1389 3583 (minor
1410 3508 1491 3585 cod.)

200 3610 293 3672 illum’
319 3620 347 3671 et
370 3610 468 3693 ‘illius’
494 3619 522 3670 et
544 3609 699 3679 ‘illo’,·ut:

665 3725 794 3788 llolom
818 3727 1003 3787 mirantur

201 3817 331 3897 (urirauti
353 3816 433 3890 cod.)
458 3823 499 3874 et:

313 3916 514 3977 lustitiane
537 3916 641 3995 prius
665 3912 742 3993 (plus
763 3914 840 3991 eod.)
865 3916 979 3974 mirer
1002 3903 1142 3974 belliue
1166 3914 1333 3976 laborum
1356 3950 1398 3959 -

201 4021 259 4093 (es.
283 4022 380 4080 Prisc.
405 4022 441 4080 II
458 4038 492 4098 p.
517 4024 586 4092 ate,
612 4023 725 4085 e-13;
756 4017 845 4090 i'erp.
869 4020 944 4077 Auri.
963 4016 1007 4093 Il,
1025 4024 1079 4086 3.⁹;
1102 4018 1160 4092 XI,
1181 4023 1251 4093 120)
1275 4019 1380 4079 ‘miror
1396 4020 1491 4081 illum'

200 4120 313 4204 (minor
335 4125 412 4199 cod.)
436 4122 535 4201 posuit
557 4119 685 4197 proprie,
712 4119 817 4176 ‘miror
840 4118 929 4178 illius'
960 4119 1092 4195 figurate.
1137 4119 1250 4179 ‘lliror'
1276 4137 1394 4200 (proque
1417 4120 1490 4181 ‘illo’

200 4224 337 4292 resolute,
362 4222 440 4282 unde
461 4220 485 4303 †
507 4238 621 4298 negetis
645 4219 839 4297 (genetiunsil
864 4218 913 4280 ille
936 4220 991 4299 pro
1014 4221 1196 4281 nominatiuo
1220 4229 1278 4282 stat
1299 4221 1376 4301 apud
1400 4224 1491 4283 ltoe·

201 4327 289 4385 tium
314 4323 451 4403 (boetiam
468 4323 547 4401 cori.)
573 4324 654 4380 iuxta
678 4320 864 4380 traditionem
884 4321 1135 4395 (irretraoiuooon
1151 4327 1229 4399 cori.)
1255 4327 1387 4385 eundum
1404 4324 1492 4385 tutos

200 4429 343 4507 tenuioris
372 4426 461 4500 (euml
489 4425 568 4485 lruue
602 4425 745 4501 temporis
773 4424 856 4499 cod.)
893 4422 1058 4484 hominum:
1094 4427 1152 4485 ‘uti
1186 4444 1266 4486 rirtoc
1296 4428 1403 4486 ruentis
1430 4429 1491 4487 es’.

200 4532 288 4590 ¹»liunt
312 4530 388 4588 euim
414 4526 496 4587 uelut
518 4534 714 4604 exponentes:
743 4528 799 4586 ‘uti
823 4545 900 4586 nuuc
924 4545 1038 4586 rueuror
1061 4530 1115 4601 es',
1139 4545 1205 4588 cum
1231 4529 1267 4587 sit
1290 4528 1490 4591 solummodo:

200 4633 253 4692 ‘uti
281 4649 358 4691 uum
389 4636 516 4688 rrrerrtem
545 4626 662 4702 lralres',
700 4636 730 4687 ut
758 4626 845 4687 illud:
876 4629 938 4705 ‘qui
969 4630 1075 4688 triremis
1104 4637 1148 4687 est
1174 4626 1197 4707 †
1226 4628 1284 4689 duo
1313 4639 1432 4691 corruet
1460 4633 1489 4690 iu

200 4731 332 4793 rriulum'.
