3420 5378
222 320 285 384 210
626 321 862 374 counaurvu
881 321 1125 373 nrusrnnnusn

222 508 366 587 legere,
396 508 464 570 uolo
488 518 517 569 et
540 508 675 570 uolebam
700 509 780 577 beri;
815 510 1025 588 praeterito
1055 510 1223 589 perlecta
1246 519 1280 570 et
1303 508 1524 589 plusquam·

221 613 394 691 perlecto
417 611 571 688 legisse,
597 629 643 671 mc
660 609 740 671 uolui
755 610 821 671 beri
837 619 867 671 et
882 611 1034 672 nolueram
1051 619 1119 671 ante
1134 610 1242 671 multas
1258 628 1368 679 aunem
1392 613 1538 672 luturo'

220 711 356 772 lectum
379 715 434 772 ire
459 713 516 773 ucl
540 711 723 774 lecturum
747 731 844 780 esse,
862 731 885 772 a
903 709 1033 773 nieunle
1049 713 1176 773 crastina
1201 710 1262 777 din.
1288 714 1321 773 ·i·
1340 731 1398 792 ego
1414 713 1523 790 legam.

131 812 406 879 aunemundus
425 812 482 874 uel
498 812 756 893 participialia
780 813 896 875 uerba
919 823 1004 874 sunt
1027 814 1127 874 baec.
1171 813 1250 874 Gero
1272 816 1303 874 ·i·
1321 822 1429 893 porto,
1453 814 1523 875 inde

220 914 401 994 gerundiuus
424 915 530 976 modus
552 915 659 976 dicitur
675 935 690 976 a
706 916 853 993 gerendo,
878 935 913 976 en
930 915 1007 994 qued
1030 914 1139 995 aliquid
1165 923 1271 994 portat.
1316 915 1422 978 Portat
1445 919 1545 977 enim⁵

220 1016 275 1078 sub
299 1016 462 1079 litteratura
487 1019 575 1078 actiui
598 1019 748 1097 passiuum
772 1036 890 1078 sensum
908 1014 919 1099 ΙΙ
939 1014 999 1077 124
1015 1016 1038 1098 ll.
1074 1017 1146 1078 lnde
1168 1014 1368 1094 Virgilius:

372 1135 548 1214 Frigidus
570 1136 605 1194 in
630 1137 749 1213 pratis
772 1134 956 1195 cantando
979 1137 1167 1216 rumpitur
1189 1133 1338 1213 anguis,

219 1254 383 1321 cantando,
415 1255 443 1313 ·i·
468 1253 537 1313 dum
566 1254 734 1313 incantatur
762 1252 933 1333 abaliquo.
978 1251 1075 1313 Habet
1097 1261 1126 1313 ct
1148 1255 1279 1315 antinum
1303 1271 1446 1323 sensum,
1475 1264 1519 1317 ut:

624 1354 814 1415 Cantando
838 1363 874 1414 tu
897 1352 1016 1423 illum,

221 1476 254 1515 ·s·
274 1459 422 1527 meruisti,
452 1458 480 1515 ·i·
505 1455 574 1516 dum
599 1463 744 1516 cantares.
790 1456 918 1535 Typicus
942 1454 1047 1516 modus
1069 1455 1186 1531 dicitnr,
1212 1458 1242 1516 ·i·
1266 1458 1431 1535 liguratus,
1454 1461 1550 1539 quien

219 1561 344 1636 figurate
371 1565 469 1637 pnrtat
497 1556 551 1617 sub
581 1556 745 1616 litteratura
774 1557 863 1617 actiui
890 1575 1010 1617 sensum
1038 1558 1199 1636 passiuum.
1223 1559 1302 1618 sicut
1325 1557 1442 1621 dietum
1466 1569 1519 1621 est

220 1660 364 1722 [licuntur
392 1667 422 1719 et
450 1657 662 1738 participialia,
699 1661 727 1717 ·i·
757 1659 920 1737 participiis
953 1658 1061 1719 similia
1095 1659 1185 1719 futuri
1218 1661 1364 1739 temperis
1398 1663 1519 1741 passini.

219 1760 295 1831 tiuid
319 1778 391 1838 ergo
414 1760 502 1821 distat
523 1762 601 1820 inter
624 1761 778 1839 participia
802 1768 831 1820 et
852 1760 1034 1836 gerundiua?
1078 1759 1141 1819 llnc
1163 1758 1265 1828 distat,
1289 1763 1376 1840 qnia,
1402 1762 1519 1838 quando

218 1861 375 1940 gerundini
405 1861 485 1921 modi
513 1869 598 1929 sunt,
627 1863 792 1937 iunguntur
820 1863 936 1922 cunctis
958 1860 1118 1940 generibus
1141 1870 1170 1921 et
1193 1863 1328 1922 numeris
1350 1872 1382 1922 et
1407 1870 1520 1943 tempn-

218 1962 310 2034 ribus,
335 1963 386 2024 sed
410 1961 536 2023 cundem
561 1980 662 2022 casum
686 1960 813 2029 trabunt,
837 1980 926 2042 quem
949 1970 979 2022 et
1001 1960 1138 2030 uerbum,
1162 1979 1251 2039 aquo
1270 1972 1449 2033 nascuntur,
1472 1971 1549 2025 ntus

218 2069 316 2125 ‘cansa
352 2061 468 2141 legendi
506 2062 614 2123 librum
650 2061 775 2131 labere',
812 2064 911 2124 ‘causa
943 2062 1060 2141 legendi
1089 2064 1225 2142 paginam
1254 2046 1384 2133 labnrn’,
1422 2067 1517 2127 ‘causa

218 2165 335 2243 legendi
362 2165 465 2226 lulium
491 2164 617 2225 labnrn’.
663 2164 739 2224 Ecce
762 2167 860 2225 onmia
883 2182 1009 2243 genera:
1038 2163 1177 2242 ‘legendo
1200 2164 1355 2243 Virgilium
1381 2169 1517 2246 paginam

218 2275 247 2327 et
279 2267 381 2326 lulium
410 2268 555 2346 preficio'‚
585 2264 755 2342 ‘legendum
778 2265 956 2326 Martianum
986 2275 1079 2326 artem
1108 2275 1137 2325 et
1159 2266 1298 2327 uelumcn
1324 2269 1442 2329 uenio’.
1484 2267 1517 2328 Et

217 2369 362 2446 significat
390 2370 612 2435 necessitatem,
642 2374 686 2427 ut:
715 2366 883 2444 ‘legendum
907 2374 951 2428 est
974 2367 1046 2427 mibi
1071 2366 1124 2427 tibi
1147 2366 1190 2428 illi
1214 2365 1303 2429 nobis
1327 2367 1419 2430 uobis
1440 2368 1516 2431 illis’.

217 2468 340 2540 Quande
365 2488 435 2529 uero
458 2470 616 2547 participia
639 2476 716 2536 sunt,
741 2486 808 2527 cum
831 2470 893 2529 suis
915 2467 1075 2547 generibus
1098 2470 1230 2529 numeris
1252 2468 1375 2530 casibus
1391 2473 1545 2549 iungam

217 2579 277 2637 tur,
304 2579 348 2632 ut:
376 2571 474 2631 ‘causa
499 2569 615 2648 legendi
637 2567 708 2629 libri
733 2570 828 2628 ueni':
858 2589 928 2629 ecce
952 2571 1114 2648 genitiuum
1139 2589 1206 2632 cum
1229 2570 1380 2648 genitiun,
1405 2590 1515 2633 masau·

216 2674 308 2734 linum
332 2692 399 2734 cum
423 2671 593 2741 masculino,
617 2668 796 2748 singularem
821 2689 887 2732 curn
910 2671 1061 2749 singulari.
1099 2670 1205 2733 ‘Causa
1220 2670 1366 2749 legendae
1384 2674 1514 2753 paginae,

217 2774 332 2853 lugendi
361 2774 422 2835 iulii
452 2776 545 2842 ucni'‚
580 2771 717 2847 ‘legenda
745 2772 821 2833 libro
851 2774 974 2839 insistn'.
1011 2773 1166 2851 ‘legendae
1193 2775 1341 2852 paginae’,
1379 2772 1514 2854 ‘legenda

217 2875 309 2944 lelin’,
340 2877 387 2935 ‘ad
417 2875 574 2953 legendum
600 2873 778 2952 Virgilium’,
808 2874 974 2952 ‘legendam
1001 2876 1139 2954 paginam
1168 2882 1197 2934 ct
1226 2873 1389 2953 legendum
1417 2875 1513 2937 lolium

217 2979 308 3036 ueni'.
353 2977 576 3036 Priscianus
598 2995 671 3036 ucru
693 2976 767 3037 haec
791 2976 881 3037 uerba
905 2977 1067 3055 gerundiua
1092 2977 1164 3037 dixit
1187 2992 1251 3036 esse
1274 2979 1416 3049 nentina,
1440 2976 1543 3056 qundss

217 3085 382 3154 separatam
419 3079 667 3156 praepositionem
702 3079 864 3157 recipiunt,
900 3087 931 3138 ut
961 3080 1002 3136 ‘in
1037 3076 1253 3138 conuertendo'
1287 3079 1331 3138 ‘in
1367 3078 1513 3159 legandn'.

218 3178 346 3240 Verbum
371 3181 450 3239 enim
475 3197 533 3238 uun
558 3179 675 3255 recipit,
703 3181 760 3241 nisi
783 3198 836 3260 per
858 3181 1116 3256 compositionem.
1162 3179 1224 3238 llun
1247 3178 1384 3241 ruembra
1409 3199 1513 3260 gemn-

218 3280 281 3340 diui
304 3280 383 3340 modi
414 3281 510 3341 adbuc
533 3288 754 3348 remanserunt,
779 3280 887 3341 lectum
913 3281 1007 3349 lectu,
1032 3288 1061 3339 ct
1083 3279 1179 3340 locum
1204 3280 1384 3357 significant.
1431 3280 1513 3343 Verbi

217 3384 326 3457 gratia:
357 3383 426 3460 ‘qun
451 3383 586 3461 purgisl'
615 3380 758 3455 ‘lactum’,
793 3383 821 3440 ·i·
853 3381 888 3442 ad
917 3380 1085 3442 lectionem.
1130 3381 1223 3442 ‘Vnde
1247 3382 1375 3442 uenisl'
1405 3383 1512 3451 ‘learnt

218 3483 246 3540 ·i·
271 3483 307 3542 dc
330 3483 469 3544 lcctinnc.
507 3484 631 3543 Ponitur
653 3491 683 3542 et
705 3501 759 3562 pru
781 3485 843 3559 ipsa
861 3501 908 3551 re,
933 3486 963 3543 ·i·
988 3502 1042 3560 pro
1065 3485 1128 3561 ipsa
1151 3484 1275 3552 uisinne,
1299 3483 1409 3569 sicuti
1428 3482 1543 3563 1251&

216 3584 412 3644 ‘ailruirabilis
435 3587 513 3644 nisn'
538 3603 592 3663 pru
616 3584 740 3644 uisiunc.
767 3620 803 3627 -
829 3584 923 3645 Omne
945 3586 1134 3663 participium
1159 3601 1301 3663 praescus
1314 3588 1412 3648 trium
1427 3605 1513 3666 gene·

217 3703 282 3744 rum
307 3694 351 3745 cst
374 3695 403 3745 ct
425 3688 453 3745 iu
477 3685 550 3745 ‹tuas
572 3695 770 3745 cnusnuantes
793 3686 909 3752 (insidit,
934 3688 964 3744 ·i·
989 3688 1018 3745 in
1043 3703 1086 3745 ns.
1131 3685 1253 3765 licliqua
1270 3704 1345 3746 uero
1360 3689 1512 3769 participia

115 3785 336 3846 submonita
365 3794 447 3854 sunt,
477 3789 507 3845 in
535 3806 570 3846 us
597 3788 626 3846 in
656 3806 671 3845 a
702 3788 731 3847 in
759 3805 816 3846 um.
840 3823 881 3830 -
905 3786 1032 3865 chur,
1057 3804 1111 3863 cgn
1135 3787 1171 3846 ab
1194 3786 1307 3866 alique,
1333 3796 1363 3848 et
1393 3789 1511 3870 reliqua.

219 3887 344 3947 Vlterior
371 3887 477 3948 modus
506 3887 630 3964 dicitur,
660 3908 695 3948 en
722 3889 799 3968 quud
823 3888 889 3967 plus
916 3889 991 3949 ultra
1015 3891 1208 3967 praeteritum
1232 3889 1404 3966 perlectum
1426 3890 1511 3968 signi·

216 3989 292 4048 licat.
345 3988 416 4048 Nam
446 3991 639 4068 praeteritum
669 3991 832 4068 perlectum
863 4008 920 4049 nnn
949 4009 984 4049 ex
1014 3998 1074 4049 teto
1103 3998 1149 4049 cst
1177 3991 1389 4068 praeteritum:
1427 3990 1540 4053 babetss

217 4092 294 4148 cuim
319 4092 409 4149 ‘sum’
434 4092 599 4169 prementis
621 4093 773 4169 temperis.
820 4091 945 4151 Vlterior
967 4109 1039 4151 uere
1063 4089 1167 4150 niodus
1189 4091 1247 4151 iam
1270 4089 1331 4152 dun
1353 4095 1512 4171 praeterita

216 4189 318 4260 babet,
350 4198 381 4250 ut
410 4191 504 4251 lectus
532 4192 582 4251 lui.
629 4191 786 4251 Sciendum
815 4199 873 4261 cst,
904 4194 970 4269 quia
994 4195 1093 4252 omnia
1118 4192 1209 4253 uerba
1233 4193 1264 4252 in
1286 4212 1324 4254 or
1346 4194 1511 4257 desinentia

217 4293 245 4350 iu
270 4294 429 4370 practcritn
453 4293 602 4359 deliciunt,
630 4291 680 4351 scd
705 4294 853 4372 accipiunt
875 4292 1113 4371 supplementum
1138 4313 1153 4353 a
1176 4295 1337 4374 participio
1360 4296 1512 4373 praeteriti

284 4583 299 4629 6
320 4578 455 4646 Virgilius]
478 4581 532 4630 Eri.
557 4581 631 4630 VIII
653 4583 682 4629 71
752 4577 931 4645 bilantaudn]
955 4581 1032 4646 Verp.
1047 4582 1104 4632 Ecl.
1122 4581 1172 4632 III
1190 4585 1224 4632 25
1296 4585 1329 4634 18
1347 4580 1512 4652 blartinnum]

215 4647 345 4711 Capellam
362 4649 466 4702 scilicet.
535 4651 567 4698 22
586 4648 724 4713 singularis
793 4650 826 4698 25
844 4646 1003 4714 Priscianus]
1023 4651 1057 4712 cs.
1077 4650 1093 4699 Ι
1109 4667 1135 4715 p.
1155 4653 1217 4713 113,
1236 4653 1269 4701 10
1288 4652 1326 4702 H.
1399 4656 1435 4706 34
1452 4657 1512 4708 Fur·

215 4714 472 4834 §ipseplpcrssdeudmur
499 4731 528 4766 cn
547 4717 614 4778 quud
637 4715 700 4764 uiua
719 4715 785 4766 idest
803 4717 861 4781 plus
880 4732 956 4778 quarn
976 4720 1139 4783 praeteritum
1156 4718 1298 4784 perlectum
1316 4722 1453 4789 significat
