3420 5378
205 285 268 351 218
607 288 841 340 eouunnrvu
859 285 1103 340 ammonemus

207 479 351 538 lormatur
374 477 550 537 interiectio.
594 476 687 553 Igitur
709 477 887 546 interiectio,
912 495 988 557 quae
1003 477 1117 540 Graece
1139 471 1346 556 παρένθεσις
1366 484 1505 548 uocatur,

206 578 242 641 ab
265 579 479 640 interiaciendu
502 595 611 639 nomen
634 579 736 638 sortita
760 587 817 654 est,
841 579 924 659 quia,
948 597 1017 640 cnm
1040 579 1077 640 de
1100 578 1164 640 aliis
1179 577 1317 658 partibus
1339 578 1504 659 loquimur,

205 681 304 743 subito
331 683 483 742 intereas
511 680 692 761 proterimus
719 680 967 742 interiectionem.
1011 681 1094 742 Vnde
1121 689 1151 742 et
1179 679 1255 741 aliae
1281 687 1400 759 partes,
1429 699 1505 760 quae

205 783 301 846 subita
325 802 399 846 uoce
422 784 625 863 proteruntur,
649 781 847 843 interiectioui
862 784 1053 863 deputantur,
1077 790 1110 845 ut
1124 783 1192 863 ‘pro
1207 781 1305 844 dolor’
1322 784 1392 861 ‘pro
1408 782 1504 847 nelos'

206 886 279 947 ‘deo
302 886 441 964 gratias'.
486 885 600 946 Dicitur
623 886 726 955 etiam,
758 891 789 945 ut
811 885 905 953 aiunt,
935 886 1104 946 interiectio
1126 887 1208 965 quasi
1230 885 1380 946 ‘interius
1403 884 1505 944 lacem

205 989 304 1058 ratio’,
334 987 404 1048 dnm
427 1005 485 1048 uox
508 985 683 1066 plerumque
706 985 991 1067 impraemeditatius
1013 988 1144 1048 exterius
1166 987 1300 1064 emergit
1345 983 1526 1056 Quidams

206 1088 281 1149 hauc
320 1087 495 1168 particulam
535 1088 676 1150 aduerbio
713 1089 884 1150 consociare
918 1088 1084 1150 uoluerunt.
1142 1090 1202 1149 Cur
1237 1090 1332 1165 igitur
1369 1086 1503 1148 Donatus

206 1189 317 1251 uoluit?
346 1189 491 1261 Quoniam
515 1189 604 1250 lrabet
625 1208 707 1251 snam
731 1193 958 1271 proprietatem,
982 1191 1059 1250 sicut
1080 1201 1199 1251 ceterae
1221 1195 1337 1270 partes,
1360 1187 1503 1249 uidelicet

206 1294 314 1353 mentis
337 1292 474 1352 allectum
497 1290 663 1353 ostendere.
708 1291 746 1351 Et
765 1291 937 1360 sciendum,
966 1289 1043 1369 quod
1067 1293 1105 1352 ita
1130 1298 1251 1351 manent
1276 1291 1502 1351 interiectiones

206 1394 282 1474 apud
306 1393 471 1462 Hebraeos,
495 1395 571 1454 sicut
592 1402 623 1453 et
644 1392 722 1470 apuu
745 1393 880 1461 Latinos,
910 1401 939 1453 et
961 1411 1020 1453 non
1042 1399 1194 1454 mutantur
1216 1395 1247 1452 in
1269 1389 1336 1453 aliis
1357 1390 1500 1471 partibus,

206 1504 238 1556 ut
261 1495 375 1556 ‘racha’
398 1497 565 1556 interiectio
587 1493 715 1554 dolentis
738 1503 783 1555 est
803 1493 881 1572 apud
911 1493 1062 1554 Hebraeos
1090 1494 1275 1569 significans,
1309 1494 1350 1552 ·i·
1374 1459 1533 1554 demon-¹⁰

205 1606 318 1666 strans,
347 1599 454 1657 mentis
483 1597 634 1665 allectum,
668 1598 708 1656 ·i·
733 1596 924 1657 intellectum.
969 1594 1114 1675 Quicquid
1143 1597 1223 1656 enim
1252 1603 1354 1657 noster
1383 1598 1499 1656 animus

67 1722 88 1763 r·
102 1711 153 1759 ³⁶⁶.
168 1711 191 1750 1⁴
205 1699 293 1768 uelit,
315 1701 381 1759 siue
403 1707 579 1778 erumpente
600 1696 709 1776 gaudio
731 1715 783 1758 seu
805 1696 923 1764 dolore,
946 1699 1154 1758 interiectione
1176 1696 1317 1758 ostendit.
1362 1696 1498 1758 lucon-

67 1810 153 1864 r·³⁶⁶2
168 1800 282 1861 1⁵rlita
306 1818 412 1868 uoce,
437 1803 477 1860 ·i·
500 1797 511 1882 ΙΙ
529 1796 589 1861 138
605 1796 617 1880 ΙΙ
637 1800 804 1861 informata.
835 1798 949 1867 linai,
973 1801 1143 1860 interiectio
1165 1806 1211 1861 est
1232 1796 1401 1877 gaudentis,
1425 1800 1499 1859 sicut

206 1909 235 1962 et
256 1919 347 1979 euge,
371 1909 405 1962 ut
427 1904 462 1961 in
486 1900 699 1978 euangelio:
722 1902 819 1980 Euge
842 1918 951 1962 serue
975 1899 1083 1969 hone,
1109 1903 1140 1961 ·i·
1164 1900 1286 1962 laetare.
1331 1899 1425 1961 ‘Heu’
1448 1900 1529 1961 ali-1⁵

205 2003 323 2083 quando
346 2001 524 2082 duplicatur,
547 2010 580 2062 ut
602 2002 799 2080 Virgilius:

290 2105 365 2170 Heu
387 2103 456 2164 heu
479 2122 582 2183 quam
605 2107 737 2183 pingui
761 2122 882 2166 macer
904 2110 959 2163 ost
981 2103 1073 2164 mihi
1095 2111 1225 2166 taurus
1247 2105 1283 2165 iu
1308 2121 1411 2164 aruo.

205 2206 237 2268 ln
260 2204 530 2274 interiectionibus,
554 2210 585 2264 ut
607 2208 649 2265 ait
672 2205 849 2274 Donatus,
874 2203 946 2266 nulli
970 2208 1046 2265 certi
1069 2214 1140 2266 snut
1160 2214 1317 2271 accentum
1347 2212 1401 2267 aut
1424 2206 1497 2265 enim

205 2306 286 2367 dicas
314 2309 389 2368 enar
416 2312 503 2366 acuto
532 2307 713 2384 paenultimc
740 2307 788 2368 uel
817 2308 889 2369 euax
918 2307 1023 2368 ultimo
1051 2316 1153 2376 acuto,
1184 2306 1264 2368 idem
1293 2314 1348 2368 est.
1397 2307 1448 2368 Sic
1473 2314 1499 2367 et

206 2408 262 2469 lieu
279 2418 309 2469 et
324 2426 399 2485 cuge
415 2415 444 2468 et
460 2424 561 2487 papae.
601 2407 690 2469 ‘ileu’
714 2417 812 2470 autem
836 2408 986 2469 interdum
1010 2407 1245 2490 monosyllabum
1269 2417 1315 2470 cst
1337 2416 1391 2470 aut
1412 2408 1530 2489 ‹tisri-n

205 2510 320 2577 laisum,
344 2512 422 2570 sicut
437 2512 525 2570 metri
543 2511 704 2569 necessitas
719 2512 861 2588 coegerit.
898 2510 1027 2590 1‘Papae'
1051 2513 1163 2572 Graeca
1185 2511 1359 2571 interiectio
1384 2519 1432 2572 est
1452 2509 1499 2571 atl-

205 2613 355 2680 mirantis.
385 2609 463 2671 uncle
486 2618 515 2671 et
537 2629 612 2689 papa
641 2610 750 2672 dicitur
776 2610 955 2689 apostolicos
982 2621 1012 2673 et
1038 2615 1252 2692 iuterpretatur
1277 2611 1498 2674 ‘admirabilis’

205 2714 252 2776 uel
276 2717 373 2792 ‘pater
395 2716 536 2792 patrum'.

391 2814 527 2864 LITORA
546 2813 748 2864 SERMONVM
766 2814 915 2866 Linuvls
934 2814 1172 2867 COMPONIMVS
1189 2814 1295 2867 ISTIO.

274 3068 433 3132 lpar'atesis
505 3072 535 3119 10
553 3067 659 3117 hebreos
732 3071 759 3117 ll
780 3068 887 3118 hebreos
957 3072 988 3119 12
1001 3069 1067 3118 enim
1079 3085 1160 3134 supra
1172 3071 1214 3119 lin.
1285 3071 1318 3120 15
1337 3067 1500 3137 euuangeliol

205 3135 298 3186 Muttlt.
315 3135 394 3184 XXV
407 3137 440 3184 21
511 3139 542 3188 16
559 3133 697 3201 Virgilius]
717 3136 773 3188 Eoi.
787 3136 839 3186 Ill
858 3140 906 3187 100
976 3137 1095 3187 limium
1165 3135 1340 3203 mitorum]
1359 3156 1388 3203 p.
1396 3141 1458 3200 371,
1469 3140 1501 3189 u

206 3206 238 3254 19
256 3203 396 3269 penultimo
464 3201 540 3269 enus]
563 3204 702 3269 Vtrolique
720 3212 839 3255 accentus
855 3207 930 3269 signu
947 3206 1040 3256 omissa
1056 3214 1123 3256 sunt.
1192 3206 1225 3256 20
1243 3220 1312 3271 pape
1384 3209 1417 3257 21
1438 3220 1501 3274 pape

205 3319 279 3370 greca
349 3306 382 3355 aa
399 3292 558 3357 sunrron‘v
576 3277 687 3358 ci'uvrs
