3420 5378
564 315 604 365 IN
620 312 707 366 DON.
724 313 851 366 ARTEM
869 313 1049 369 mulonem.
1388 310 1452 378 253

159 508 193 563 nt
214 499 376 582 ‘lecturio’
398 503 420 562 i·
444 500 543 579 tegere
567 502 678 578 cogito,
703 503 839 562 ‘esurio’
864 505 884 564 i·
908 500 997 562 edere
1027 503 1139 580 cogito;
1167 501 1218 580 qui
1247 503 1326 562 enim
1349 501 1452 569 esurit,

159 602 331 672 meditatur,
354 610 387 664 ut
409 602 579 670 manducet:
608 603 776 680 ‘parturio’
804 605 829 662 i·
853 621 960 682 parere
988 604 1100 681 cogito:
1131 603 1272 682 ‘parere’
1295 609 1341 666 est
1361 603 1451 677 [etum

159 704 179 764 i·
203 710 321 783 parturn
344 704 496 770 emittere,
520 705 706 784 ‘parturire'
723 723 797 765 uero
819 712 888 765 ante
910 711 1027 784 parturn
1050 702 1160 772 dolere,
1185 703 1263 765 unde
1285 706 1321 764 in
1344 721 1452 765 euan-

158 803 276 883 geiio:
306 803 441 867 mulier
463 823 542 867 cunr
564 806 745 882 parturit,
777 806 974 866 tristitiam
999 804 1132 873 habet:
1149 806 1168 865 i·
1192 823 1259 866 curn
1283 804 1364 866 doiet
1384 812 1452 866 ante

133 913 288 986 spartum.
332 906 629 987 Frequentatiua
656 905 750 967 forma
782 906 889 967 dicitur
916 925 932 967 a
955 906 1135 987 frequentia,
1166 906 1245 986 quod
1274 905 1452 974 crebrodt,

159 1014 193 1068 ut
215 1007 349 1069 ‘lectito’
371 1009 392 1068 i·
416 1025 505 1088 saepe
532 1008 607 1086 tego.
652 1007 876 1070 luciroatiua
905 1007 1013 1069 dicitur
1035 1008 1072 1069 ab
1095 1007 1277 1078 inchoando,
1307 1007 1386 1085 quod
1408 1007 1453 1067 in·

158 1107 345 1170 choationem
379 1109 404 1169 i·
435 1110 632 1188 inceptionem
666 1110 828 1187 significat,
870 1117 903 1170 ut
935 1111 1072 1170 ieruesco
1107 1112 1133 1170 i·
1168 1110 1288 1171 ieruere
1329 1110 1451 1188 incipio.

160 1208 337 1278 Sciendum,
374 1211 443 1287 quia
476 1210 606 1271 iionatus
639 1211 669 1272 in
702 1210 748 1270 his
780 1211 884 1272 iormis
920 1218 1034 1273 rectum
1074 1231 1134 1273 non
1174 1212 1269 1272 terruit
1307 1209 1451 1271 ordinem.

159 1309 261 1373 Primo
291 1312 370 1372 enim
397 1312 599 1373 meditatiuanr
629 1310 782 1373 debuisset
804 1330 930 1392 ponere,
960 1312 1093 1374 secundo
1119 1312 1335 1381 inchoatiuam,
1363 1313 1453 1372 tertio

123 1410 340 1492 supersectam,
363 1418 467 1492 quarto
489 1412 755 1493 frequentatiuam,
780 1415 848 1492 quia
870 1416 998 1494 primum
1022 1415 1199 1476 meditamur
1220 1413 1345 1491 aliquid,
1370 1421 1452 1474 ante·

159 1531 246 1594 quam
271 1514 424 1584 iaciamus,
447 1512 555 1574 deinde
576 1514 762 1584 inchoamus,
787 1523 888 1594 postea
912 1511 1233 1598 perficimusn178ti,
1257 1514 1292 1576 ad
1317 1513 1452 1576 ultimum

160 1617 191 1677 in
214 1633 269 1677 usu
292 1617 438 1695 ponimus.
484 1615 543 1676 Sed
571 1614 620 1677 iiie
643 1618 774 1697 imitatus
796 1626 931 1678 naturam
955 1609 971 1678 a
994 1617 1125 1695 perfecta
1153 1616 1318 1684 inchoante:
1346 1624 1452 1677 natura

159 1718 282 1779 enimi·
307 1716 382 1778 deus
409 1736 425 1779 a
452 1719 594 1796 perfectis
622 1720 720 1779 omnia
748 1720 862 1797 coepit:
894 1719 965 1780 iecit
992 1719 1144 1780 hominem
1173 1719 1339 1798 perfectum
1366 1719 1452 1797 quusi
1518 1786 1524 1797 ,

158 1820 191 1880 in
213 1827 309 1881 aetate
338 1819 457 1897 triginta
481 1835 643 1887 annorum;
673 1819 744 1879 iecit
773 1827 803 1893 et
829 1818 967 1881 arborem
996 1837 1054 1881 uon
1078 1821 1219 1882 fructum.
1263 1818 1333 1879 ideo
1356 1818 1453 1880 Dona·

121 1937 146 1980 rs
159 1928 210 1983 tus
231 1940 248 1981 a
270 1921 402 2001 perfecta
426 1922 587 1982 inchoauit.
625 1920 688 1981 Hoc
705 1936 822 2000 quoque
837 1920 1006 1992 sciendum,
1030 1923 1097 2001 quia
1119 1920 1337 2002 frequentatiua
1360 1917 1453 1982 uerba

158 2022 275 2102 primae
302 2021 518 2101 coniugationis
541 2031 623 2091 sunt,
652 2028 685 2081 ut
706 2019 808 2083 lectito
830 2039 878 2091 as;
908 2022 1076 2084 inchoatiua
1105 2024 1228 2098 tertiae,
1256 2028 1289 2082 ut
1315 2022 1452 2082 ieruesco

158 2125 217 2191 cist
246 2122 417 2185 meditatiua
447 2131 517 2184 sunt
545 2129 683 2202 quartae,
714 2131 745 2183 ut
773 2122 907 2184 lecturio.
953 2122 1048 2184 Verba
1070 2142 1144 2185 uero
1166 2124 1317 2203 perfectae
1339 2125 1452 2185 formae

159 2228 293 2287 omniurn
315 2237 386 2285 sunt
408 2225 658 2302 coniugationum.
701 2220 872 2286 inchoatiua
894 2242 954 2286 non
977 2224 1089 2287 habent
1109 2226 1302 2305 praeteritum
1326 2234 1452 2304 tempus,
1467 2241 1595 2296 arpenn

158 2328 244 2407 quia,
272 2343 347 2405 quae
375 2325 570 2396 inchoantur,
600 2345 661 2386 non
689 2334 813 2405 possunt
841 2325 951 2387 habere
978 2327 1182 2406 praeteritum.
1227 2326 1320 2388 Sunt
1341 2327 1578 2399 etiamnum
1689 2363 1693 2369 -

120 2427 461 2511 mirequentetiua,
485 2445 559 2507 quae
582 2445 599 2487 a
621 2429 741 2488 nomine
765 2428 897 2488 ueniunt
942 2427 1048 2489 ‘Etiam
1071 2428 1108 2489 de
1125 2429 1259 2490 nomine'
1281 2428 1363 2498 dicit,
1386 2429 1453 2508 quia

159 2529 300 2608 superius
321 2527 397 2588 dixit
418 2530 451 2589 ‘a
475 2528 603 2599 uerbo’;
627 2546 686 2590 non
710 2529 804 2590 soium
826 2548 843 2590 a
865 2527 971 2598 uerbo,
1000 2528 1052 2590 sed
1076 2531 1162 2591 etiam
1186 2548 1201 2590 a
1225 2531 1359 2598 nomine,
1383 2535 1416 2589 ut
1437 2531 1466 2588 a'

160 2631 296 2698 nomine,
320 2628 398 2706 quod
422 2637 468 2690 est
490 2639 589 2710 pater,
612 2631 776 2708 ‘patrisso'
799 2630 824 2689 i·
847 2647 931 2691 more
962 2632 1054 2710 patris
1083 2650 1155 2708 ago,
1184 2639 1214 2691 et
1235 2629 1273 2690 ab
1296 2646 1344 2697 eo,
1374 2627 1452 2707 quod

160 2739 208 2794 est
229 2732 374 2799 Graecus,
404 2731 586 2809 ‘graecisso’
615 2732 642 2791 i·
665 2749 747 2791 more
776 2732 959 2794 Graecorum
981 2731 1097 2811 loquor.
1142 2733 1235 2793 Sunt
1262 2729 1319 2791 aiia
1347 2728 1544 2810 quaeramur

160 2833 400 2901 diminutiua,
434 2834 501 2912 quia
530 2835 560 2894 in
589 2834 618 2893 io
646 2832 785 2894 desinunt
813 2841 843 2893 et
870 2852 886 2893 a
914 2833 1045 2918 perfecta
1080 2833 1174 2893 iorma
1207 2833 1347 2901 ueniunt,
1383 2831 1407 2890 i·
1437 2847 1453 2890 a

120 2934 296 3014 reperiente
325 2933 434 3003 uerbo,
463 2942 502 2995 ut
522 2933 685 2995 sorbillo
707 2936 879 3015 frequenter
902 2934 1024 3004 sorbeo;
1053 2933 1232 3012 suggiiio,
1256 2935 1277 2994 i·
1301 2930 1454 3010 strangulo

160 3055 177 3098 a
201 3036 295 3098 uerbo
316 3053 444 3114 suggero
467 3037 492 3095 i·
516 3036 684 3114 interrogo;
715 3035 910 3115 ‘suggiliare’
939 3037 1060 3116 proprie
1091 3043 1138 3097 est
1159 3033 1264 3097 crebra
1287 3036 1454 3112 interroga-

159 3140 242 3200 tione
270 3140 353 3219 quasi
382 3136 577 3215 strangulare.
622 3136 686 3198 ntia
712 3138 793 3198 sine
822 3139 983 3216 origine,
1017 3140 1042 3198 i·
1065 3155 1140 3216 quae
1162 3156 1179 3198 a
1201 3155 1234 3198 ae
1257 3138 1393 3211 ueniunt,
1418 3143 1539 3211 uteaar

161 3241 313 3321 pitisso,
338 3242 357 3299 i·
380 3239 552 3317 frequenter
575 3236 646 3298 bibo
669 3238 717 3299 uel
739 3257 829 3317 spuo,
853 3239 921 3301 inde
943 3241 1072 3319 ‘pituita’
1089 3237 1199 3299 dicitur
1215 3241 1328 3315 minuta
1351 3239 1453 3301 saliua.

162 3340 320 3410 Vecilio,
356 3343 381 3401 i·
411 3340 506 3402 titubo
537 3359 643 3402 moneo
676 3340 793 3401 dubito:
828 3340 965 3402 ‘uaciiiat
997 3342 1113 3402 animus
1139 3341 1240 3402 meus’
1274 3342 1299 3399 i·
1329 3339 1453 3401 dubitat.

121 3444 256 3506 roSunt
283 3452 318 3504 et
345 3443 631 3520 frequentatiua
660 3443 695 3504 in
724 3450 800 3503 tres
829 3442 981 3520 gradus,
1011 3445 1032 3502 i·
1056 3445 1086 3503 in
1110 3441 1395 3515 tres‘litteraturas,
1420 3448 1457 3502 ut

161 3563 275 3607 curro
299 3546 412 3623 primus
434 3544 557 3622 gradus;
587 3562 699 3606 curso
721 3545 883 3614 secundum
906 3545 1049 3606 cursito
1071 3547 1190 3613 tertius;
1213 3542 1266 3605 sed
1288 3547 1402 3605 ‘curso’
1426 3550 1544 3603 etum

162 3648 298 3708 ‘cursito'
322 3647 400 3707 idem
425 3655 480 3706 est.
525 3646 640 3724 Saepe
670 3647 705 3705 in
733 3647 838 3715 duos,
866 3665 891 3706 s.
915 3644 1037 3724 gradus.
1079 3646 1121 3706 Vt
1149 3644 1234 3707 uolo
1263 3643 1361 3715 nolas,
1384 3642 1544 3706 induem

163 3748 254 3810 nolito
281 3766 327 3808 as:
359 3746 483 3809 ‘uolitat
510 3747 630 3825 aquiia’,
664 3748 689 3807 i·
713 3748 888 3826 frequenter
918 3745 1007 3808 uniat.
1053 3748 1270 3828 compesco,
1304 3749 1330 3808 i·
1354 3747 1513 3824 mitigem

160 3920 273 3929 -u———-·

229 4035 344 4102 Netum
413 4038 473 4088 ein
492 4032 637 4101 euangelio]
657 4034 715 4086 Ioir.
729 4035 800 4084 XVI
817 4038 850 4085 21
920 4038 951 4086 12
970 4037 995 4085 in
1015 4050 1090 4086 usum
1159 4037 1191 4086 14
1208 4036 1234 4085 in
1253 4035 1357 4102 triginta
1374 4043 1458 4085 estate

161 4102 592 4171 elsupertus1110n.p.esr,1
660 4106 692 4153 22
711 4103 809 4168 patrino
861 4105 947 4169 patuis
965 4118 1015 4170 ago
1083 4105 1115 4154 23
1133 4117 1227 4169 grecus
1245 4103 1346 4183 greciae

231 4376 247 4427 8
272 4375 363 4426 Glossa
384 4377 479 4426 codini
502 4374 644 4426 Beruensis
663 4375 685 4437 s.
704 4377 752 4425 10·
773 4390 854 4440 marg.
870 4376 946 4430 dem:
982 4374 1119 4426 Sciendum
1142 4387 1181 4425 est
1202 4375 1264 4438 quie
1287 4389 1338 4424 uon
1362 4384 1456 4423 rectum

162 4443 278 4494 ordinem
304 4443 385 4493 tenuit
406 4443 520 4493 Donatus
544 4445 568 4492 in
593 4443 632 4493 iris
651 4442 754 4503 formis:
781 4458 840 4492 narn
867 4444 977 4509 primum
1004 4443 1126 4494 debuerat
1151 4458 1248 4509 ponere
1273 4443 1456 4504 meditationum,

161 4511 254 4561 deinde
280 4512 466 4571 iociroariuaru,
495 4524 587 4577 postea
616 4510 767 4576 perfectam,
794 4513 827 4561 nd
855 4510 972 4560 ultimum
999 4511 1225 4574 ireqrrentatiusm;
1260 4525 1317 4560 nam
1345 4510 1456 4575 primum

163 4581 316 4629 meditemur
338 4595 390 4630 rem
413 4594 502 4644 agere,
526 4579 618 4629 deinde
639 4578 803 4641 inchoemus,
827 4589 918 4644 postea
935 4593 996 4628 uero
1015 4579 1176 4644 perficimus,
1199 4578 1335 4645 perfectam
1354 4591 1415 4627 uero
1431 4577 1457 4627 in

162 4647 289 4710 frequenti
306 4663 354 4697 usu
374 4660 497 4698 tenemus.
532 4645 582 4696 Sed
600 4648 625 4696 in
648 4647 755 4697 exordio
776 4647 864 4697 mundi
892 4648 977 4696 omnia
1003 4646 1113 4713 perfecta
1139 4647 1199 4698 iecit
1224 4647 1301 4708 dctus,
1328 4645 1457 4696 hominem

162 4715 258 4766 seilicet
276 4716 412 4782 perfeetum
432 4718 457 4764 in
476 4724 558 4765 aetate
576 4716 681 4781 triginta
698 4729 834 4777 annorum,
854 4730 904 4766 non
923 4730 1040 4781 puerum,
1060 4715 1187 4774 uolatiiia,
1205 4730 1257 4765 non
1276 4729 1334 4774 oue,
1353 4714 1457 4764 arbores

164 4797 272 4850 magnes
289 4799 346 4833 cum
365 4783 433 4834 foliis
453 4794 477 4834 et
493 4782 631 4834 fructibus:
653 4783 721 4834 hunc
743 4783 858 4834 ordinem
881 4800 992 4849 sequens
1015 4783 1133 4835 Donatus
1150 4799 1166 4834 a
1183 4782 1302 4852 periretis
1319 4782 1457 4833 inchoeuit.
