3420 5378
569 311 620 362 nn
638 309 779 364 nouum
797 310 1000 365 rnrorunvs.
1373 311 1432 375 147

140 505 169 559 et
191 500 263 559 lacis
285 499 457 576 genetiuum
480 497 639 577 pluralem,
664 508 696 560 ut
718 499 754 560 ab
777 500 833 560 hac
855 501 947 580 puppi
968 500 1074 560 harum
1097 501 1258 581 puppium;
1283 500 1383 562 dutiuo
1407 509 1436 561 et

102 595 104 600 ’
138 599 268 660 ablatiuo
290 601 319 660 in
343 599 413 669 bus,
442 607 475 660 nt
498 599 543 660 bis
565 607 595 660 et
616 599 653 661 ab
676 601 722 661 his
745 602 901 682 puppibus.
947 603 978 663 Si
1003 620 1021 663 u
1051 602 1142 664 suerit
1163 601 1310 663 ablatiuus
1333 604 1435 662 termi-

139 709 238 773 natus,
268 700 345 761 addo
374 710 482 767 umet
504 702 579 763 lucio
601 704 772 780 genetiuum
796 702 957 783 pluralem,
989 712 1022 764 ut
1050 703 1087 763 ab
1116 703 1172 765 hoc
1202 703 1300 763 lructn
1328 704 1434 764 horum

139 804 303 871 iruotuum,
327 803 460 864 datiuum
484 810 513 863 et
534 802 695 864 ablatiuum
718 806 749 863 in
773 803 842 873 bus,
865 812 898 864 ut
919 803 965 865 his
988 814 1017 865 et
1039 804 1076 864 ab
1098 805 1145 865 his
1167 803 1322 867 fructibus.

111 919 125 959 a
224 903 297 966 lllud
320 902 525 975 sciredebes,
550 904 628 984 quod
652 924 740 966 omne
763 923 887 972 nomen,
912 905 990 983 quod
1014 910 1109 966 estin
1133 925 1233 967 rerum
1258 914 1378 975 natura,
1403 907 1435 965 in

108 1029 111 1034 ·
138 1008 270 1085 quinque
293 1004 509 1066 declinationes
531 1005 639 1066 cadere
661 1014 773 1086 potest;
797 1015 847 1068 aut
870 1024 904 1066 ae
927 1006 1130 1086 diphthongon
1148 1006 1236 1068 babet
1251 1010 1282 1067 in
1297 1008 1435 1086 genetiuo

139 1106 295 1186 singulari,
320 1115 352 1168 ut
373 1114 460 1187 poeta
484 1114 602 1186 poetam
631 1118 680 1168 aut
701 1110 727 1177 i,
751 1115 783 1168 ut
806 1127 881 1188 puer·
904 1109 1080 1186 puerisaut
1102 1108 1140 1177 is,
1170 1117 1202 1170 ut
1223 1118 1307 1189 pater
1329 1111 1435 1189 patris;

138 1217 190 1269 aut
210 1228 261 1279 us,
285 1216 318 1269 ut
339 1210 453 1270 iructus
475 1207 564 1269 buius
586 1209 714 1276 tructus:
738 1218 788 1269 aut
812 1211 854 1278 ei,
879 1218 912 1270 ut
933 1211 1049 1288 species
1072 1211 1190 1289 speciei,

222 1311 305 1372 Scire
334 1328 451 1390 quoque
481 1310 588 1379 debes,
618 1313 758 1388 quoniam
788 1327 992 1390 quaecumque
1020 1311 1139 1371 nomina
1169 1319 1219 1371 ant
1247 1311 1358 1373 Graeca
1387 1321 1437 1373 aut

101 1427 125 1466 1⁰
138 1412 239 1474 Latina
267 1414 419 1482 inuenieS,
449 1429 525 1488 quae
554 1411 591 1471 ab
619 1412 684 1472 istis
712 1411 960 1473 declinationibus
982 1432 1040 1473 non
1071 1413 1246 1482 flectuntur,
1277 1431 1349 1474 uere
1376 1432 1434 1473 non

138 1513 291 1576 subiacent
314 1512 424 1591 regulis
447 1521 475 1572 et
498 1511 569 1593 anull
594 1509 851 1593 l.142¹³lllogism
876 1534 934 1576 non
959 1510 1118 1593 seruant†
1139 1520 1168 1572 et
1189 1514 1328 1594 quicquid
1351 1514 1436 1574 nobis

136 1615 259 1695 prodest
287 1617 364 1677 scire
394 1615 450 1675 hoc
472 1623 591 1694 praeter
615 1616 737 1675 nimium
767 1616 965 1693 conpendium
974 1664 1066 1678 .....
1101 1615 1174 1676 Nam
1199 1617 1304 1694 cogita,
1327 1623 1435 1694 quinutu

137 1725 205 1777 sunt
228 1719 346 1778 nentina
369 1718 398 1777 in
422 1734 524 1778 rerum
547 1723 660 1776 natura.
699 1715 812 1776 Temen
827 1717 1034 1796 quodcumque
1057 1736 1166 1778 nornen
1186 1719 1326 1787 inuenio,
1351 1724 1435 1777 natu·

137 1818 238 1880 raliter
259 1820 289 1879 in
313 1819 375 1879 istis
398 1816 646 1880 declinationibus
669 1819 847 1877 continetur.
1221 1814 1226 1824 '

101 1933 124 1974 ra
222 1920 316 1998 lgitur
338 1918 454 1998 quando
477 1917 529 1978 tibi
552 1919 727 1998 proponitur
750 1937 873 1988 nomen,
899 1919 971 1979 nihil
993 1918 1070 1979 aliud
1096 1937 1235 1996 quaeras,
1265 1921 1322 1980 nisi
1345 1935 1434 1996 geue·

138 2023 247 2082 tinum:
278 2020 313 2081 ad
342 2018 566 2081 similitudinem
595 2020 722 2080 nominis
750 2019 836 2080 datur
859 2019 1028 2081 declinatio.
1075 2022 1147 2082 Nam
1173 2019 1320 2100 quomodo
1343 2038 1435 2081 unum

137 2140 246 2182 nomen
269 2121 443 2191 declinatur,
466 2123 509 2182 sic
531 2123 628 2183 omnia
652 2121 783 2183 eiusdem
807 2123 933 2190 lormao,
961 2129 1084 2203 utputa
1107 2125 1136 2184 in
1160 2142 1195 2184 ae
1218 2122 1328 2182 desinit
1344 2130 1436 2198 poeta

136 2223 276 2301 genetiuo
304 2222 394 2283 huius
421 2232 541 2302 poetae:
570 2224 612 2283 sic
641 2233 669 2284 et
697 2224 793 2284 omnia
823 2223 972 2294 dicuntur,
1002 2242 1128 2301 quorum
1157 2225 1315 2300 genetiuus
1343 2225 1372 2283 in
1401 2240 1436 2282 ae

137 2327 211 2394 exit,
236 2333 268 2385 ut
290 2323 432 2385 Anchises
454 2325 599 2386 Anchisae
621 2324 765 2385 Anchisae
789 2323 945 2386 Anchisam
970 2324 1097 2385 Anchisa
1120 2325 1264 2396 Anchisa,
1287 2324 1436 2405 quomodo

98 2434 224 2505 sopoeta
247 2434 276 2486 et
298 2426 379 2486 Musa
407 2426 570 2486 secundum
599 2427 692 2505 ipsam
715 2425 849 2505 regulam
873 2425 1047 2486 declinatur.
1083 2425 1143 2486 Sed
1166 2425 1244 2506 quod
1267 2426 1436 2487 inuenimus

138 2527 215 2607 apud
232 2533 369 2588 auctores
384 2527 493 2589 ‘bunc
508 2526 717 2596 Anchisem,
742 2526 963 2603 istius'regolae
978 2528 1100 2588 Latinae
1116 2546 1174 2588 non
1192 2535 1249 2595 est,
1275 2526 1325 2586 sed
1345 2527 1435 2586 Grae·

137 2647 200 2690 cae.
245 2629 334 2689 Poeta
358 2629 437 2688 enim
460 2627 654 2705 Vergilius
682 2628 804 2707 probat,
834 2630 901 2708 qui,
931 2637 964 2689 ut
993 2628 1073 2707 uult,
1103 2629 1191 2690 modo
1218 2630 1309 2688 utitur
1332 2626 1434 2686 Latina

137 2729 350 2800 declinatione,
373 2738 419 2791 ut:

295 2902 299 2910 Ι
338 2829 496 2892 Anchisa
519 2839 713 2909 generate,
738 2831 841 2891 deum
865 2833 1075 2892 certissima
1099 2829 1226 2909 proles

97 2924 179 2977 oet:

339 3000 521 3078 Coniugio
543 3000 704 3062 Anchisa
728 3000 1060 3078 Venerisdignate
1083 3000 1260 3079 superbo;

136 3102 225 3163 modo
248 3101 350 3180 regula
374 3102 504 3163 Graecae
526 3100 750 3170 declinationis,
773 3109 818 3161 ut:

338 3203 525 3265 Anchisen
549 3203 646 3262 lacio
670 3210 810 3263 certum
834 3221 986 3281 remque
1010 3202 1143 3264 ordine
1166 3203 1296 3282 pando.

221 3323 266 3383 Tu
289 3331 404 3393 autem,
428 3325 477 3400 qui
500 3330 601 3383 orator
623 3339 682 3381 non
708 3340 754 3395 es,
779 3320 849 3400 quid
874 3323 918 3382 uis
934 3321 1084 3382 declinare
1100 3320 1222 3392 Graece,
1239 3340 1306 3382 cutm
1323 3320 1434 3381 habeas

98 3439 124 3480 so
136 3425 272 3486 Latinam
288 3422 535 3484 declinationem?
551 3424 662 3484 Tamen
679 3424 703 3483 si
719 3424 764 3483 uis
779 3423 894 3492 Latine,
912 3422 991 3482 hunc
1007 3421 1190 3484 ‘Anchisam'
1207 3432 1257 3483 aut
1273 3421 1432 3484 ‘Orestem’

136 3526 224 3595 dicis;
240 3526 265 3586 si
281 3525 403 3595 Graece,
419 3523 592 3584 ‘Anchisen'
608 3534 659 3585 aut
674 3523 836 3584 ‘Oresten'.
868 3523 1022 3595 Quomodo
1038 3532 1135 3584 autem
1151 3531 1220 3584 sunt
1235 3531 1293 3584 tota
1310 3524 1432 3590 Graeca,

136 3635 196 3689 tota
219 3627 336 3697 Latina,
369 3625 424 3687 alia
448 3629 526 3686 inter
551 3626 693 3686 Graecam
717 3627 910 3703 Latinumque
933 3627 1073 3696 lormam,
1098 3628 1132 3685 in
1157 3624 1321 3686 secunda
1353 3634 1433 3684 arte

136 3728 319 3790 tractabitur.

135 3899 362 3907 —-——-—-——=-

186 4016 240 4065 1111
254 4017 301 4064 bus
314 4015 354 4065 his
389 4015 557 4064 4inbushis
600 4016 768 4080 ddiptongon
805 4014 829 4063 in
842 4014 988 4078 genetiuum
1002 4011 1093 4077 singul
1138 4016 1243 4078 ngr-een
1280 4015 1309 4062 11
1324 4023 1349 4063 et
1361 4013 1431 4076 quic-

135 4081 210 4149 quid]
229 4083 314 4134 houm
326 4091 462 4147 corruptus
474 4091 498 4133 et
511 4087 644 4134 luminosus
655 4086 692 4132 ita
704 4084 834 4132 emendari
844 4088 922 4147 utque
933 4083 1006 4146 refici
1016 4084 1112 4145 possit:
1131 4086 1176 4130 sed
1190 4096 1345 4144 quamquam
1357 4082 1432 4130 nobis

135 4152 242 4218 prodest
259 4151 323 4200 scire
341 4151 401 4208 hoc,
426 4163 529 4217 propter
548 4153 652 4201 nimium
676 4149 847 4215 conpendium
871 4149 1037 4198 omittendum
1056 4159 1106 4206 est;
1130 4163 1189 4197 num
1211 4151 1296 4214 cogita
1400 4152 1431 4200 13

136 4233 312 4283 quaestumque
332 4219 372 4268 mir
460 4223 491 4269 lb
509 4216 625 4282 quondo]
646 4216 687 4280 qnia
758 4217 924 4283 praeponitur
1000 4219 1031 4266 16
1050 4232 1128 4266 unum
1146 4219 1237 4267 addidi
1306 4219 1337 4267 17
1355 4228 1431 4282 poeto

135 4289 227 4337 addidi
295 4288 326 4336 19
344 4288 445 4336 sneises
465 4294 511 4338 etc.
581 4289 612 4336 11
632 4287 735 4335 urreisan
781 4299 897 4349 ,grecae
966 4287 998 4334 11
1017 4285 1061 4346 qui
1080 4282 1118 4363 ut]
1137 4300 1188 4347 qno
1242 4282 1329 4350 utitur]
1352 4295 1379 4333 nt
1396 4286 1432 4333 itu

134 4356 169 4405 14
187 4351 311 4419 Anchisa]
336 4356 413 4419 Verp.
434 4356 500 4404 Aen.
523 4354 563 4402 VI
583 4357 635 4403 322
705 4353 821 4415 uncisem
845 4362 964 4417 gerrerute
988 4351 1062 4402 incito
1079 4353 1134 4401 dms
1154 4351 1242 4418 regula
1260 4352 1337 4401 modo
1356 4367 1430 4417 greca

136 4422 313 4472 declinationis
336 4433 363 4471 ut
386 4422 527 4471 certissima
551 4422 619 4485 prole
641 4421 732 4470 adorat
754 4430 779 4469 et
801 4421 949 4485 coniugium
968 4421 1075 4469 aneisim
1094 4422 1193 4469 ueneris
1212 4420 1337 4482 dignitate
1354 4436 1433 4485 super

135 4491 168 4539 16
187 4487 319 4554 coningio]
347 4492 426 4554 Verp.
446 4491 511 4541 Aen.
532 4489 581 4538 ΙΙΙ
600 4491 650 4538 475
719 4488 752 4537 18
771 4488 899 4537 Anchisen
923 4484 999 4552 lucio]
1029 4488 1106 4553 Verq.
1120 4489 1186 4537 Aen.
1203 4487 1255 4537 III
1276 4490 1333 4536 179.
1357 4488 1433 4547 Quem

141 4558 249 4623 Verpt'lii
270 4560 350 4609 lomim
372 4561 429 4608 ideo
447 4560 472 4606 in
491 4564 586 4606 textum
604 4559 705 4620 recepi,
729 4558 787 4620 quia
810 4572 846 4605 ex
871 4572 957 4606 eornm
979 4572 1090 4617 contero,
1109 4558 1135 4605 in
1154 4557 1241 4622 quibos
1261 4555 1361 4605 Graeca
1379 4557 1433 4604 eius

136 4628 242 4676 nominis
256 4627 342 4690 form
360 4642 419 4676 iesus
436 4632 488 4686 est,
508 4626 589 4673 nullus
600 4627 679 4689 inopis
691 4639 832 4688 conpruere
845 4623 980 4673 uidebatur
997 4639 1050 4673 oraru
1067 4626 1169 4673 misellis
1187 4626 1235 4674 loci
1247 4624 1435 4687 corruptissimi

135 4695 249 4760 reliquiis
267 4692 348 4759 (focio
367 4701 460 4744 cernon
477 4712 511 4735 =
526 4693 621 4755 facite,
639 4693 730 4743 ordine
747 4711 781 4734 =
799 4690 913 4753 odorat).
974 4693 1007 4742 19
1026 4708 1099 4756 grece
1168 4696 1201 4744 30
1217 4691 1330 4741 aricinum
1400 4694 1432 4742 31

135 4764 239 4812 aneisen
292 4777 368 4829 greco
436 4763 469 4812 31
486 4776 587 4827 grecum

1168 4843 1225 4896 10⁸
