3420 5378
556 220 835 273 nrrnnssurrsn
854 220 1064 277 senuerunt
1393 222 1457 289 279

251 409 332 470 Inter
355 409 411 470 lari
433 415 464 470 et
478 407 559 485 loqui
575 415 604 468 et
618 409 813 469 sermocinari
828 414 857 469 et
872 426 995 469 narrare
1013 408 1071 470 hoc
1086 411 1224 480 interest,
1247 410 1327 490 quod
1349 394 1455 483 lemur,

166 529 233 571 cum
261 509 371 590 ailquid
401 508 526 570 facunde
555 508 694 579 dicimus,
723 508 806 589 loqui
828 518 946 580 natura,
976 512 1220 581 sermocinamur,
1244 512 1364 589 qnando
1386 531 1455 575 cum

166 611 229 672 aliis
251 628 405 673 sermones
427 611 624 679 conlerimus;
648 628 771 672 narrare
794 610 890 672 docte.

249 713 330 774 Inter
352 720 455 774 tenere
477 720 507 774 et
529 730 646 773 sumere
670 720 700 772 et
721 712 856 791 accipere
878 711 935 773 hoc
962 715 1100 788 interest,
1130 713 1210 795 quod
1238 723 1373 778 tenemus
1401 715 1455 778 ali-

137 829 237 893 aqua,
262 831 337 892 quae
360 816 482 875 suntin
505 821 607 874 nostra
628 820 790 893 potestate,
814 815 958 875 sumimus
979 815 1088 894 posita,
1113 817 1278 896 accipimus
1301 816 1377 878 nata.

250 916 329 977 Inter
351 916 485 995 aspicere
500 923 530 975 et
544 917 707 994 inspicere,
731 917 885 993 suspicere
900 923 931 977 et
945 916 1132 996 prospicere,
1157 915 1453 998 despicere’circum·

163 1019 279 1097 spicere
313 1019 488 1096 conspicere
517 1024 546 1077 et
573 1018 700 1083 intueri,
735 1014 839 1076 uidere
862 1026 891 1077 ct
912 1024 1062 1096 spectare,
1097 1018 1196 1079 ulsere
1229 1016 1287 1079 hoc
1319 1021 1453 1091 interest,

163 1118 242 1198 quod
276 1120 436 1198 aspicimus
469 1136 552 1186 casu,
587 1118 759 1196 inspicimus
792 1117 964 1188 iudicatum,
999 1119 1176 1198 suspicimus
1206 1120 1237 1179 iu
1267 1122 1453 1200 superiorem

163 1229 278 1300 partem
302 1221 349 1282 uel
374 1236 561 1287 ueneremur,
584 1220 783 1298 prospicimus
805 1237 881 1298 quae
903 1218 991 1297 longe
1014 1229 1101 1288 sunit,
1122 1219 1303 1299 despicimus
1324 1224 1355 1283 in
1377 1222 1453 1284 inie-

126 1323 276 1383 ¹⁰riorem
309 1328 424 1400 partem
458 1319 506 1381 uel
539 1319 722 1398 languidam,
757 1320 1013 1397 circumspicimus
1039 1323 1071 1381 in
1100 1319 1219 1392 orbem,
1253 1324 1454 1403 conspicimus

161 1441 270 1504 prope,
297 1424 448 1483 intuemur
470 1439 537 1482 cum
560 1439 662 1491 causa,
693 1420 828 1481 uidemus
850 1429 969 1491 natura,
998 1430 1167 1503 spectamus
1194 1441 1262 1485 curn
1290 1422 1452 1495 uoluntate,

161 1525 287 1585 ulslmus
309 1531 441 1603 experta.

246 1625 325 1686 luter
348 1625 479 1685 lurorem
502 1631 531 1683 et
552 1624 696 1684 insaniam
719 1620 775 1683 hoc
797 1624 936 1691 interest.
961 1623 1039 1704 quod
1054 1624 1139 1685 furor
1161 1627 1325 1705 temporale
1347 1627 1452 1688 uilium

161 1735 222 1797 cst,
244 1726 358 1787 insania
380 1733 535 1805 perpetua.
1181 1775 1185 1782 .

124 1843 149 1883 rs
245 1828 326 1888 Inter
348 1825 438 1888 alium
461 1835 491 1887 et
513 1825 639 1887 alterurn
663 1821 719 1886 ho'c
748 1827 887 1895 interest,
918 1825 996 1903 quod
1019 1825 1092 1888 alius
1115 1846 1150 1888 ex
1173 1824 1287 1899 multis,
1316 1828 1391 1889 alter
1414 1828 1452 1891 de

162 1927 287 1991 duobus.

244 2031 326 2091 Inter
348 2029 445 2091 scelus
467 2037 498 2090 et
518 2030 632 2090 lacinus
653 2029 710 2089 hoc
732 2029 871 2098 interest,
895 2029 974 2106 quod
996 2028 1094 2091 scelus
1116 2030 1231 2092 crimen
1254 2037 1313 2102 est,
1337 2030 1452 2094 lacinus

161 2134 249 2193 etiam
272 2134 303 2193 in
327 2131 412 2192 laude
434 2132 563 2210 ponitur.

246 2232 325 2294 Inter
348 2232 424 2294 dona
447 2239 477 2292 et
498 2250 623 2293 munera
646 2231 702 2293 hoc
723 2232 862 2302 interest,
886 2231 964 2309 quod
987 2231 1063 2293 dona
1087 2251 1104 2293 a
1126 2232 1182 2293 deo
1205 2232 1363 2303 donantur,
1386 2254 1450 2296 mu·

121 2350 233 2405 sonora
256 2332 294 2395 ab
316 2332 486 2394 hominilsus
508 2334 691 2402 tribuuntur,
716 2339 745 2393 et
766 2351 905 2403 munera,
935 2332 1043 2413 quibus
1070 2332 1179 2395 milites
1200 2333 1297 2396 oldcio
1319 2335 1447 2413 iungun-

159 2442 218 2504 tur,
242 2451 317 2512 quae
341 2434 488 2515 quidam
512 2442 542 2495 et
564 2435 662 2496 munia
685 2441 802 2496 uocant.

244 2535 325 2596 Inter
354 2543 467 2596 uestem
498 2544 528 2596 et
555 2537 763 2597 uestimentum
792 2537 849 2598 lroc
876 2538 1014 2608 interest,
1036 2533 1121 2620 {quod
1150 2542 1249 2599 uestes
1271 2537 1448 2599 feminarum

160 2635 300 2707 dicimus,
324 2639 533 2698 uestimentum
557 2639 699 2698 uirorum.

159 2905 178 2956 C
197 2917 271 2955 noctu
289 2907 328 2955 sic
346 2907 438 2956 dieitur
455 2908 584 2968 qrromodo
603 2907 711 2957 interdiu
729 2917 754 2957 et
771 2907 900 2972 signillcot
917 2906 1028 2968 aliquam
1046 2918 1143 2974 portem
1161 2907 1226 2970 diei,
1249 2916 1347 2957 noctem
1365 2916 1450 2958 eutem

158 2984 237 3025 totam
256 2984 359 3039 noctem¹
374 2975 537 3040 intelligimus
557 2975 729 3037 Gothosredue
744 2993 772 3040 p.
790 2979 831 3035 91,
849 2977 883 3039 cs.
903 2975 979 3039 Ileilf.
995 2991 1023 3040 p.
1041 2978 1091 3027 281
1192 3009 1197 3018 ·

227 3071 278 3117 let
289 3066 379 3132 ubique
391 3083 438 3118 orn.
452 3066 492 3116 130
527 3067 727 3116 sermocinaren
764 3069 894 3116 norrsrirl
930 3064 1196 3130 quodcdmlsmurll
1242 3066 1451 3131 iloquimurBG

158 3136 261 3197 quando
279 3149 337 3183 cum
355 3134 441 3197 uliquo
458 3148 600 3184 sermonem
618 3133 781 3184 cumierimus
800 3133 966 3197 (conferimus
985 3133 1014 3195 C)
1038 3150 1171 3186 narremus
1187 3151 1245 3186 oum
1262 3135 1359 3198 eliquul
1377 3137 1451 3188 docte

157 3204 266 3252 dicimus
277 3201 317 3251 BC
351 3202 435 3251 sumne
446 3217 501 3250 eum
515 3201 612 3264 aliquid
624 3201 733 3251 iocunde
742 3202 859 3267 dicimus,
869 3202 998 3265 loquimur
1007 3230 1039 3239 ——
1049 3203 1151 3266 quando
1164 3219 1220 3253 cum
1233 3202 1320 3268 aliquo
1333 3219 1450 3256 sermone

157 3270 334 3321 contendimus
348 3285 480 3319 narremus
492 3269 745 3334 doctcdotlrosreduc
755 3286 781 3335 p.
793 3273 826 3321 91
876 3273 926 3321 4et
935 3270 973 3321 dle
981 3287 1028 3322 om.
1038 3270 1079 3321 BG
1114 3267 1245 3322 siemereli
1259 3287 1360 3323 sumere
1369 3287 1450 3338 cupra

156 3354 233 3405 uec
268 3346 371 3406 teillsc
422 3355 507 3416 alique
525 3353 774 3415 quaesuntom.BC
791 3363 906 3405 tenemus
924 3369 990 3417 quoe
1007 3356 1259 3422 suut-ecclpimus
1277 3356 1337 3406 dats
1356 3357 1449 3409 doem-

154 3423 247 3486 sredue
257 3438 284 3486 p.
295 3428 336 3485 91,
349 3424 384 3485 ef.
394 3424 471 3487 Ileiff.
483 3439 509 3485 p.
520 3424 573 3470 293
590 3422 673 3487 ibique
685 3423 822 3472 Heredium
890 3424 906 3473 6
924 3433 949 3472 et
964 3422 1055 3488 uirique
1066 3437 1112 3473 om.
1127 3422 1168 3472 BC
1186 3423 1300 3488 aspicere
1318 3425 1450 3489 suspicere

155 3490 283 3555 Inspicere
292 3492 438 3557 prospicere
446 3490 578 3555 despicere
589 3490 680 3538 intueri
694 3490 778 3539 uidere
787 3487 868 3557 (corr.
876 3491 957 3541 uideri
967 3486 997 3555 C)
1015 3501 1130 3557 spectare
1142 3490 1191 3540 lroo
1202 3492 1306 3542 interest
1314 3490 1356 3541 BG
1390 3507 1449 3543 sns-

156 3575 274 3646 cipereA
308 3575 468 3641 dispicereA
522 3574 868 3638 teeexspeeeereuneren
919 3574 1085 3640 dispicimus
1097 3561 1239 3626 iudiciiin
1256 3575 1395 3626 indicatum
1408 3575 1449 3626 Bc

191 3649 380 3726 sus⁶picimrrsn
451 3661 582 3722 9pnrtem
601 3657 684 3711 omri
717 3658 868 3723 dispicimus
881 3655 1048 3725 (despicimus
1061 3656 1091 3725 C)
1109 3659 1255 3712 inieriorem
1272 3669 1371 3726 partem
1383 3659 1449 3711 ABG
1547 3714 1550 3720 ,

157 3764 190 3813 19
207 3760 354 3827 languidam
373 3759 414 3809 Bc
431 3755 546 3824 langudri
560 3764 582 3807 Α
634 3761 1043 3825 circumspicimus-proptera.
1056 3760 1097 3811 Bc
1149 3736 1363 3826 consuetudin
1416 3762 1446 3811 11

155 3844 211 3878 cum
231 3844 310 3879 conso
328 3827 468 3877 uendemus
485 3827 508 3875 A
526 3842 582 3876 cum
601 3828 742 3892 gerudemus
762 3826 802 3876 Bc
853 3838 1017 3893 expectamus
1036 3828 1059 3876 Α
1112 3829 1142 3878 12
1160 3842 1193 3878 ex
1211 3828 1316 3894 purteA
1333 3837 1449 3895 spectatu

157 3894 209 3946 BC.
244 3897 310 3945 Inter
328 3897 442 3960 aspicere
458 3895 589 3959 suspicere
611 3896 737 3959 inspicere
758 3895 905 3959 prospicere
922 3895 1049 3960 dispicere
1070 3895 1161 3945 Intueri
1184 3896 1271 3946 uidere
1291 3905 1407 3962 spectare
1425 3907 1450 3947 et

157 3965 239 4014 uisere
257 3965 307 4013 hoc
318 3965 430 4022 interest,
449 3963 519 4024 quod
536 3962 676 4027 aspicimus
689 3978 763 4021 casu,
781 3964 937 4028 suspicimus
955 3963 980 4010 in
999 3964 1157 4028 superiorem
1175 3973 1272 4029 partem
1291 3962 1332 4013 uel
1343 3979 1449 4014 uenere·

156 4046 226 4095 mur,
245 4032 396 4096 inspicimus
408 4030 556 4092 iudicaturi,
575 4031 747 4095 prospicimus
760 4046 826 4092 quiue
838 4029 914 4095 lunge
926 4040 999 4093 suut,
1016 4030 1169 4097 dispicimus
1187 4029 1331 4081 inferiorem
1349 4041 1448 4098 purtem

156 4099 194 4148 uel
218 4099 379 4163 languidum,
403 4099 531 4147 Intuemur
551 4113 608 4146 cum
631 4112 734 4147 consum
759 4097 887 4160 uidemus,
911 4110 1001 4146 ustuire
1022 4099 1131 4147 nisImns
1152 4107 1257 4163 experta
1277 4098 1449 4162 Gotdofredua

154 4184 180 4230 ρ.
194 4169 236 4217 91.
245 4170 287 4216 92.
353 4159 388 4216 '13
406 4167 472 4214 Imer
490 4166 600 4214 furorem
614 4193 644 4200 -
658 4176 781 4230 perpetuu
798 4181 845 4217 one.
858 4163 900 4214 Bc
917 4162 1056 4281 temporale
1073 4166 1166 4214 uirium
1180 4166 1202 4213 Α
1237 4164 1308 4215 iuror
1325 4167 1448 4232 temporis

991 4238 1016 4282 et
1029 4233 1201 4295 Gotltosreduc
1211 4249 1240 4298 p.
1252 4235 1294 4290 92,
1307 4236 1352 4299 qui
1361 4241 1449 4285 cetero

154 4337 242 4385 endem
259 4334 343 4384 lohet.
413 4336 445 4384 17
462 4337 527 4383 inter
544 4332 647 4384 seelnn
682 4335 795 4384 criminis
814 4333 833 4382 B
852 4303 1020 4387 erimniemffld
1063 4333 1147 4383 scelus
1165 4334 1258 4383 crimen
1278 4341 1328 4396 est,
1348 4332 1447 4383 lucinus

155 4403 231 4451 etium
247 4405 271 4450 ln
286 4402 360 4450 laude
379 4413 443 4450 recte
461 4402 562 4466 dicitur,
574 4400 701 4450 Salustirrs
718 4402 785 4450 dixit
802 4401 896 4450 bonum
914 4401 1012 4453 lucinus
1032 4402 1204 4464 Gotkofreduc
1220 4418 1247 4467 p.
1261 4404 1304 4466 92,
1322 4402 1357 4465 cf.
1370 4401 1418 4452 iter
1440 4437 1447 4452 .

153 4487 180 4534 p.
199 4473 249 4520 291
298 4469 773 4530 ·19ouoddeodonsmmdonel3
809 4467 926 4519 aomo
965 4485 1071 4521 munera
1088 4494 1119 4505 -
1138 4469 1282 4518 tribuuntur
1299 4478 1387 4518 etom.
1429 4466 1447 4516 C

154 4541 185 4586 21
200 4535 336 4599 quidemC
387 4534 524 4586 ecom.BC
558 4535 735 4585 uocantur-BC
769 4536 918 4586 donodono
931 4538 1031 4594 dentur.
1050 4551 1156 4585 munera
1174 4537 1319 4586 homiuibus
1332 4536 1447 4584 tribuun-

155 4616 208 4663 tur,
226 4618 250 4653 ec
268 4619 416 4652 munera-
431 4619 495 4665 quiae
513 4603 615 4665 quidem
633 4604 720 4653 munio
741 4614 864 4653 uocantur
882 4604 1054 4670 Gothosredua
1070 4619 1096 4667 p.
1114 4606 1148 4653 92
1219 4602 1389 4654 asumuntur
1408 4601 1447 4652 Bc

153 4673 232 4722 uestis
250 4671 419 4721 foeminarum
435 4671 527 4720 dicitur
545 4672 722 4721 uestimentum
740 4673 852 4721 uirorum
872 4671 1044 4737 Gothosredtoe
1060 4688 1088 4737 p.
1106 4674 1150 4735 92,
1168 4672 1204 4734 cs.
1218 4671 1295 4736 Iieiff.
1312 4685 1340 4733 p,
1358 4671 1410 4718 294

157 4234 245 4282 criticum
258 4244 422 4298 -perpetue
435 4234 607 4295 Gothosredue
616 4251 644 4297 p.
655 4236 688 4282 92
736 4235 768 4284 15
780 4248 812 4282 ex
824 4233 925 4283 dnobus
938 4232 958 4281 B
