3420 5378
516 269 592 322 CVM
610 270 816 324 Excbnrrm·
835 273 1006 325 rnuutrts.
1273 288 1403 335 ccxxxi

111 458 152 521 lla
176 458 226 520 ubi
250 478 308 520 nou
332 459 483 539 liquescat.

238 546 322 606 Cum
346 542 509 605 suadens
532 541 686 605 coluber
709 547 871 624 proiecit
893 545 936 606 ab
959 565 1023 607 ore
1048 565 1238 608 ueneuum.

111 628 152 690 lla
175 628 226 689 ubl
250 649 268 690 ιι
292 629 441 709 liquescat.

238 714 499 793 piscosamque
521 714 662 774 Ciridou
692 715 961 795 grauidamque
984 715 1208 777 Amathunta
1239 718 1400 780 metallo.

81 798 169 866 sSed
191 808 262 878 aput
284 802 418 860 Graecos
439 799 511 859 baec
534 799 677 878 liquescit,
703 818 760 859 non
784 809 855 878 aput
878 819 942 861 nos.
987 800 1027 860 ba
1052 800 1101 861 ubi
1124 820 1182 861 ιιοιι
1205 800 1352 878 liquescit.

237 884 333 944 llaec
355 892 519 945 monstra
541 885 703 945 incertis
726 893 868 993 mutent
890 885 961 946 sibi
986 894 1153 965 tempora
1178 886 1278 947 latis

111 968 151 1030 lla
174 968 226 1029 ubi
247 988 262 1030 r
283 969 435 1049 liquescat.
677 988 680 995 ·

237 1052 409 1116 Christus
432 1062 511 1115 erat
532 1055 649 1133 panis,
674 1053 848 1115 Christus
871 1063 994 1135 petra,
1024 1055 1227 1118 Christus
1219 1075 1255 1117 ιιι
1279 1057 1399 1120 undis.

110 1137 151 1200 lla
173 1137 223 1199 ubi
245 1157 304 1199 non
327 1138 478 1216 liquescat.

71 1252 96 1291 ω
236 1222 397 1285 lluscida
418 1242 632 1304 purpureos
655 1242 787 1284 aurora
811 1225 1034 1286 ostenderat
1055 1233 1170 1286 ortus.

195 1394 235 1455 lla
259 1392 310 1454 ubi
331 1395 516 1473 superposita
541 1393 685 1473 liquescat
708 1396 759 1466 (se.
780 1398 942 1470 stitteru).

237 1477 417 1541 Omnibus
438 1479 641 1540 sufiiciunt
663 1481 802 1540 sacrati
825 1480 1013 1540 commoda
1036 1479 1133 1541 lisci.

109 1563 151 1625 lla
174 1562 224 1625 ubi
245 1562 408 1644 subposita.

237 1646 336 1718 Quae
358 1658 491 1729 potero
515 1656 675 1728 tangam,
699 1657 736 1709 tu
760 1648 849 1709 milri
872 1649 977 1727 leges
999 1612 1096 1711 tene.

72 1863 96 1901 ιι
195 1837 236 1897 Ex
259 1836 305 1896 his
327 1838 382 1908 (sc.
407 1838 444 1896 de
465 1839 567 1911 curctis)
590 1855 791 1915 superuacuae
814 1835 1032 1916 quibusdam
1056 1836 1196 1898 uidentur
1218 1839 1354 1917 inperitis
1377 1840 1395 1900 t

73 1954 78 1964 ·
110 1931 140 1983 et
161 1941 189 2001 q.
229 1921 326 1993 Quare
350 1920 488 1981 dicuntur
510 1922 730 1999 superuacuae?
774 1922 830 1990 Eo,
854 1921 931 2001 quod
956 1940 1011 1982 uec
1033 1919 1069 1982 ab
1093 1943 1109 1982 e
1131 1923 1227 1983 uocall
1250 1923 1398 1994 inchoent,

108 2009 185 2070 sicut
207 2004 409 2075 semiuocales‚
434 2008 542 2066 necin
565 2026 581 2065 e
604 2005 700 2066 uocali
723 2006 876 2074 desinunt,
905 2008 981 2068 sicut
1003 2014 1115 2073 mutae,
1146 2015 1175 2067 ct
1203 2009 1269 2084 quia
1297 2011 1327 2068 in
1351 2030 1398 2070 ca·

109 2092 250 2153 lumniam
275 2093 407 2152 ueniunt
451 2089 606 2162 Quomodo
630 2093 751 2152 ueniunt
772 2092 802 2152 iu
825 2091 1021 2152 calumniam?
1065 2088 1137 2160 Quia
1167 2100 1197 2152 et
1217 2093 1313 2171 proli
1344 2113 1397 2174 po·

109 2178 190 2238 nitur
217 2195 234 2238 c
263 2185 291 2237 et
314 2195 368 2256 pro
391 2193 410 2253 q
433 2175 583 2244 similiter;
613 2185 642 2236 et
669 2194 765 2256 proq
794 2177 913 2254 ponitur
941 2184 1010 2237 cet
1031 2195 1086 2256 pro
1108 2176 1142 2245 lr,
1172 2179 1222 2254 qni
1252 2179 1396 2249 nesciunt,

69 2262 245 2342 aequetiens
267 2281 282 2321 a
306 2262 451 2339 sequitur,
482 2259 500 2320 t
527 2260 656 2322 litteram
684 2261 924 2341 praeponendam
955 2268 1034 2330 esse,
1064 2263 1200 2343 quotiens
1230 2281 1262 2331 u,
1292 2280 1346 2341 per
1369 2282 1397 2341 q.

62 2402 71 2421 ,
108 2364 167 2406 nun
190 2363 244 2427 per
267 2344 500 2407 csoribeudum.
546 2344 717 2415 Quomodo?
740 2344 843 2406 llulti
867 2347 987 2425 inperiti
1009 2345 1155 2416 dicebant,
1179 2349 1398 2425 quotienscum-

106 2449 202 2512 quea
225 2431 381 2493 subsecuta
404 2432 521 2505 luisset,
550 2439 582 2491 ut
611 2439 679 2508 puta
704 2432 828 2511 ‘eaput'.
851 2434 980 2493 ‘castus'
1009 2433 1187 2501 ‘caminus',
1216 2451 1275 2492 non
1305 2452 1360 2513 per
1382 2455 1398 2495 c

106 2516 298 2584 scriberetur,
321 2516 371 2577 sed
395 2534 449 2594 per
472 2516 499 2582 Ιι,
530 2516 648 2593 quando
671 2519 771 2596 etqui
794 2516 908 2595 capitali
926 2516 1110 2598 plectebatur
1126 2519 1272 2577 sententia
1288 2519 1317 2578 in
1334 2520 1397 2597 ipso

108 2600 300 2682 professionis
328 2609 377 2661 aut
406 2601 507 2662 iudicii
536 2600 682 2668 indiculo,
713 2599 730 2660 k
760 2600 887 2661 litteram
911 2603 1014 2663 uraiori
1038 2621 1126 2663 manu
1149 2601 1334 2673 scribebant,
1365 2613 1397 2662 ut

66 2687 158 2768 isqui
180 2686 237 2747 boc
259 2686 389 2759 uidisset,
414 2687 493 2765 ipsut
516 2686 638 2746 baberet
659 2686 813 2751 indicium,
836 2685 913 2765 quod
938 2687 1058 2765 capitali
1080 2687 1183 2766 plexus
1207 2686 1307 2749 luisset
1329 2706 1396 2748 sen·

106 2772 208 2832 tentia.
253 2770 309 2830 Sed
334 2772 525 2840 mentiuntur,
548 2773 613 2849 quia
638 2770 733 2830 solnm
756 2770 844 2831 modo
868 2770 1016 2831 Kalendae
1040 2779 1068 2831 et
1091 2771 1239 2847 llarthage
1263 2773 1320 2831 erit
1342 2791 1397 2850 per

106 2855 125 2916 t
148 2854 348 2917 scribendum.
388 2856 508 2916 Caetera
533 2873 605 2915 uero
627 2873 680 2933 per
703 2874 733 2923 c:
757 2854 894 2916 similiter
911 2865 939 2914 et
955 2858 1069 2932 quoties
1085 2875 1102 2915 u
1119 2855 1275 2927 subsecuta
1292 2856 1395 2918 luisset

101 2950 136 3003 et
158 2942 339 3019 praepositio
363 2941 452 3001 irrerit
473 2958 559 3000 casus
581 2938 711 3005 ablatiui.
737 2948 860 3017 utputa
883 2942 907 3000 si
926 2938 1035 3000 dicam:
1060 2944 1139 3001 ‘cum
1163 2941 1281 3000 domino
1305 2945 1394 3012 meo',

106 3140 331 3177 sturm‘rvnntntt.

192 3199 229 3255 11
252 3197 386 3255 Iulianus
411 3216 441 3269 p.
470 3201 501 3254 9:
534 3198 568 3254 Da
603 3198 648 3253 ubi
682 3198 855 3272 superposita
889 3197 1030 3271 liquescat.
1080 3195 1222 3255 ‘Omnibus
1255 3199 1395 3256 sufficiunt

104 3293 206 3341 saerata
228 3284 368 3340 commoda
391 3281 464 3339 beu?
502 3283 537 3340 ba
557 3285 708 3357 supposita.
746 3282 831 3349 ‘Quae
854 3292 951 3355 potero
975 3291 1084 3355 tangam
1108 3280 1190 3339 tumia
1213 3284 1288 3357 leges
1312 3285 1394 3342 tene'

191 3368 230 3426 15
252 3367 386 3425 Iulianus
397 3386 427 3440 p.
444 3372 475 3423 u:
497 3368 534 3425 Er
557 3368 598 3424 bis
622 3384 805 3442 superuacuae
824 3367 952 3424 uidentur
966 3367 1126 3442 quibusdum
1143 3370 1274 3442 imperitis
1290 3368 1306 3424 Ιι
1322 3379 1350 3426 et
1366 3389 1393 3444 q.

104 3452 194 3522 Quare
208 3452 336 3510 dicuntur
351 3453 555 3526 superuacuae?
591 3450 658 3520 Quia
681 3470 731 3510 nec
753 3453 786 3510 ab
808 3471 824 3509 e
846 3452 934 3510 uocali
957 3453 1096 3524 inchoant,
1119 3455 1190 3510 sieut
1206 3455 1395 3527 sermunculos,

105 3555 156 3596 uec
178 3539 205 3595 in
228 3555 243 3595 e
265 3538 353 3595 uocali
384 3539 526 3608 desinunt,
555 3540 625 3595 sieut
654 3545 743 3594 mutue
772 3547 799 3594 et
827 3540 889 3612 quia
918 3540 943 3593 in
972 3539 1132 3594 calumniam
1159 3540 1280 3595 ueniunt.
1322 3537 1395 3606 Quo·

104 3624 204 3680 model
192 3622 313 3690 lQuia
336 3632 435 3696 etpro
459 3624 474 3679 lr
497 3626 694 3696 ponitureet
716 3640 766 3696 pro
789 3641 804 3679 c
826 3623 990 3697 poniturlr3
1017 3632 1044 3678 et
1067 3641 1117 3696 pro
1140 3642 1156 3697 q
1180 3625 1343 3698 penitere,
1367 3634 1395 3681 et

103 3726 156 3784 pro
177 3726 194 3765 c
215 3708 375 3781 poniturq.
419 3707 531 3776 Quidam
555 3708 689 3777 nesciunt,
711 3710 839 3782 quotiens
861 3726 875 3764 a
899 3709 1033 3780 sequitur,
1056 3708 1200 3764 bliteraru
1224 3725 1393 3782 praeponen-

104 3795 165 3851 dam
193 3809 267 3860 esse;
292 3796 461 3865 quoties,
428 3811 443 3848 ιι
488 3808 538 3868 per
560 3811 593 3866 q,
620 3810 674 3849 nou
701 3810 749 3866 per
771 3811 786 3848 c
807 3793 995 3863 scribendum,
1025 3793 1159 3867 quomodo
1188 3794 1304 3867 imperiti
1328 3794 1392 3867 (lep.

103 3878 264 3948 Quomodo?
287 3876 416 3951 imperiti)
439 3878 577 3945 dicebant,
601 3885 631 3933 ut
653 3880 781 3951 quotiens
803 3896 817 3934 a
839 3877 983 3933 subsecuta
1008 3877 1119 3947 luisset,
1142 3893 1191 3951 per
1213 3896 1228 3934 e
1250 3877 1395 3936 deberetur

103 3963 203 4031 scribi,
232 3972 262 4018 ut
284 3962 417 4034 Carthago
441 3964 576 4031 caminus,
608 3961 678 4017 unde
700 3971 728 4018 et
750 3962 797 4036 qui
821 3970 886 4018 tune
907 3963 1013 4036 capitali
1037 3962 1225 4035 plectebantur
1247 3965 1391 4020 sententia.

104 4046 312 4114 Sedllalendac
335 4055 362 4103 et
385 4047 523 4120 llarthago
547 4056 650 4103 tantum
673 4046 806 4103 debentur
829 4064 878 4121 per
901 4047 916 4103 Ιι
940 4046 1031 4103 scribi.
1073 4047 1167 4103 Cetera
1190 4064 1239 4120 per
1262 4065 1284 4103 e.
1322 4046 1393 4115 Quo·

105 4135 176 4190 tiens
199 4149 227 4204 ιι,
249 4148 298 4207 per
321 4150 349 4206 q,
374 4149 428 4189 non
452 4150 500 4206 per
521 4150 536 4188 e
558 4131 737 4189 scribendum.
783 4130 941 4199 Quomodo?
985 4132 1080 4187 bicunt
1102 4133 1200 4205 aliqui:
1225 4134 1352 4206 quotiens
1375 4151 1391 4188 ιι

104 4218 187 4275 luerit
209 4217 369 4287 subsecuta,
397 4234 446 4290 per
468 4236 485 4291 q
508 4217 588 4273 scribi
612 4217 706 4289 debet,
735 4225 765 4272 ut
787 4214 883 4291 ‘quum
906 4216 1029 4273 uenero'.
1073 4216 1124 4272 Sed
1148 4217 1255 4289 quando
1279 4216 1391 4273 uerbum

103 4303 279 4359 subsecutum
304 4302 400 4372 luerit,
423 4319 472 4376 per
495 4321 512 4376 q
535 4303 587 4358 erit
609 4304 755 4377 seriptum:
776 4303 883 4376 quando
907 4317 1003 4358 nomen
1028 4300 1156 4373 ablabui,
1178 4318 1227 4375 per
1249 4320 1272 4358 e.

103 4500 213 4536 coniers
230 4499 386 4535 ususrnsrs
404 4486 454 4534 207
472 4499 619 4534 vaesanus.

169 4553 302 4618 ⁴lgnidou
354 4563 483 4602 amutunto
535 4553 614 4602 used
632 4563 694 4616 aput
711 4552 756 4600 bec
774 4551 890 4613 liquescit
957 4550 1120 4616 scta-isus]
1140 4553 1390 4616 Seduliiop.pusrlz.

101 4620 618 4686 ttt.ltom.V1p.461Aeu.Ben.
690 4622 720 4669 19
738 4636 751 4667 c
769 4635 814 4669 om.
868 4634 882 4680 q
902 4637 947 4669 our.
1000 4637 1014 4681 q
1034 4638 1080 4670 om.
1125 4636 1148 4684 c,
1168 4620 1183 4668 k
1201 4637 1246 4669 οιιι.
1315 4622 1348 4669 20
1366 4636 1391 4681 ιι,

102 4704 181 4742 corr.
266 4690 298 4739 22
315 4704 331 4738 ιι
349 4705 394 4740 om.
447 4703 524 4737 eona.
593 4690 625 4738 23
643 4687 658 4735 lc
678 4702 723 4738 ont.
777 4686 922 4735 llectebntur
990 4690 1024 4738 ‘35
1042 4688 1123 4737 bexrrs
1194 4690 1225 4738 27
1245 4688 1260 4736 lt
1279 4704 1325 4738 om.
1378 4706 1392 4736 c

103 4775 150 4811 W·
203 4774 219 4808 ll
237 4774 283 4812 om.
