3420 5378
695 1070 805 1151 III.

257 1284 343 1367 DE
381 1283 722 1368 CHARISIO
759 1286 840 1368 ET
876 1284 1244 1368 FLAVIANO.
1305 1350 1311 1373 .

684 1693 769 1757 Onu.
791 1692 819 1757 Ι.

307 1829 366 1894 DE
390 1827 584 1895 CHARISII
612 1828 855 1896 Excutiens
876 1806 1196 1896 BERNENSIBVS.

193 1989 312 2049 Codicis
334 1989 496 2048 Beruensis
522 1995 575 2046 123
595 1996 758 2064 excerpta,
788 2006 866 2063 quae
890 1990 1058 2048 Carminiani
1084 1991 1203 2049 nomine
1219 1992 1398 2064 praeposito

105 2092 138 2150 in
160 2093 262 2164 primu
283 2092 347 2151 eius
367 2091 440 2150 libri
460 2098 528 2149 arte
548 2092 701 2151 collaticia
724 2098 901 2166 cursantur,
930 2107 990 2151 non
1012 2093 1111 2167 parui
1137 2108 1199 2150 esse
1227 2093 1269 2150 od
1290 2091 1396 2151 Chari-

107 2195 184 2252 sium
206 2193 425 2252 emendandum
448 2195 497 2252 net
517 2193 717 2268 supplendum
734 2195 844 2268 pretii,
870 2194 1053 2268 praesertim
1081 2194 1113 2252 in
1141 2199 1230 2253 tanta
1251 2193 1397 2252 tororum

106 2296 383 2371 manuscriptorum
399 2296 544 2369 penuria,
569 2302 651 2355 recte
671 2298 873 2355 existimatum
900 2302 993 2354 estet
1015 2312 1034 2352 n
1057 2295 1148 2354 Petro
1170 2295 1295 2354 Daniele
1317 2296 1397 2369 otim,

105 2397 243 2470 quicum
264 2397 375 2456 librum
403 2404 548 2455 accurate
573 2414 640 2456 cum
669 2400 839 2473 eucmptnri
863 2413 917 2457 suo
945 2399 1026 2473 typis
1052 2397 1205 2471 descripto
1231 2393 1398 2475 contulit*)

105 2504 135 2556 et
156 2513 175 2555 a
198 2496 333 2557 ilenrico
356 2500 455 2557 Keitio
476 2516 583 2573 nuper,
609 2515 697 2573 picem
719 2500 879 2573 ditipenter
901 2507 1004 2557 nostro
1030 2501 1134 2558 codice
1155 2515 1240 2557 usum
1261 2515 1325 2558 esse
1345 2514 1397 2557 ex-

104 2586 279 2674 cerptorum
314 2598 513 2659 Berncnsinm
543 2598 786 2674 frequentissime
819 2600 910 2672 secta
946 2603 1188 2660 commemoratio
1225 2601 1307 2658 testis
1343 2606 1396 2658 est.

107 2701 184 2771 Quos
205 2701 288 2761 iocos
317 2718 383 2760 curu
411 2702 446 2761 ‹ri›
476 2704 553 2760 alias
574 2704 722 2775 pieasdom
744 2705 933 2777 quaestiones
960 2704 1059 2761 den-uo
1081 2708 1319 2776 pertractarem,
1349 2717 1397 2759 oc-

106 2810 272 2861 currerunt
291 2804 448 2878 ntnmulia,
471 2820 549 2877 quae
570 2805 631 2863 illis
653 2821 730 2878 quac
751 2806 869 2864 licilins
890 2805 1025 2864 entntnnit
1051 2805 1195 2862 addenda
1222 2819 1286 2861 esse
1311 2810 1399 2861 ratus

102 2920 176 2963 snm.
212 2904 312 2963 Erunt
326 2906 415 2976 entim,
433 2922 510 2979 quac
529 2907 714 2978 corripenda
735 2908 918 2980 reliquisset:
938 2907 1032 2980 ptura
1049 2922 1121 2963 itero
1138 2905 1286 2964 eiusmodi
1298 2910 1396 2975 erant,

15 3025 22 3036 ·
105 3014 137 3065 ut
158 3007 201 3065 ad
221 3012 408 3081 apparatum
430 3022 515 3080 quem
539 3015 649 3066 nocant
663 3009 802 3067 criticum
820 3009 962 3078 omnihus,
988 3015 1131 3081 astantum
1153 3008 1186 3065 id
1197 3008 1270 3077 sieri
1287 3010 1396 3081 potest,

103 3104 238 3169 numeris
264 3107 477 3167 absoluendum
507 3110 627 3166 omnino
654 3126 729 3184 opus
756 3117 860 3168 essent.
912 3108 989 3167 h'nm
1019 3109 1134 3168 Kciiius
1167 3109 1237 3167 dum
1266 3110 1298 3167 in
1326 3109 1399 3182 ipsis

105 3208 240 3269 Charisii
260 3209 359 3269 ucrhis
380 3210 575 3268 emendandis
597 3212 715 3282 dedens
735 3213 847 3285 passim
870 3227 948 3284 qntac
969 3218 1135 3270 memoratu
1151 3211 1245 3285 dipnn
1267 3211 1397 3284 reperie-

102 3312 155 3371 hat
176 3313 328 3386 excerpit,
353 3328 412 3370 uon
435 3319 553 3386 operte,
583 3329 661 3386 aune
682 3329 800 3387 piraque
825 3314 891 3371 loco
918 3329 959 3371 ene
986 3313 1124 3393 Charisia
1153 3311 1262 3371 hausta
1290 3319 1396 3383 essent,

103 3412 211 3487 ubique
230 3414 424 3486 sipniiienuit.
473 3413 535 3484 Ouo
554 3416 598 3485 ht,
624 3423 655 3472 at
676 3431 716 3472 ex
732 3416 806 3489 ipsis
826 3417 890 3473 eius
904 3417 1057 3489 exemptis
1080 3416 1167 3481 iilud,
1191 3414 1274 3488 qetod
1288 3427 1397 3472 reueru

102 3515 211 3583 enecuit,
234 3531 295 3573 non
316 3517 390 3573 satis
411 3517 572 3585 clarescat,
597 3518 691 3575 muita
713 3518 776 3575 alia
792 3533 923 3592 prorsus
945 3518 1051 3575 ordine
1073 3518 1104 3574 in
1126 3517 1230 3575 codiee
1248 3514 1402 3573 Beruensi

100 3614 259 3692 proferri,
287 3618 392 3690 alianto
425 3618 526 3675 deesse
558 3619 725 3690 interdum,
761 3619 825 3677 alia
853 3619 1054 3691 superaddita
1086 3634 1158 3676 csse.
1206 3618 1398 3692 (ittnproptcr

103 3719 205 3776 omniu
226 3720 285 3776 ista
306 3735 373 3777 ciem
392 3719 565 3792 pnttluiscedo
587 3721 668 3792 quod
689 3720 795 3779 dicunt
816 3720 1029 3778 emhnurientia
1050 3736 1112 3778 esse
1134 3721 1220 3791 duxi,
1245 3726 1278 3777 ut
1299 3718 1395 3787 simui,

103 3836 165 3895 uua
186 3827 351 3894 excerptor
373 3821 489 3893 ipsein
511 3836 565 3878 suo
587 3837 677 3895 opere
698 3823 884 3892 conficiendo
912 3823 1031 3879 ratiouc
1053 3840 1122 3880 usus
1143 3829 1234 3891 esset,
1264 3820 1399 3878 dilucide

104 3922 320 3981 ostenderetur.
367 3921 468 3980 Multa
490 3924 567 3979 enim
590 3923 719 3981 librario
741 3924 816 3982 uitia
839 3924 1009 3997 inputandu
1031 3930 1115 3995 sunt,
1139 3940 1200 3981 tion
1219 3936 1322 3996 panca
1344 3937 1398 3979 cx·

102 4024 249 4098 carptori,
274 4024 421 4081 notennlla
443 4024 572 4096 denique
593 4041 633 4081 ec
654 4025 724 4098 ipsu
745 4026 858 4083 codicis
881 4024 1027 4096 Charisii,
1052 4041 1138 4098 aetem
1160 4029 1324 4097 excerptor
1344 4023 1398 4080 ad-

102 4125 208 4196 hibuit,
233 4125 380 4199 quontitate
400 4125 581 4183 deducenda
602 4133 699 4185 ertertt.
747 4124 859 4184 Tamen
884 4128 916 4185 id
936 4135 1039 4184 teneas
1062 4127 1167 4201 inclita,
1197 4142 1256 4183 non
1280 4125 1399 4184 uniuer-

101 4241 167 4285 sum
188 4241 235 4284 me
256 4227 370 4285 codicis
393 4225 558 4285 Beruensis
579 4229 763 4301 scripturum
786 4229 884 4286 derceto
903 4230 1148 4303 propositurum,
1172 4228 1227 4286 scd
1247 4242 1284 4286 eu
1306 4227 1399 4286 sotum

103 4327 212 4400 imodo,
237 4343 316 4401 attae
336 4329 536 4402 supplementi
554 4329 652 4386 instar
675 4330 769 4387 Keilii
788 4330 1032 4411 adsentationibus
1053 4332 1216 4404 adpinpns.
1262 4327 1401 4387 Omnibus

98 4431 184 4503 pitur
210 4428 343 4489 Charisii
371 4431 523 4505 excerptis
552 4430 725 4489 Cominiuni
752 4448 859 4491 nomeu
877 4434 1079 4506 praemissum
1101 4440 1145 4490 cst
1167 4430 1227 4504 (cs.
1250 4430 1290 4488 li.
1305 4432 1400 4491 Keilii

171 4664 198 4726 *J
216 4664 328 4723 Quorum
348 4665 459 4714 ioemnnn
480 4681 540 4730 pars
559 4681 653 4731 magna
672 4669 696 4715 in
717 4682 795 4716 uisam
814 4680 935 4729 congestu
955 4683 968 4714 n
989 4667 1062 4714 Pon-a
1082 4666 1187 4715 lJaaicic
1211 4667 1285 4717 hodie
1307 4667 1400 4729 legiun-

103 4736 129 4783 in
147 4733 234 4783 codice
251 4733 375 4784 Beruensi
395 4735 452 4797 189,
469 4749 520 4797 quo
539 4736 594 4784 eius
613 4736 762 4785 adacrsuria
779 4735 938 4802 philologici
956 4735 1124 4785 contineatur.
