3420 5378
303 1277 349 1358 In
365 1290 433 1354 boo
455 1292 741 1356 anecdotorum
763 1289 1064 1354 Helueticorum
1088 1290 1127 1354 ad
1150 1294 1252 1355 artem
1273 1294 1515 1376 grammaticam

216 1405 430 1490 spectantium
458 1405 622 1469 uolumine
650 1402 863 1487 conficiendo,
898 1401 984 1487 quod
1013 1404 1296 1487 grammaticorum
1323 1406 1514 1473 Latinorum

216 1515 350 1581 editioni
379 1536 483 1579 nouae
512 1515 602 1598 quasi
630 1515 888 1599 supplementum
914 1512 996 1578 adici
1018 1513 1123 1578 uoluit
1144 1513 1304 1581 Teubncri
1327 1517 1515 1583 amicorum-

216 1648 278 1710 que
298 1607 465 1690 doctorum
487 1625 672 1708 prudentia,
695 1624 854 1708 duplicem
876 1625 1035 1688 rationem
1057 1628 1184 1689 secutus
1206 1648 1291 1710 snm,
1315 1620 1406 1692 ut'et
1427 1629 1514 1693 eolli-
1542 1670 1544 1675 ·

215 1757 324 1822 geram
340 1757 598 1820 excerperemue,
622 1756 703 1818 quae
718 1735 872 1799 hactenus
888 1734 1054 1819 incognita
1068 1734 1104 1798 in
1118 1734 1323 1801 bibliothecis
1337 1737 1513 1803 Helueticis

214 1847 424 1912 Turiccnsi
446 1844 698 1911 Einsidlensi
722 1844 920 1909 Bernensi
949 1844 1125 1927 latuerant,
1154 1848 1201 1928 et,
1231 1846 1257 1909 si
1286 1847 1363 1930 quid
1390 1848 1431 1912 ad
1458 1871 1513 1914 eos

215 1957 329 2041 libros,
359 1956 413 2040 qui
444 1956 508 2020 iam
536 1959 647 2020 extant
674 1955 709 2019 in
735 1976 823 2019 noua
844 1954 977 2018 Henrici
1004 1953 1103 2018 Keilii
1130 1953 1271 2020 editione
1299 1956 1339 2021 ad
1367 1957 1511 2023 codicum

213 2066 309 2132 fidem
344 2043 516 2152 recogniti,
550 2064 757 2130 illustrandos
791 2064 954 2129 uideretur
987 2086 1026 2128 ex
1057 2064 1170 2130 iisdem
1198 2065 1343 2131 fontibus
1373 2066 1512 2133 deriuari

146 2231 148 2234 Α
213 2199 322 2262 posse,
346 2199 441 2261 quam
464 2177 699 2241 accuratissime
721 2196 936 2261 congererem.
966 2175 1101 2268 ¹Itaque,
1125 2197 1166 2240 ne
1187 2179 1339 2260 proteruo
1362 2176 1442 2260 pede
1464 2178 1513 2242 in-

213 2309 373 2352 currerem
395 2287 430 2351 in
459 2287 581 2351 alienos
609 2286 735 2350 labores
762 2286 905 2370 nondum
933 2285 973 2350 ad
1000 2287 1098 2351 finem
1125 2285 1310 2370 perductos,
1339 2288 1448 2352 omnia
1475 2311 1513 2353 ea

213 2397 332 2480 scripta
359 2397 506 2477 consulto
540 2397 755 2480 praetermisi,
791 2418 887 2479 quac,
922 2396 1008 2480 quod
1038 2400 1086 2461 est
1113 2397 1176 2460 uiri
1204 2396 1378 2462 doctissimi
1406 2420 1511 2463 nouae

213 2507 363 2572 editionis
386 2508 525 2571 auctoris
548 2510 644 2591 atque
666 2508 804 2590 auspicis
826 2508 1012 2591 consilium,
1035 2507 1190 2591 proximis
1209 2507 1296 2571 haud
1311 2506 1406 2573 dubie
1420 2509 1511 2573 uolu-

211 2618 352 2682 minibus
374 2618 445 2681 luce
468 2616 687 2699 donabuntur,
715 2639 851 2701 quorum
874 2619 908 2682 in
930 2639 1064 2682 numero
1088 2617 1301 2702 orthographi
1322 2618 1510 2701 praesertim

212 2731 246 2792 et
266 2727 313 2791 rei
334 2727 487 2792 metricae
509 2726 680 2810 scriptores
702 2730 805 2790 erunt.
844 2725 906 2792 Sed
927 2727 1131 2811 praecipuam
1155 2748 1285 2810 operam
1307 2726 1343 2791 in
1359 2749 1397 2792 eo
1413 2728 1510 2793 collo-
1564 2735 1568 2743 '

212 2838 298 2921 caui,
334 2841 371 2902 ut
396 2836 533 2922 primam
562 2858 709 2920 operum,
746 2839 906 2921 quotquot
933 2837 1127 2923 inuestigare
1156 2831 1263 2920 potui,
1294 2837 1399 2902 medio
1428 2859 1508 2903 aeuo

210 2949 402 3033 scriptorum
424 2947 575 3012 notitiam
596 2946 797 3030 praeberem,
824 2947 888 3012 alia
909 2948 1049 3033 integra,
1077 2952 1114 3013 ut
1136 2952 1242 3031 erant,
1272 2948 1335 3012 alia
1357 2970 1395 3012 ex
1417 2952 1508 3032 parte

211 3057 422 3123 describerem
445 3058 496 3122 uel
519 3058 703 3122 summatim
724 3079 952 3141 percurrerem.

295 3168 417 3243 Quibus
445 3169 487 3250 si,
516 3168 592 3251 quia
618 3167 705 3232 intra
731 3167 900 3233 Heluetiae
932 3170 1013 3234 fines
1041 3169 1227 3234 inuenerem
1233 3217 1242 3250 ,
1278 3168 1508 3234 anecdotorum

209 3278 451 3343 Helueticorum
473 3299 593 3343 nomen
614 3276 730 3361 indidi,
757 3300 825 3343 non
847 3300 976 3361 uereor,
1003 3300 1061 3362 ne,
1090 3278 1145 3362 qui
1168 3277 1281 3342 ceteris
1303 3278 1507 3344 bibliothecis

209 3389 277 3454 eius
298 3388 425 3474 generis
447 3387 640 3471 scriptorum
662 3388 888 3455 seruatricibus
910 3388 962 3453 uel
986 3387 1150 3453 Parisinae
1172 3388 1224 3455 uel
1246 3389 1432 3455 Monacensi
1454 3390 1505 3454 uel

208 3498 357 3564 Leidensi
380 3499 432 3562 uel
455 3497 588 3564 cuilibet
615 3498 671 3563 alii
697 3502 865 3583 praesunt,
895 3499 922 3563 si
944 3499 1029 3564 forte
1053 3498 1162 3563 eadem
1185 3499 1237 3563 uel
1259 3499 1310 3564 his
1332 3499 1450 3565 similia
1470 3500 1505 3565 in

210 3610 275 3675 suis
291 3630 418 3694 quoque
433 3586 595 3672 codicibus
611 3609 750 3673 inueniri
765 3609 911 3693 uideant,
934 3614 1079 3694 ereptum
1094 3609 1156 3674 sibi
1170 3632 1290 3674 nomen
1304 3609 1383 3694 ipsis
1397 3610 1505 3694 potius

208 3720 351 3784 debitum
373 3722 556 3803 querantur.
595 3718 673 3793 Quis
695 3719 782 3784 enim
798 3717 941 3785 Orameri
963 3718 1118 3785 anecdota
1133 3719 1330 3785 Oxoniensia
1350 3720 1403 3784 uel
1417 3719 1504 3786 Pari-

207 3831 279 3894 sina
299 3829 519 3894 Parisinorum
545 3827 769 3894 tantummodo
797 3829 849 3894 uel
872 3829 1105 3895 Oxoniensium
1131 3812 1288 3894 librorum
1314 3830 1504 3896 auctoritate

207 3944 240 4004 et
266 3939 422 4003 beneficio
451 3938 491 4003 ad
518 3942 663 4003 nostram
691 3942 828 4004 aetatem
855 3942 1039 4024 peruenisse
1067 3938 1264 4005 contendat?
1303 3938 1503 4024 Quamquam

207 4048 437 4115 anecdotorum
451 4047 694 4113 Helueticorum
717 4071 836 4114 nomen
859 4052 901 4115 ob
922 4052 1007 4115 hanc
1028 4050 1165 4116 maxime
1188 4071 1316 4114 causam
1338 4051 1525 4135 amplexus

206 4183 291 4242 sum,
321 4159 488 4243 quoniam,
518 4182 590 4223 curn
618 4180 659 4223 ne
687 4181 753 4223 una
779 4160 908 4243 quidem
935 4162 1055 4246 pagina
1075 4161 1318 4226 Helueticorum
1346 4160 1502 4226 librorum

206 4271 395 4336 auctoritate
424 4274 546 4352 careat,
574 4273 643 4333 tum
671 4269 769 4355 longe
798 4271 937 4335 maxima
963 4272 1037 4336 libri
1064 4293 1153 4356 pars,
1183 4275 1340 4355 quatenus
1362 4272 1501 4357 peregri-

205 4403 321 4445 norum
337 4403 356 4444 a
370 4380 448 4445 uiris
468 4380 569 4444 doctis
592 4384 913 4446 commemoratorum
934 4382 1051 4447 notitia
1072 4381 1153 4447 mihi
1175 4382 1318 4468 patebat,
1341 4405 1361 4447 a
1381 4383 1500 4449 nostris

128 4556 131 4560 .
205 4491 282 4556 solis
315 4489 488 4575 repetenda
520 4495 577 4556 est.
631 4490 734 4555 Immo
767 4492 802 4554 in
835 4513 873 4556 eo
905 4493 1013 4576 potius
1045 4492 1273 4577 reprehendar,
1311 4493 1396 4576 quod
1433 4516 1499 4559 non
