<?xml version="1.0" encoding="UTF-8"?>
<!DOCTYPE html PUBLIC "-//W3C//DTD XHTML 1.0 Transitional//EN"
    "http://www.w3.org/TR/xhtml1/DTD/xhtml1-transitional.dtd">
<html xmlns="http://www.w3.org/1999/xhtml" xml:lang="en" lang="en">
 <head>
  <title>
</title>
<meta http-equiv="Content-Type" content="text/html;charset=utf-8" />
  <meta name='ocr-system' content='tesseract 3.04.00' />
  <meta name='ocr-capabilities' content='ocr_page ocr_carea ocr_par ocr_line ocrx_word'/>
</head>
<body>
  <div class='ocr_page' id='page_1' title='image "./grammaticilatin04keilgoog/grammaticilatin04keilgoog_0247.png"; bbox 0 0 3420 5378; ppageno 0'>
   <div class='ocr_carea' id='block_1_1' title="bbox 197 287 1030 355">
    <p class='ocr_par' dir='ltr' id='par_1_1' title="bbox 197 287 1030 355">
     <span class='ocr_line' id='line_1_1' title="bbox 197 287 1030 355; baseline -0.02 0"><span class='ocrx_word' id='word_1_1' title='bbox 197 306 324 355; x_wconf 72' lang='lat' dir='ltr'><strong>ccxtm</strong></span> <span class='ocrx_word' id='word_1_2' title='bbox 650 290 700 340; x_wconf 79' lang='lat' dir='ltr'><strong>DE</strong></span> <span class='ocrx_word' id='word_1_3' title='bbox 719 287 904 342; x_wconf 73' lang='lat' dir='ltr'><strong>amantem</strong></span> <span class='ocrx_word' id='word_1_4' title='bbox 923 287 1030 339; x_wconf 71' lang='lat' dir='ltr'><strong>ARTE.</strong></span> 
     </span>
    </p>
   </div>
   <div class='ocr_carea' id='block_1_2' title="bbox 142 473 1528 2682">
    <p class='ocr_par' dir='ltr' id='par_1_2' title="bbox 142 473 1528 1833">
     <span class='ocr_line' id='line_1_2' title="bbox 142 473 1492 558; baseline -0.003 -19"><span class='ocrx_word' id='word_1_5' title='bbox 142 474 149 495; x_wconf 91' lang='lat'><strong><em>‘</em></strong></span> <span class='ocrx_word' id='word_1_6' title='bbox 198 478 285 540; x_wconf 82' lang='lat' dir='ltr'><strong>illud:</strong></span> <span class='ocrx_word' id='word_1_7' title='bbox 321 480 373 539; x_wconf 81' lang='lat' dir='ltr'><strong>‘mi</strong></span> <span class='ocrx_word' id='word_1_8' title='bbox 402 486 495 558; x_wconf 89' lang='lat' dir='ltr'><strong>pater,</strong></span> <span class='ocrx_word' id='word_1_9' title='bbox 530 480 555 538; x_wconf 90' lang='lat' dir='ltr'><strong>si</strong></span> <span class='ocrx_word' id='word_1_10' title='bbox 581 478 646 539; x_wconf 91' lang='lat' dir='ltr'><strong>lieri</strong></span> <span class='ocrx_word' id='word_1_11' title='bbox 677 483 787 557; x_wconf 88' lang='lat' dir='ltr'><strong>potest,</strong></span> <span class='ocrx_word' id='word_1_12' title='bbox 822 484 953 539; x_wconf 89' lang='lat' dir='ltr'><strong>transeat</strong></span> <span class='ocrx_word' id='word_1_13' title='bbox 979 494 994 536; x_wconf 90' lang='lat' dir='ltr'><strong>a</strong></span> <span class='ocrx_word' id='word_1_14' title='bbox 1024 495 1072 537; x_wconf 90' lang='lat' dir='ltr'><strong>me</strong></span> <span class='ocrx_word' id='word_1_15' title='bbox 1101 476 1176 537; x_wconf 80' lang='lat' dir='ltr'><strong>calin</strong></span> <span class='ocrx_word' id='word_1_16' title='bbox 1204 477 1306 547; x_wconf 84' lang='lat' dir='ltr'><strong>istel’,</strong></span> <span class='ocrx_word' id='word_1_17' title='bbox 1341 481 1373 535; x_wconf 91' lang='lat' dir='ltr'><strong>et</strong></span> <span class='ocrx_word' id='word_1_18' title='bbox 1404 473 1492 536; x_wconf 85' lang='lat' dir='ltr'><strong>illud:</strong></span> 
     </span>
     <span class='ocr_line' id='line_1_3' title="bbox 198 559 1494 642; baseline -0.004 -17"><span class='ocrx_word' id='word_1_19' title='bbox 198 568 293 642; x_wconf 86' lang='lat' dir='ltr'><strong>‘pater</strong></span> <span class='ocrx_word' id='word_1_20' title='bbox 316 565 365 633; x_wconf 89' lang='lat' dir='ltr'><strong>mi,</strong></span> <span class='ocrx_word' id='word_1_21' title='bbox 389 571 473 642; x_wconf 90' lang='lat' dir='ltr'><strong>pater</strong></span> <span class='ocrx_word' id='word_1_22' title='bbox 497 565 550 634; x_wconf 91' lang='lat' dir='ltr'><strong>mi,</strong></span> <span class='ocrx_word' id='word_1_23' title='bbox 580 580 686 624; x_wconf 91' lang='lat' dir='ltr'><strong>currus</strong></span> <span class='ocrx_word' id='word_1_24' title='bbox 710 561 800 623; x_wconf 92' lang='lat' dir='ltr'><strong>lsrael</strong></span> <span class='ocrx_word' id='word_1_25' title='bbox 828 570 858 624; x_wconf 93' lang='lat' dir='ltr'><strong>et</strong></span> <span class='ocrx_word' id='word_1_26' title='bbox 886 564 988 640; x_wconf 86' lang='lat' dir='ltr'><strong>auriga</strong></span> <span class='ocrx_word' id='word_1_27' title='bbox 1011 561 1101 623; x_wconf 88' lang='lat' dir='ltr'><strong>eius!’</strong></span> <span class='ocrx_word' id='word_1_28' title='bbox 1144 561 1246 623; x_wconf 88' lang='lat' dir='ltr'><strong>Potest</strong></span> <span class='ocrx_word' id='word_1_29' title='bbox 1274 570 1303 621; x_wconf 88' lang='lat' dir='ltr'><strong>et</strong></span> <span class='ocrx_word' id='word_1_30' title='bbox 1325 559 1400 620; x_wconf 86' lang='lat' dir='ltr'><strong>haec</strong></span> <span class='ocrx_word' id='word_1_31' title='bbox 1422 578 1494 640; x_wconf 87' lang='lat' dir='ltr'><strong>pars</strong></span> 
     </span>
     <span class='ocr_line' id='line_1_4' title="bbox 197 645 1495 727; baseline -0.004 -18"><span class='ocrx_word' id='word_1_32' title='bbox 197 653 228 710; x_wconf 93' lang='lat' dir='ltr'><strong>in</strong></span> <span class='ocrx_word' id='word_1_33' title='bbox 252 648 386 709; x_wconf 86' lang='lat' dir='ltr'><strong>aduerbii</strong></span> <span class='ocrx_word' id='word_1_34' title='bbox 411 650 536 709; x_wconf 90' lang='lat' dir='ltr'><strong>transire</strong></span> <span class='ocrx_word' id='word_1_35' title='bbox 559 648 820 725; x_wconf 80' lang='lat' dir='ltr'><strong>significationem,</strong></span> <span class='ocrx_word' id='word_1_36' title='bbox 845 647 869 709; x_wconf 90' lang='lat' dir='ltr'><strong>si</strong></span> <span class='ocrx_word' id='word_1_37' title='bbox 893 645 1017 710; x_wconf 89' lang='lat' dir='ltr'><strong>uerbum</strong></span> <span class='ocrx_word' id='word_1_38' title='bbox 1041 655 1192 727; x_wconf 90' lang='lat' dir='ltr'><strong>sequatur.</strong></span> <span class='ocrx_word' id='word_1_39' title='bbox 1236 645 1434 716; x_wconf 74' lang='lat' dir='ltr'><strong>admirantis,</strong></span> <span class='ocrx_word' id='word_1_40' title='bbox 1463 654 1495 705; x_wconf 92' lang='lat' dir='ltr'><strong>ut</strong></span> 
     </span>
     <span class='ocr_line' id='line_1_5' title="bbox 198 728 1493 815; baseline -0.005 -21"><span class='ocrx_word' id='word_1_41' title='bbox 198 736 313 815; x_wconf 83' lang='lat' dir='ltr'><strong>‘papa&#39;;</strong></span> <span class='ocrx_word' id='word_1_42' title='bbox 348 735 392 795; x_wconf 91' lang='lat' dir='ltr'><strong>sic</strong></span> <span class='ocrx_word' id='word_1_43' title='bbox 420 734 497 794; x_wconf 89' lang='lat' dir='ltr'><strong>enim</strong></span> <span class='ocrx_word' id='word_1_44' title='bbox 526 732 649 811; x_wconf 80' lang='lat' dir='ltr'><strong>legitur:</strong></span> <span class='ocrx_word' id='word_1_45' title='bbox 685 736 787 812; x_wconf 71' lang='lat' dir='ltr'><strong>papa,</strong></span> <span class='ocrx_word' id='word_1_46' title='bbox 818 735 923 793; x_wconf 88' lang='lat' dir='ltr'><strong>uiuere</strong></span> <span class='ocrx_word' id='word_1_47' title='bbox 950 751 1009 793; x_wconf 92' lang='lat' dir='ltr'><strong>uon</strong></span> <span class='ocrx_word' id='word_1_48' title='bbox 1044 731 1114 794; x_wconf 91' lang='lat' dir='ltr'><strong>licet</strong></span> <span class='ocrx_word' id='word_1_49' title='bbox 1147 741 1175 793; x_wconf 86' lang='lat' dir='ltr'><strong>et</strong></span> <span class='ocrx_word' id='word_1_50' title='bbox 1208 732 1358 792; x_wconf 80' lang='lat' dir='ltr'><strong>fornicare</strong></span> <span class='ocrx_word' id='word_1_51' title='bbox 1393 728 1493 791; x_wconf 82' lang='lat' dir='ltr'><strong>libetl’</strong></span> 
     </span>
     <span class='ocr_line' id='line_1_6' title="bbox 198 815 1518 890; baseline -0.004 -10"><span class='ocrx_word' id='word_1_52' title='bbox 198 819 271 881; x_wconf 88' lang='lat' dir='ltr'><strong>Nam</strong></span> <span class='ocrx_word' id='word_1_53' title='bbox 295 817 468 879; x_wconf 87' lang='lat' dir='ltr'><strong>admirantis</strong></span> <span class='ocrx_word' id='word_1_54' title='bbox 491 817 589 879; x_wconf 90' lang='lat' dir='ltr'><strong>multis</strong></span> <span class='ocrx_word' id='word_1_55' title='bbox 611 817 708 877; x_wconf 81' lang='lat' dir='ltr'><strong>modis</strong></span> <span class='ocrx_word' id='word_1_56' title='bbox 730 818 803 878; x_wconf 92' lang='lat' dir='ltr'><strong>liunt</strong></span> <span class='ocrx_word' id='word_1_57' title='bbox 824 819 1055 879; x_wconf 89' lang='lat' dir='ltr'><strong>interiectiones.</strong></span> <span class='ocrx_word' id='word_1_58' title='bbox 1099 815 1302 890; x_wconf 70' lang='lat' dir='ltr'><strong>prohibentis,</strong></span> <span class='ocrx_word' id='word_1_59' title='bbox 1333 824 1366 875; x_wconf 90' lang='lat' dir='ltr'><strong>ut</strong></span> <span class='ocrx_word' id='word_1_60' title='bbox 1389 816 1518 884; x_wconf 68' lang='lat' dir='ltr'><strong>‘tuto’;5</strong></span> 
     </span>
     <span class='ocr_line' id='line_1_7' title="bbox 199 898 1494 980; baseline -0.004 -15"><span class='ocrx_word' id='word_1_61' title='bbox 199 906 242 966; x_wconf 91' lang='lat' dir='ltr'><strong>sic</strong></span> <span class='ocrx_word' id='word_1_62' title='bbox 265 905 343 964; x_wconf 90' lang='lat' dir='ltr'><strong>enim</strong></span> <span class='ocrx_word' id='word_1_63' title='bbox 369 902 531 963; x_wconf 81' lang='lat' dir='ltr'><strong>infantibus</strong></span> <span class='ocrx_word' id='word_1_64' title='bbox 554 904 759 964; x_wconf 87' lang='lat' dir='ltr'><strong>comminatur.</strong></span> <span class='ocrx_word' id='word_1_65' title='bbox 810 901 882 963; x_wconf 87' lang='lat' dir='ltr'><strong>Nam</strong></span> <span class='ocrx_word' id='word_1_66' title='bbox 906 910 936 964; x_wconf 91' lang='lat' dir='ltr'><strong>et</strong></span> <span class='ocrx_word' id='word_1_67' title='bbox 957 904 986 964; x_wconf 91' lang='lat' dir='ltr'><strong>in</strong></span> <span class='ocrx_word' id='word_1_68' title='bbox 1009 902 1152 964; x_wconf 85' lang='lat' dir='ltr'><strong>&#39;leodisca</strong></span> <span class='ocrx_word' id='word_1_69' title='bbox 1174 901 1273 980; x_wconf 86' lang='lat' dir='ltr'><strong>lingua</strong></span> <span class='ocrx_word' id='word_1_70' title='bbox 1296 898 1370 961; x_wconf 86' lang='lat' dir='ltr'><strong>illud</strong></span> <span class='ocrx_word' id='word_1_71' title='bbox 1394 904 1494 962; x_wconf 74' lang='lat' dir='ltr'><strong>‘totto’</strong></span> 
     </span>
     <span class='ocr_line' id='line_1_8' title="bbox 199 985 1496 1068; baseline -0.005 -18"><span class='ocrx_word' id='word_1_72' title='bbox 199 987 389 1068; x_wconf 87' lang='lat' dir='ltr'><strong>prohibentis</strong></span> <span class='ocrx_word' id='word_1_73' title='bbox 405 987 493 1049; x_wconf 81' lang='lat' dir='ltr'><strong>lrabet</strong></span> <span class='ocrx_word' id='word_1_74' title='bbox 508 987 698 1049; x_wconf 89' lang='lat' dir='ltr'><strong>intellectum.</strong></span> <span class='ocrx_word' id='word_1_75' title='bbox 728 988 894 1059; x_wconf 89' lang='lat' dir='ltr'><strong>Metuentis,</strong></span> <span class='ocrx_word' id='word_1_76' title='bbox 910 997 957 1048; x_wconf 91' lang='lat' dir='ltr'><strong>nt:</strong></span> <span class='ocrx_word' id='word_1_77' title='bbox 981 987 1029 1048; x_wconf 74' lang='lat' dir='ltr'><strong>‘ha</strong></span> <span class='ocrx_word' id='word_1_78' title='bbox 1046 987 1083 1048; x_wconf 90' lang='lat' dir='ltr'><strong>ha</strong></span> <span class='ocrx_word' id='word_1_79' title='bbox 1099 986 1135 1048; x_wconf 90' lang='lat' dir='ltr'><strong>ha</strong></span> <span class='ocrx_word' id='word_1_80' title='bbox 1151 988 1276 1048; x_wconf 82' lang='lat' dir='ltr'><strong>Domine</strong></span> <span class='ocrx_word' id='word_1_81' title='bbox 1298 985 1373 1047; x_wconf 87' lang='lat' dir='ltr'><strong>deus</strong></span> <span class='ocrx_word' id='word_1_82' title='bbox 1395 986 1496 1066; x_wconf 87' lang='lat' dir='ltr'><strong>nescio</strong></span> 
     </span>
     <span class='ocr_line' id='line_1_9' title="bbox 188 1070 1496 1153; baseline -0.004 -18"><span class='ocrx_word' id='word_1_83' title='bbox 188 1074 291 1151; x_wconf 86' lang='lat' dir='ltr'><strong>loqui,</strong></span> <span class='ocrx_word' id='word_1_84' title='bbox 315 1075 383 1153; x_wconf 87' lang='lat' dir='ltr'><strong>quia</strong></span> <span class='ocrx_word' id='word_1_85' title='bbox 406 1091 480 1153; x_wconf 90' lang='lat' dir='ltr'><strong>puer</strong></span> <span class='ocrx_word' id='word_1_86' title='bbox 503 1091 558 1152; x_wconf 84' lang='lat' dir='ltr'><strong>ego</strong></span> <span class='ocrx_word' id='word_1_87' title='bbox 581 1075 670 1135; x_wconf 88' lang='lat' dir='ltr'><strong>sum&#39;</strong></span> <span class='ocrx_word' id='word_1_88' title='bbox 715 1071 883 1134; x_wconf 89' lang='lat' dir='ltr'><strong>irridentis:</strong></span> <span class='ocrx_word' id='word_1_89' title='bbox 914 1075 1001 1152; x_wconf 81' lang='lat' dir='ltr'><strong>‘euge</strong></span> <span class='ocrx_word' id='word_1_90' title='bbox 1024 1072 1104 1143; x_wconf 88' lang='lat' dir='ltr'><strong>uha’,</strong></span> <span class='ocrx_word' id='word_1_91' title='bbox 1128 1081 1161 1133; x_wconf 91' lang='lat' dir='ltr'><strong>ut</strong></span> <span class='ocrx_word' id='word_1_92' title='bbox 1181 1070 1266 1133; x_wconf 76' lang='lat' dir='ltr'><strong>illuri:</strong></span> <span class='ocrx_word' id='word_1_93' title='bbox 1296 1070 1496 1132; x_wconf 80' lang='lat' dir='ltr'><strong>‘contundan-</strong></span> 
     </span>
     <span class='ocr_line' id='line_1_10' title="bbox 199 1155 1495 1240; baseline -0.002 -21"><span class='ocrx_word' id='word_1_94' title='bbox 199 1169 247 1220; x_wconf 91' lang='lat' dir='ltr'><strong>tur</strong></span> <span class='ocrx_word' id='word_1_95' title='bbox 270 1162 319 1240; x_wconf 91' lang='lat' dir='ltr'><strong>qui</strong></span> <span class='ocrx_word' id='word_1_96' title='bbox 343 1157 447 1219; x_wconf 82' lang='lat' dir='ltr'><strong>dicunt</strong></span> <span class='ocrx_word' id='word_1_97' title='bbox 469 1158 555 1218; x_wconf 90' lang='lat' dir='ltr'><strong>mihi:</strong></span> <span class='ocrx_word' id='word_1_98' title='bbox 579 1176 654 1236; x_wconf 84' lang='lat' dir='ltr'><strong>enge</strong></span> <span class='ocrx_word' id='word_1_99' title='bbox 678 1175 752 1237; x_wconf 85' lang='lat' dir='ltr'><strong>euge</strong></span> <span class='ocrx_word' id='word_1_100' title='bbox 775 1157 843 1228; x_wconf 88' lang='lat' dir='ltr'><strong>uha,</strong></span> <span class='ocrx_word' id='word_1_101' title='bbox 866 1161 915 1236; x_wconf 84' lang='lat' dir='ltr'><strong>qui</strong></span> <span class='ocrx_word' id='word_1_102' title='bbox 940 1159 1068 1219; x_wconf 81' lang='lat' dir='ltr'><strong>destruis</strong></span> <span class='ocrx_word' id='word_1_103' title='bbox 1091 1157 1231 1237; x_wconf 89' lang='lat' dir='ltr'><strong>templum</strong></span> <span class='ocrx_word' id='word_1_104' title='bbox 1254 1157 1308 1217; x_wconf 80' lang='lat' dir='ltr'><strong>[lei</strong></span> <span class='ocrx_word' id='word_1_105' title='bbox 1333 1155 1391 1236; x_wconf 63' lang='lat' dir='ltr'><strong>lilii</strong></span> <span class='ocrx_word' id='word_1_106' title='bbox 1415 1158 1495 1217; x_wconf 90' lang='lat' dir='ltr'><strong>etin</strong></span> 
     </span>
     <span class='ocr_line' id='line_1_11' title="bbox 199 1242 1528 1323; baseline 0.001 -18"><span class='ocrx_word' id='word_1_107' title='bbox 199 1245 297 1305; x_wconf 73' lang='lat' dir='ltr'><strong>trillano</strong></span> <span class='ocrx_word' id='word_1_108' title='bbox 319 1243 491 1304; x_wconf 81' lang='lat' dir='ltr'><strong>reaedificas</strong></span> <span class='ocrx_word' id='word_1_109' title='bbox 514 1242 708 1323; x_wconf 79' lang='lat' dir='ltr'><strong>(rehediflcas)</strong></span> <span class='ocrx_word' id='word_1_110' title='bbox 732 1242 828 1304; x_wconf 87' lang='lat' dir='ltr'><strong>illud.’</strong></span> <span class='ocrx_word' id='word_1_111' title='bbox 874 1242 1005 1304; x_wconf 85' lang='lat' dir='ltr'><strong>liolentis</strong></span> <span class='ocrx_word' id='word_1_112' title='bbox 1028 1245 1129 1304; x_wconf 86' lang='lat' dir='ltr'><strong>utico</strong></span> <span class='ocrx_word' id='word_1_113' title='bbox 1158 1245 1224 1312; x_wconf 89' lang='lat' dir='ltr'><strong>ieu,</strong></span> <span class='ocrx_word' id='word_1_114' title='bbox 1254 1242 1311 1303; x_wconf 90' lang='lat' dir='ltr'><strong>heu</strong></span> <span class='ocrx_word' id='word_1_115' title='bbox 1339 1242 1415 1314; x_wconf 84' lang='lat' dir='ltr'><strong>heu,</strong></span> <span class='ocrx_word' id='word_1_116' title='bbox 1439 1259 1528 1321; x_wconf 89' lang='lat' dir='ltr'><strong>pron</strong></span> 
     </span>
     <span class='ocr_line' id='line_1_12' title="bbox 200 1325 1495 1406; baseline -0.002 -17"><span class='ocrx_word' id='word_1_117' title='bbox 200 1327 297 1389; x_wconf 86' lang='lat' dir='ltr'><strong>dolor:</strong></span> <span class='ocrx_word' id='word_1_118' title='bbox 329 1329 388 1388; x_wconf 73' lang='lat' dir='ltr'><strong>‘ieu</strong></span> <span class='ocrx_word' id='word_1_119' title='bbox 411 1347 474 1397; x_wconf 88' lang='lat' dir='ltr'><strong>me,</strong></span> <span class='ocrx_word' id='word_1_120' title='bbox 503 1329 552 1389; x_wconf 92' lang='lat' dir='ltr'><strong>ieu</strong></span> <span class='ocrx_word' id='word_1_121' title='bbox 575 1346 638 1398; x_wconf 89' lang='lat' dir='ltr'><strong>me,</strong></span> <span class='ocrx_word' id='word_1_122' title='bbox 668 1334 764 1389; x_wconf 88' lang='lat' dir='ltr'><strong>mater</strong></span> <span class='ocrx_word' id='word_1_123' title='bbox 786 1331 864 1388; x_wconf 89' lang='lat' dir='ltr'><strong>mea&#39;</strong></span> <span class='ocrx_word' id='word_1_124' title='bbox 890 1337 934 1389; x_wconf 88' lang='lat' dir='ltr'><strong>et:</strong></span> <span class='ocrx_word' id='word_1_125' title='bbox 964 1327 1034 1389; x_wconf 87' lang='lat' dir='ltr'><strong>‘beu</strong></span> <span class='ocrx_word' id='word_1_126' title='bbox 1061 1328 1120 1389; x_wconf 89' lang='lat' dir='ltr'><strong>heu</strong></span> <span class='ocrx_word' id='word_1_127' title='bbox 1148 1336 1179 1387; x_wconf 90' lang='lat' dir='ltr'><strong>et</strong></span> <span class='ocrx_word' id='word_1_128' title='bbox 1201 1326 1258 1387; x_wconf 89' lang='lat' dir='ltr'><strong>hoc</strong></span> <span class='ocrx_word' id='word_1_129' title='bbox 1279 1325 1367 1406; x_wconf 89' lang='lat' dir='ltr'><strong>ipsud</strong></span> <span class='ocrx_word' id='word_1_130' title='bbox 1391 1334 1495 1388; x_wconf 89' lang='lat' dir='ltr'><strong>mutuo</strong></span> 
     </span>
     <span class='ocr_line' id='line_1_13' title="bbox 200 1410 1492 1493; baseline -0.002 -18"><span class='ocrx_word' id='word_1_131' title='bbox 200 1417 396 1493; x_wconf 82' lang='lat' dir='ltr'><strong>acceperam&#39;,</strong></span> <span class='ocrx_word' id='word_1_132' title='bbox 426 1421 455 1474; x_wconf 90' lang='lat' dir='ltr'><strong>et</strong></span> <span class='ocrx_word' id='word_1_133' title='bbox 482 1412 571 1474; x_wconf 81' lang='lat' dir='ltr'><strong>illud:</strong></span> <span class='ocrx_word' id='word_1_134' title='bbox 601 1415 643 1474; x_wconf 73' lang='lat' dir='ltr'><strong>‘et</strong></span> <span class='ocrx_word' id='word_1_135' title='bbox 665 1414 755 1474; x_wconf 79' lang='lat' dir='ltr'><strong>caetle</strong></span> <span class='ocrx_word' id='word_1_136' title='bbox 778 1412 923 1493; x_wconf 89' lang='lat' dir='ltr'><strong>completa</strong></span> <span class='ocrx_word' id='word_1_137' title='bbox 947 1414 1076 1474; x_wconf 91' lang='lat' dir='ltr'><strong>remansi</strong></span> <span class='ocrx_word' id='word_1_138' title='bbox 1104 1431 1175 1491; x_wconf 78' lang='lat' dir='ltr'><strong>ergo</strong></span> <span class='ocrx_word' id='word_1_139' title='bbox 1203 1415 1311 1493; x_wconf 90' lang='lat' dir='ltr'><strong>ruique</strong></span> <span class='ocrx_word' id='word_1_140' title='bbox 1338 1428 1430 1491; x_wconf 90' lang='lat' dir='ltr'><strong>super</strong></span> <span class='ocrx_word' id='word_1_141' title='bbox 1452 1410 1492 1472; x_wconf 89' lang='lat' dir='ltr'><strong>la·</strong></span> 
     </span>
     <span class='ocr_line' id='line_1_14' title="bbox 200 1495 1494 1577; baseline 0 -19"><span class='ocrx_word' id='word_1_142' title='bbox 200 1500 275 1560; x_wconf 89' lang='lat' dir='ltr'><strong>ciem</strong></span> <span class='ocrx_word' id='word_1_143' title='bbox 299 1517 395 1559; x_wconf 90' lang='lat' dir='ltr'><strong>meam</strong></span> <span class='ocrx_word' id='word_1_144' title='bbox 419 1507 448 1559; x_wconf 89' lang='lat' dir='ltr'><strong>et</strong></span> <span class='ocrx_word' id='word_1_145' title='bbox 470 1496 600 1560; x_wconf 86' lang='lat' dir='ltr'><strong>clamans</strong></span> <span class='ocrx_word' id='word_1_146' title='bbox 621 1501 683 1571; x_wconf 77' lang='lat' dir='ltr'><strong>aio:</strong></span> <span class='ocrx_word' id='word_1_147' title='bbox 708 1498 777 1559; x_wconf 78' lang='lat' dir='ltr'><strong>‘heu</strong></span> <span class='ocrx_word' id='word_1_148' title='bbox 801 1498 858 1560; x_wconf 92' lang='lat' dir='ltr'><strong>heu</strong></span> <span class='ocrx_word' id='word_1_149' title='bbox 883 1499 941 1559; x_wconf 89' lang='lat' dir='ltr'><strong>heu</strong></span> <span class='ocrx_word' id='word_1_150' title='bbox 963 1498 1083 1560; x_wconf 89' lang='lat' dir='ltr'><strong>dominc</strong></span> <span class='ocrx_word' id='word_1_151' title='bbox 1098 1498 1180 1568; x_wconf 89' lang='lat' dir='ltr'><strong>deus,</strong></span> <span class='ocrx_word' id='word_1_152' title='bbox 1205 1515 1315 1577; x_wconf 80' lang='lat' dir='ltr'><strong>ergone</strong></span> <span class='ocrx_word' id='word_1_153' title='bbox 1338 1495 1494 1577; x_wconf 86' lang='lat' dir='ltr'><strong>disperdas</strong></span> 
     </span>
     <span class='ocr_line' id='line_1_15' title="bbox 200 1582 993 1664; baseline -0.004 -19"><span class='ocrx_word' id='word_1_154' title='bbox 200 1601 304 1645; x_wconf 89' lang='lat' dir='ltr'><strong>omnes</strong></span> <span class='ocrx_word' id='word_1_155' title='bbox 326 1582 465 1664; x_wconf 80' lang='lat' dir='ltr'><strong>reliquias</strong></span> <span class='ocrx_word' id='word_1_156' title='bbox 488 1582 608 1645; x_wconf 82' lang='lat' dir='ltr'><strong>lsraell&#39;</strong></span> <span class='ocrx_word' id='word_1_157' title='bbox 653 1583 710 1644; x_wconf 93' lang='lat' dir='ltr'><strong>Pro</strong></span> <span class='ocrx_word' id='word_1_158' title='bbox 733 1582 826 1653; x_wconf 81' lang='lat' dir='ltr'><strong>dolor,</strong></span> <span class='ocrx_word' id='word_1_159' title='bbox 850 1583 993 1645; x_wconf 89' lang='lat' dir='ltr'><strong>utillud:</strong></span> 
     </span>
     <span class='ocr_line' id='line_1_16' title="bbox 328 1668 1360 1748; baseline 0 -20"><span class='ocrx_word' id='word_1_160' title='bbox 328 1669 491 1729; x_wconf 85' lang='lat' dir='ltr'><strong>Ltrxoria</strong></span> <span class='ocrx_word' id='word_1_161' title='bbox 514 1669 596 1748; x_wconf 69' lang='lat' dir='ltr'><strong>lam)</strong></span> <span class='ocrx_word' id='word_1_162' title='bbox 619 1686 803 1748; x_wconf 88' lang='lat' dir='ltr'><strong>proceres</strong></span> <span class='ocrx_word' id='word_1_163' title='bbox 825 1669 965 1730; x_wconf 89' lang='lat' dir='ltr'><strong>multos</strong></span> <span class='ocrx_word' id='word_1_164' title='bbox 987 1669 1153 1730; x_wconf 75' lang='lat' dir='ltr'><strong>detraxit</strong></span> <span class='ocrx_word' id='word_1_165' title='bbox 1175 1668 1215 1729; x_wconf 88' lang='lat' dir='ltr'><strong>ad</strong></span> <span class='ocrx_word' id='word_1_166' title='bbox 1239 1669 1360 1747; x_wconf 83' lang='lat' dir='ltr'><strong>ignes,</strong></span> 
     </span>
     <span class='ocr_line' id='line_1_17' title="bbox 370 1752 1306 1833; baseline -0.001 -20"><span class='ocrx_word' id='word_1_167' title='bbox 370 1753 448 1814; x_wconf 85' lang='lat' dir='ltr'><strong>Pro</strong></span> <span class='ocrx_word' id='word_1_168' title='bbox 464 1753 586 1815; x_wconf 88' lang='lat' dir='ltr'><strong>dolor!</strong></span> <span class='ocrx_word' id='word_1_169' title='bbox 609 1761 644 1814; x_wconf 87' lang='lat' dir='ltr'><strong>et</strong></span> <span class='ocrx_word' id='word_1_170' title='bbox 667 1755 836 1815; x_wconf 90' lang='lat' dir='ltr'><strong>minimos</strong></span> <span class='ocrx_word' id='word_1_171' title='bbox 858 1773 1003 1833; x_wconf 85' lang='lat' dir='ltr'><strong>semper</strong></span> <span class='ocrx_word' id='word_1_172' title='bbox 1026 1754 1067 1815; x_wconf 87' lang='lat' dir='ltr'><strong>ad</strong></span> <span class='ocrx_word' id='word_1_173' title='bbox 1088 1755 1158 1815; x_wconf 91' lang='lat' dir='ltr'><strong>ima</strong></span> <span class='ocrx_word' id='word_1_174' title='bbox 1182 1752 1306 1813; x_wconf 89' lang='lat' dir='ltr'><strong>trahit.</strong></span> 
     </span>
    </p>

    <p class='ocr_par' dir='ltr' id='par_1_3' title="bbox 200 1837 1499 2682">
     <span class='ocr_line' id='line_1_18' title="bbox 285 1837 1497 1906; baseline -0.001 -7"><span class='ocrx_word' id='word_1_175' title='bbox 285 1839 494 1906; x_wconf 77' lang='lat' dir='ltr'><strong>lamentantis.</strong></span> <span class='ocrx_word' id='word_1_176' title='bbox 519 1845 551 1898; x_wconf 89' lang='lat' dir='ltr'><strong>ut</strong></span> <span class='ocrx_word' id='word_1_177' title='bbox 573 1839 640 1899; x_wconf 87' lang='lat' dir='ltr'><strong>hoie</strong></span> <span class='ocrx_word' id='word_1_178' title='bbox 663 1839 730 1900; x_wconf 90' lang='lat' dir='ltr'><strong>hoie</strong></span> <span class='ocrx_word' id='word_1_179' title='bbox 753 1842 805 1904; x_wconf 91' lang='lat' dir='ltr'><strong>mi.</strong></span> <span class='ocrx_word' id='word_1_180' title='bbox 843 1840 891 1900; x_wconf 90' lang='lat' dir='ltr'><strong>Sic</strong></span> <span class='ocrx_word' id='word_1_181' title='bbox 914 1841 992 1901; x_wconf 93' lang='lat' dir='ltr'><strong>enim</strong></span> <span class='ocrx_word' id='word_1_182' title='bbox 1015 1838 1209 1901; x_wconf 78' lang='lat' dir='ltr'><strong>lamentantes</strong></span> <span class='ocrx_word' id='word_1_183' title='bbox 1232 1856 1300 1900; x_wconf 90' lang='lat' dir='ltr'><strong>cum</strong></span> <span class='ocrx_word' id='word_1_184' title='bbox 1322 1837 1422 1898; x_wconf 88' lang='lat' dir='ltr'><strong>cordis</strong></span> <span class='ocrx_word' id='word_1_185' title='bbox 1444 1837 1497 1898; x_wconf 91' lang='lat' dir='ltr'><strong>do·</strong></span> 
     </span>
     <span class='ocr_line' id='line_1_19' title="bbox 200 1919 1499 1986; baseline 0 -3"><span class='ocrx_word' id='word_1_186' title='bbox 200 1923 265 1984; x_wconf 88' lang='lat' dir='ltr'><strong>lore</strong></span> <span class='ocrx_word' id='word_1_187' title='bbox 293 1925 322 1984; x_wconf 94' lang='lat' dir='ltr'><strong>in</strong></span> <span class='ocrx_word' id='word_1_188' title='bbox 345 1923 482 1984; x_wconf 89' lang='lat' dir='ltr'><strong>lamentis</strong></span> <span class='ocrx_word' id='word_1_189' title='bbox 504 1924 566 1983; x_wconf 89' lang='lat' dir='ltr'><strong>suis</strong></span> <span class='ocrx_word' id='word_1_190' title='bbox 587 1922 687 1983; x_wconf 85' lang='lat' dir='ltr'><strong>dicore</strong></span> <span class='ocrx_word' id='word_1_191' title='bbox 710 1922 815 1985; x_wconf 88' lang='lat' dir='ltr'><strong>solent.</strong></span> <span class='ocrx_word' id='word_1_192' title='bbox 861 1926 1045 1986; x_wconf 88' lang='lat' dir='ltr'><strong>Vuamantis:</strong></span> <span class='ocrx_word' id='word_1_193' title='bbox 1072 1943 1131 1985; x_wconf 90' lang='lat' dir='ltr'><strong>uua</strong></span> <span class='ocrx_word' id='word_1_194' title='bbox 1161 1942 1218 1984; x_wconf 87' lang='lat' dir='ltr'><strong>unc</strong></span> <span class='ocrx_word' id='word_1_195' title='bbox 1240 1940 1348 1983; x_wconf 90' lang='lat' dir='ltr'><strong>nonne.</strong></span> <span class='ocrx_word' id='word_1_196' title='bbox 1393 1919 1499 1983; x_wconf 88' lang='lat' dir='ltr'><strong>Solent</strong></span> 
     </span>
     <span class='ocr_line' id='line_1_20' title="bbox 203 2007 1498 2089; baseline -0.001 -20"><span class='ocrx_word' id='word_1_197' title='bbox 203 2011 282 2069; x_wconf 89' lang='lat' dir='ltr'><strong>enirn</strong></span> <span class='ocrx_word' id='word_1_198' title='bbox 312 2018 363 2070; x_wconf 89' lang='lat' dir='ltr'><strong>aut</strong></span> <span class='ocrx_word' id='word_1_199' title='bbox 394 2007 519 2069; x_wconf 89' lang='lat' dir='ltr'><strong>uinculis</strong></span> <span class='ocrx_word' id='word_1_200' title='bbox 546 2010 701 2069; x_wconf 82' lang='lat' dir='ltr'><strong>constricti</strong></span> <span class='ocrx_word' id='word_1_201' title='bbox 735 2017 785 2071; x_wconf 90' lang='lat' dir='ltr'><strong>aut</strong></span> <span class='ocrx_word' id='word_1_202' title='bbox 813 2009 895 2070; x_wconf 89' lang='lat' dir='ltr'><strong>duris</strong></span> <span class='ocrx_word' id='word_1_203' title='bbox 922 2008 1076 2070; x_wconf 78' lang='lat' dir='ltr'><strong>rlolorilius</strong></span> <span class='ocrx_word' id='word_1_204' title='bbox 1104 2010 1196 2089; x_wconf 90' lang='lat' dir='ltr'><strong>pressi</strong></span> <span class='ocrx_word' id='word_1_205' title='bbox 1225 2008 1271 2069; x_wconf 87' lang='lat' dir='ltr'><strong>his</strong></span> <span class='ocrx_word' id='word_1_206' title='bbox 1298 2008 1375 2086; x_wconf 82' lang='lat' dir='ltr'><strong>(hiis)</strong></span> <span class='ocrx_word' id='word_1_207' title='bbox 1404 2009 1498 2068; x_wconf 92' lang='lat' dir='ltr'><strong>inter·</strong></span> 
     </span>
     <span class='ocr_line' id='line_1_21' title="bbox 203 2091 1497 2174; baseline 0 -20"><span class='ocrx_word' id='word_1_208' title='bbox 203 2091 383 2154; x_wconf 89' lang='lat' dir='ltr'><strong>iectionibus</strong></span> <span class='ocrx_word' id='word_1_209' title='bbox 410 2095 461 2153; x_wconf 91' lang='lat' dir='ltr'><strong>uti.</strong></span> <span class='ocrx_word' id='word_1_210' title='bbox 507 2092 582 2152; x_wconf 83' lang='lat' dir='ltr'><strong>Sunt</strong></span> <span class='ocrx_word' id='word_1_211' title='bbox 609 2101 638 2154; x_wconf 94' lang='lat' dir='ltr'><strong>et</strong></span> <span class='ocrx_word' id='word_1_212' title='bbox 665 2092 741 2155; x_wconf 91' lang='lat' dir='ltr'><strong>aliae</strong></span> <span class='ocrx_word' id='word_1_213' title='bbox 768 2093 868 2174; x_wconf 85' lang='lat' dir='ltr'><strong>piures</strong></span> <span class='ocrx_word' id='word_1_214' title='bbox 898 2096 1137 2162; x_wconf 89' lang='lat' dir='ltr'><strong>interiectiones,</strong></span> <span class='ocrx_word' id='word_1_215' title='bbox 1167 2112 1242 2173; x_wconf 87' lang='lat' dir='ltr'><strong>qnae</strong></span> <span class='ocrx_word' id='word_1_216' title='bbox 1270 2091 1408 2172; x_wconf 89' lang='lat' dir='ltr'><strong>pluribus</strong></span> <span class='ocrx_word' id='word_1_217' title='bbox 1430 2096 1497 2154; x_wconf 91' lang='lat' dir='ltr'><strong>iun-</strong></span> 
     </span>
     <span class='ocr_line' id='line_1_22' title="bbox 204 2176 1499 2260; baseline 0 -21"><span class='ocrx_word' id='word_1_218' title='bbox 204 2187 314 2255; x_wconf 79' lang='lat' dir='ltr'><strong>guntur</strong></span> <span class='ocrx_word' id='word_1_219' title='bbox 347 2176 614 2256; x_wconf 82' lang='lat' dir='ltr'><strong>significationibus</strong></span> <span class='ocrx_word' id='word_1_220' title='bbox 647 2186 676 2239; x_wconf 89' lang='lat' dir='ltr'><strong>et</strong></span> <span class='ocrx_word' id='word_1_221' title='bbox 708 2178 808 2241; x_wconf 89' lang='lat' dir='ltr'><strong>multis</strong></span> <span class='ocrx_word' id='word_1_222' title='bbox 840 2179 936 2240; x_wconf 81' lang='lat' dir='ltr'><strong>merlis</strong></span> <span class='ocrx_word' id='word_1_223' title='bbox 969 2181 1176 2260; x_wconf 89' lang='lat' dir='ltr'><strong>proleruntur,</strong></span> <span class='ocrx_word' id='word_1_224' title='bbox 1211 2186 1245 2240; x_wconf 90' lang='lat' dir='ltr'><strong>ut</strong></span> <span class='ocrx_word' id='word_1_225' title='bbox 1271 2180 1330 2238; x_wconf 91' lang='lat' dir='ltr'><strong>iam</strong></span> <span class='ocrx_word' id='word_1_226' title='bbox 1358 2178 1499 2257; x_wconf 88' lang='lat' dir='ltr'><strong>superius</strong></span> 
     </span>
     <span class='ocr_line' id='line_1_23' title="bbox 203 2262 1498 2344; baseline 0.001 -21"><span class='ocrx_word' id='word_1_227' title='bbox 203 2263 393 2324; x_wconf 81' lang='lat' dir='ltr'><strong>dictumest.</strong></span> <span class='ocrx_word' id='word_1_228' title='bbox 439 2263 576 2323; x_wconf 82' lang='lat' dir='ltr'><strong>Priuotae</strong></span> <span class='ocrx_word' id='word_1_229' title='bbox 600 2281 671 2324; x_wconf 91' lang='lat' dir='ltr'><strong>uero</strong></span> <span class='ocrx_word' id='word_1_230' title='bbox 702 2272 789 2344; x_wconf 85' lang='lat' dir='ltr'><strong>atque</strong></span> <span class='ocrx_word' id='word_1_231' title='bbox 817 2282 989 2325; x_wconf 88' lang='lat' dir='ltr'><strong>communes</strong></span> <span class='ocrx_word' id='word_1_232' title='bbox 1017 2265 1203 2326; x_wconf 86' lang='lat' dir='ltr'><strong>diuersarum</strong></span> <span class='ocrx_word' id='word_1_233' title='bbox 1227 2264 1358 2342; x_wconf 83' lang='lat' dir='ltr'><strong>gentium</strong></span> <span class='ocrx_word' id='word_1_234' title='bbox 1382 2262 1498 2342; x_wconf 78' lang='lat' dir='ltr'><strong>l-cium)</strong></span> 
     </span>
     <span class='ocr_line' id='line_1_24' title="bbox 203 2347 1499 2430; baseline 0.001 -22"><span class='ocrx_word' id='word_1_235' title='bbox 203 2349 339 2408; x_wconf 85' lang='lat' dir='ltr'><strong>diuersae</strong></span> <span class='ocrx_word' id='word_1_236' title='bbox 370 2354 402 2408; x_wconf 86' lang='lat' dir='ltr'><strong>et</strong></span> <span class='ocrx_word' id='word_1_237' title='bbox 440 2347 550 2408; x_wconf 89' lang='lat' dir='ltr'><strong>multae</strong></span> <span class='ocrx_word' id='word_1_238' title='bbox 583 2355 652 2408; x_wconf 90' lang='lat' dir='ltr'><strong>sont</strong></span> <span class='ocrx_word' id='word_1_239' title='bbox 684 2350 907 2411; x_wconf 90' lang='lat' dir='ltr'><strong>interiectiones</strong></span> <span class='ocrx_word' id='word_1_240' title='bbox 941 2359 970 2409; x_wconf 90' lang='lat' dir='ltr'><strong>et</strong></span> <span class='ocrx_word' id='word_1_241' title='bbox 997 2368 1190 2430; x_wconf 82' lang='lat' dir='ltr'><strong>unaquaeque</strong></span> <span class='ocrx_word' id='word_1_242' title='bbox 1225 2367 1299 2426; x_wconf 81' lang='lat' dir='ltr'><strong>gens</strong></span> <span class='ocrx_word' id='word_1_243' title='bbox 1333 2347 1499 2409; x_wconf 83' lang='lat' dir='ltr'><strong>secundum</strong></span> 
     </span>
     <span class='ocr_line' id='line_1_25' title="bbox 204 2432 1498 2514; baseline 0.002 -22"><span class='ocrx_word' id='word_1_244' title='bbox 204 2434 415 2513; x_wconf 85' lang='lat' dir='ltr'><strong>proprietatem</strong></span> <span class='ocrx_word' id='word_1_245' title='bbox 443 2432 610 2510; x_wconf 82' lang='lat' dir='ltr'><strong>linguarum</strong></span> <span class='ocrx_word' id='word_1_246' title='bbox 645 2437 775 2512; x_wconf 90' lang='lat' dir='ltr'><strong>priuatas</strong></span> <span class='ocrx_word' id='word_1_247' title='bbox 810 2443 839 2495; x_wconf 90' lang='lat' dir='ltr'><strong>et</strong></span> <span class='ocrx_word' id='word_1_248' title='bbox 871 2435 1007 2514; x_wconf 89' lang='lat' dir='ltr'><strong>proprias</strong></span> <span class='ocrx_word' id='word_1_249' title='bbox 1033 2432 1123 2495; x_wconf 84' lang='lat' dir='ltr'><strong>lrabet</strong></span> <span class='ocrx_word' id='word_1_250' title='bbox 1151 2434 1234 2513; x_wconf 70' lang='lat' dir='ltr'><strong>(ent)</strong></span> <span class='ocrx_word' id='word_1_251' title='bbox 1264 2434 1498 2502; x_wconf 87' lang='lat' dir='ltr'><strong>interiectioues,</strong></span> 
     </span>
     <span class='ocr_line' id='line_1_26' title="bbox 204 2516 1499 2600; baseline 0.002 -23"><span class='ocrx_word' id='word_1_252' title='bbox 204 2517 241 2577; x_wconf 83' lang='lat' dir='ltr'><strong>rle</strong></span> <span class='ocrx_word' id='word_1_253' title='bbox 268 2516 375 2598; x_wconf 88' lang='lat' dir='ltr'><strong>quihus</strong></span> <span class='ocrx_word' id='word_1_254' title='bbox 399 2516 563 2578; x_wconf 86' lang='lat' dir='ltr'><strong>Donatus</strong></span> <span class='ocrx_word' id='word_1_255' title='bbox 591 2534 699 2594; x_wconf 90' lang='lat' dir='ltr'><strong>paucas</strong></span> <span class='ocrx_word' id='word_1_256' title='bbox 721 2519 769 2580; x_wconf 81' lang='lat' dir='ltr'><strong>nic</strong></span> <span class='ocrx_word' id='word_1_257' title='bbox 792 2521 887 2600; x_wconf 89' lang='lat' dir='ltr'><strong>posuit</strong></span> <span class='ocrx_word' id='word_1_258' title='bbox 916 2518 952 2579; x_wconf 82' lang='lat' dir='ltr'><strong>arl</strong></span> <span class='ocrx_word' id='word_1_259' title='bbox 976 2519 1141 2599; x_wconf 86' lang='lat' dir='ltr'><strong>exemplum</strong></span> <span class='ocrx_word' id='word_1_260' title='bbox 1165 2517 1283 2581; x_wconf 89' lang='lat' dir='ltr'><strong>dicens:</strong></span> <span class='ocrx_word' id='word_1_261' title='bbox 1312 2518 1499 2588; x_wconf 70' lang='lat' dir='ltr'><strong>‘metuentis</strong></span> 
     </span>
     <span class='ocr_line' id='line_1_27' title="bbox 203 2601 1408 2682; baseline 0.001 -19"><span class='ocrx_word' id='word_1_262' title='bbox 203 2611 237 2663; x_wconf 90' lang='grc' dir='ltr'><strong>ιιι</strong></span> <span class='ocrx_word' id='word_1_263' title='bbox 258 2604 300 2670; x_wconf 89' lang='lat' dir='ltr'><strong>ei;</strong></span> <span class='ocrx_word' id='word_1_264' title='bbox 323 2604 461 2682; x_wconf 85' lang='lat' dir='ltr'><strong>optantis,</strong></span> <span class='ocrx_word' id='word_1_265' title='bbox 485 2611 517 2662; x_wconf 92' lang='grc' dir='ltr'><strong>ιιι</strong></span> <span class='ocrx_word' id='word_1_266' title='bbox 539 2621 566 2672; x_wconf 89' lang='grc' dir='ltr'><strong>ο;</strong></span> <span class='ocrx_word' id='word_1_267' title='bbox 590 2602 725 2673; x_wconf 88' lang='lat' dir='ltr'><strong>dolentis,</strong></span> <span class='ocrx_word' id='word_1_268' title='bbox 748 2611 781 2665; x_wconf 93' lang='lat' dir='ltr'><strong>ut</strong></span> <span class='ocrx_word' id='word_1_269' title='bbox 803 2604 879 2672; x_wconf 89' lang='lat' dir='ltr'><strong>heu;</strong></span> <span class='ocrx_word' id='word_1_270' title='bbox 904 2603 1047 2674; x_wconf 89' lang='lat' dir='ltr'><strong>laetantis,</strong></span> <span class='ocrx_word' id='word_1_271' title='bbox 1072 2614 1102 2664; x_wconf 92' lang='lat' dir='ltr'><strong>ut</strong></span> <span class='ocrx_word' id='word_1_272' title='bbox 1125 2608 1212 2665; x_wconf 84' lang='lat' dir='ltr'><strong>euax’</strong></span> <span class='ocrx_word' id='word_1_273' title='bbox 1236 2613 1267 2664; x_wconf 92' lang='lat' dir='ltr'><strong>et</strong></span> <span class='ocrx_word' id='word_1_274' title='bbox 1288 2601 1408 2664; x_wconf 85' lang='lat' dir='ltr'><strong>similia.</strong></span> 
     </span>
    </p>
   </div>
   <div class='ocr_carea' id='block_1_3' title="bbox 544 2756 1155 2835">
    <p class='ocr_par' dir='ltr' id='par_1_4' title="bbox 544 2756 1155 2835">
     <span class='ocr_line' id='line_1_28' title="bbox 544 2756 1155 2835; baseline 0 -18"><span class='ocrx_word' id='word_1_275' title='bbox 544 2756 592 2817; x_wconf 87' lang='lat' dir='ltr'><strong>lle</strong></span> <span class='ocrx_word' id='word_1_276' title='bbox 614 2757 743 2835; x_wconf 80' lang='lat' dir='ltr'><strong>ligura</strong></span> <span class='ocrx_word' id='word_1_277' title='bbox 766 2758 1053 2818; x_wconf 87' lang='lat' dir='ltr'><strong>interiectionis</strong></span> <span class='ocrx_word' id='word_1_278' title='bbox 1076 2757 1155 2818; x_wconf 94' lang='lat' dir='ltr'><strong>llll.</strong></span> 
     </span>
    </p>
   </div>
   <div class='ocr_carea' id='block_1_4' title="bbox 205 2874 1503 3708">
    <p class='ocr_par' dir='ltr' id='par_1_5' title="bbox 205 2874 1503 3708">
     <span class='ocr_line' id='line_1_29' title="bbox 288 2874 1501 2956; baseline 0.002 -20"><span class='ocrx_word' id='word_1_279' title='bbox 288 2876 394 2953; x_wconf 78' lang='lat' dir='ltr'><strong>Figura</strong></span> <span class='ocrx_word' id='word_1_280' title='bbox 418 2894 550 2955; x_wconf 82' lang='lat' dir='ltr'><strong>quoque,</strong></span> <span class='ocrx_word' id='word_1_281' title='bbox 579 2878 659 2938; x_wconf 89' lang='lat' dir='ltr'><strong>sicut</strong></span> <span class='ocrx_word' id='word_1_282' title='bbox 686 2875 752 2938; x_wconf 91' lang='lat' dir='ltr'><strong>aliis</strong></span> <span class='ocrx_word' id='word_1_283' title='bbox 782 2874 929 2956; x_wconf 87' lang='lat' dir='ltr'><strong>partibus.</strong></span> <span class='ocrx_word' id='word_1_284' title='bbox 958 2878 1022 2937; x_wconf 90' lang='lat' dir='ltr'><strong>sine</strong></span> <span class='ocrx_word' id='word_1_285' title='bbox 1046 2875 1144 2938; x_wconf 84' lang='lat' dir='ltr'><strong>dubio·</strong></span> <span class='ocrx_word' id='word_1_286' title='bbox 1159 2875 1267 2937; x_wconf 88' lang='lat' dir='ltr'><strong>accidit</strong></span> <span class='ocrx_word' id='word_1_287' title='bbox 1287 2877 1501 2938; x_wconf 87' lang='lat' dir='ltr'><strong>interiectioni.</strong></span> 
     </span>
     <span class='ocr_line' id='line_1_30' title="bbox 206 2960 1503 3040; baseline 0.004 -21"><span class='ocrx_word' id='word_1_288' title='bbox 206 2960 314 3038; x_wconf 84' lang='lat' dir='ltr'><strong>Figura</strong></span> <span class='ocrx_word' id='word_1_289' title='bbox 337 2963 415 3020; x_wconf 92' lang='lat' dir='ltr'><strong>enim</strong></span> <span class='ocrx_word' id='word_1_290' title='bbox 432 2962 645 3022; x_wconf 89' lang='lat' dir='ltr'><strong>interiectionis</strong></span> <span class='ocrx_word' id='word_1_291' title='bbox 661 2960 769 3040; x_wconf 85' lang='lat' dir='ltr'><strong>duplex</strong></span> <span class='ocrx_word' id='word_1_292' title='bbox 785 2968 838 3030; x_wconf 86' lang='lat' dir='ltr'><strong>est,</strong></span> <span class='ocrx_word' id='word_1_293' title='bbox 862 2964 929 3039; x_wconf 88' lang='lat' dir='ltr'><strong>quia</strong></span> <span class='ocrx_word' id='word_1_294' title='bbox 946 2970 1015 3024; x_wconf 88' lang='lat' dir='ltr'><strong>sunt</strong></span> <span class='ocrx_word' id='word_1_295' title='bbox 1028 2962 1250 3023; x_wconf 88' lang='lat' dir='ltr'><strong>interiectiones</strong></span> <span class='ocrx_word' id='word_1_296' title='bbox 1266 2961 1412 3040; x_wconf 90' lang='lat' dir='ltr'><strong>simplicis</strong></span> <span class='ocrx_word' id='word_1_297' title='bbox 1426 2961 1503 3040; x_wconf 80' lang='lat' dir='ltr'><strong>ligu-</strong></span> 
     </span>
     <span class='ocr_line' id='line_1_31' title="bbox 205 3044 1501 3125; baseline 0.002 -20"><span class='ocrx_word' id='word_1_298' title='bbox 205 3064 271 3118; x_wconf 77' lang='lat' dir='ltr'><strong>res,</strong></span> <span class='ocrx_word' id='word_1_299' title='bbox 295 3046 325 3104; x_wconf 95' lang='lat' dir='ltr'><strong>ui</strong></span> <span class='ocrx_word' id='word_1_300' title='bbox 349 3063 422 3105; x_wconf 83' lang='lat' dir='ltr'><strong>euax</strong></span> <span class='ocrx_word' id='word_1_301' title='bbox 445 3065 472 3114; x_wconf 84' lang='lat' dir='ltr'><strong>o,</strong></span> <span class='ocrx_word' id='word_1_302' title='bbox 495 3044 533 3106; x_wconf 79' lang='lat' dir='ltr'><strong>lta</strong></span> <span class='ocrx_word' id='word_1_303' title='bbox 556 3044 602 3114; x_wconf 88' lang='lat' dir='ltr'><strong>ha,</strong></span> <span class='ocrx_word' id='word_1_304' title='bbox 627 3045 685 3107; x_wconf 91' lang='lat' dir='ltr'><strong>heu</strong></span> <span class='ocrx_word' id='word_1_305' title='bbox 708 3045 775 3116; x_wconf 90' lang='lat' dir='ltr'><strong>heu,</strong></span> <span class='ocrx_word' id='word_1_306' title='bbox 800 3047 854 3106; x_wconf 88' lang='lat' dir='ltr'><strong>aia.</strong></span> <span class='ocrx_word' id='word_1_307' title='bbox 900 3048 975 3108; x_wconf 87' lang='lat' dir='ltr'><strong>Sunt</strong></span> <span class='ocrx_word' id='word_1_308' title='bbox 996 3046 1070 3108; x_wconf 91' lang='lat' dir='ltr'><strong>aliae</strong></span> <span class='ocrx_word' id='word_1_309' title='bbox 1094 3066 1129 3106; x_wconf 86' lang='lat' dir='ltr'><strong>ex</strong></span> <span class='ocrx_word' id='word_1_310' title='bbox 1146 3046 1262 3107; x_wconf 81' lang='lat' dir='ltr'><strong>duobus</strong></span> <span class='ocrx_word' id='word_1_311' title='bbox 1276 3048 1404 3125; x_wconf 80' lang='lat' dir='ltr'><strong>integris</strong></span> <span class='ocrx_word' id='word_1_312' title='bbox 1420 3065 1501 3108; x_wconf 84' lang='lat' dir='ltr'><strong>corrr-</strong></span> 
     </span>
     <span class='ocr_line' id='line_1_32' title="bbox 207 3130 1501 3213; baseline 0.004 -24"><span class='ocrx_word' id='word_1_313' title='bbox 207 3131 332 3209; x_wconf 88' lang='lat' dir='ltr'><strong>positae,</strong></span> <span class='ocrx_word' id='word_1_314' title='bbox 370 3138 414 3190; x_wconf 90' lang='lat' dir='ltr'><strong>ut:</strong></span> <span class='ocrx_word' id='word_1_315' title='bbox 449 3131 521 3191; x_wconf 79' lang='lat' dir='ltr'><strong>‘Deo</strong></span> <span class='ocrx_word' id='word_1_316' title='bbox 555 3132 685 3206; x_wconf 63' lang='lat' dir='ltr'><strong>gratias,</strong></span> <span class='ocrx_word' id='word_1_317' title='bbox 721 3132 831 3210; x_wconf 85' lang='lat' dir='ltr'><strong>‘euge’,</strong></span> <span class='ocrx_word' id='word_1_318' title='bbox 863 3132 1010 3200; x_wconf 80' lang='lat' dir='ltr'><strong>‘utinam’,</strong></span> <span class='ocrx_word' id='word_1_319' title='bbox 1039 3135 1106 3213; x_wconf 81' lang='lat' dir='ltr'><strong>‘pro</strong></span> <span class='ocrx_word' id='word_1_320' title='bbox 1135 3130 1240 3194; x_wconf 80' lang='lat' dir='ltr'><strong>rlolor’.</strong></span> <span class='ocrx_word' id='word_1_321' title='bbox 1283 3131 1389 3210; x_wconf 82' lang='lat' dir='ltr'><strong>‘Euge&#39;</strong></span> <span class='ocrx_word' id='word_1_322' title='bbox 1419 3133 1501 3194; x_wconf 90' lang='lat' dir='ltr'><strong>enim</strong></span> 
     </span>
     <span class='ocr_line' id='line_1_33' title="bbox 205 3214 1502 3299; baseline 0.002 -24"><span class='ocrx_word' id='word_1_323' title='bbox 205 3214 369 3275; x_wconf 88' lang='lat' dir='ltr'><strong>secundnm</strong></span> <span class='ocrx_word' id='word_1_324' title='bbox 393 3215 535 3276; x_wconf 89' lang='lat' dir='ltr'><strong>Graecam</strong></span> <span class='ocrx_word' id='word_1_325' title='bbox 559 3217 835 3294; x_wconf 87' lang='lat' dir='ltr'><strong>interpretationem</strong></span> <span class='ocrx_word' id='word_1_326' title='bbox 853 3214 863 3297; x_wconf 90' lang='grc' dir='ltr'><strong>ΙΙ</strong></span> <span class='ocrx_word' id='word_1_327' title='bbox 880 3217 899 3277; x_wconf 93' lang='lat' dir='ltr'><strong>l.</strong></span> <span class='ocrx_word' id='word_1_328' title='bbox 916 3214 976 3278; x_wconf 81' lang='lat' dir='ltr'><strong>lllb</strong></span> <span class='ocrx_word' id='word_1_329' title='bbox 993 3215 1004 3299; x_wconf 88' lang='grc' dir='ltr'><strong>ΙΙ</strong></span> <span class='ocrx_word' id='word_1_330' title='bbox 1021 3219 1201 3294; x_wconf 90' lang='lat' dir='ltr'><strong>compositae</strong></span> <span class='ocrx_word' id='word_1_331' title='bbox 1224 3218 1337 3294; x_wconf 80' lang='lat' dir='ltr'><strong>figurae</strong></span> <span class='ocrx_word' id='word_1_332' title='bbox 1353 3225 1412 3277; x_wconf 90' lang='lat' dir='ltr'><strong>est:</strong></span> <span class='ocrx_word' id='word_1_333' title='bbox 1437 3218 1502 3278; x_wconf 84' lang='lat' dir='ltr'><strong>‘eu&#39;</strong></span> 
     </span>
     <span class='ocr_line' id='line_1_34' title="bbox 205 3298 1501 3380; baseline 0.004 -21"><span class='ocrx_word' id='word_1_334' title='bbox 205 3301 284 3360; x_wconf 92' lang='lat' dir='ltr'><strong>enim</strong></span> <span class='ocrx_word' id='word_1_335' title='bbox 307 3298 417 3360; x_wconf 82' lang='lat' dir='ltr'><strong>bonum</strong></span> <span class='ocrx_word' id='word_1_336' title='bbox 438 3299 629 3378; x_wconf 83' lang='lat' dir='ltr'><strong>intellegitur,</strong></span> <span class='ocrx_word' id='word_1_337' title='bbox 654 3302 714 3377; x_wconf 70' lang='lat' dir='ltr'><strong>‘ge’</strong></span> <span class='ocrx_word' id='word_1_338' title='bbox 738 3309 826 3370; x_wconf 88' lang='lat' dir='ltr'><strong>terra,</strong></span> <span class='ocrx_word' id='word_1_339' title='bbox 851 3320 886 3362; x_wconf 90' lang='lat' dir='ltr'><strong>eo</strong></span> <span class='ocrx_word' id='word_1_340' title='bbox 901 3301 978 3379; x_wconf 75' lang='lat' dir='ltr'><strong>qarorl</strong></span> <span class='ocrx_word' id='word_1_341' title='bbox 1003 3300 1093 3363; x_wconf 82' lang='lat' dir='ltr'><strong>rnrrlta</strong></span> <span class='ocrx_word' id='word_1_342' title='bbox 1110 3312 1242 3380; x_wconf 78' lang='lat' dir='ltr'><strong>generat.</strong></span> <span class='ocrx_word' id='word_1_343' title='bbox 1287 3302 1363 3363; x_wconf 86' lang='lat' dir='ltr'><strong>Sunt</strong></span> <span class='ocrx_word' id='word_1_344' title='bbox 1378 3309 1409 3362; x_wconf 85' lang='lat' dir='ltr'><strong>et</strong></span> <span class='ocrx_word' id='word_1_345' title='bbox 1424 3299 1501 3364; x_wconf 86' lang='lat' dir='ltr'><strong>aliae</strong></span> 
     </span>
     <span class='ocr_line' id='line_1_35' title="bbox 207 3383 1501 3467; baseline 0.002 -23"><span class='ocrx_word' id='word_1_346' title='bbox 207 3404 242 3445; x_wconf 85' lang='lat' dir='ltr'><strong>ex</strong></span> <span class='ocrx_word' id='word_1_347' title='bbox 264 3383 378 3445; x_wconf 85' lang='lat' dir='ltr'><strong>drrabus</strong></span> <span class='ocrx_word' id='word_1_348' title='bbox 400 3387 550 3463; x_wconf 88' lang='lat' dir='ltr'><strong>corruptis</strong></span> <span class='ocrx_word' id='word_1_349' title='bbox 572 3387 762 3464; x_wconf 85' lang='lat' dir='ltr'><strong>compositae.</strong></span> <span class='ocrx_word' id='word_1_350' title='bbox 808 3386 848 3446; x_wconf 80' lang='lat' dir='ltr'><strong>Ex</strong></span> <span class='ocrx_word' id='word_1_351' title='bbox 872 3395 1013 3467; x_wconf 91' lang='lat' dir='ltr'><strong>corrupto</strong></span> <span class='ocrx_word' id='word_1_352' title='bbox 1037 3396 1065 3448; x_wconf 89' lang='lat' dir='ltr'><strong>et</strong></span> <span class='ocrx_word' id='word_1_353' title='bbox 1092 3390 1221 3464; x_wconf 78' lang='lat' dir='ltr'><strong>integro,</strong></span> <span class='ocrx_word' id='word_1_354' title='bbox 1252 3397 1299 3448; x_wconf 88' lang='lat' dir='ltr'><strong>ut:</strong></span> <span class='ocrx_word' id='word_1_355' title='bbox 1329 3388 1382 3446; x_wconf 89' lang='lat' dir='ltr'><strong>‘mi</strong></span> <span class='ocrx_word' id='word_1_356' title='bbox 1404 3395 1501 3466; x_wconf 87' lang='lat' dir='ltr'><strong>pater,</strong></span> 
     </span>
     <span class='ocr_line' id='line_1_36' title="bbox 206 3470 1499 3552; baseline 0.001 -22"><span class='ocrx_word' id='word_1_357' title='bbox 206 3472 230 3530; x_wconf 92' lang='lat' dir='ltr'><strong>si</strong></span> <span class='ocrx_word' id='word_1_358' title='bbox 263 3470 326 3530; x_wconf 91' lang='lat' dir='ltr'><strong>lieri</strong></span> <span class='ocrx_word' id='word_1_359' title='bbox 354 3477 466 3550; x_wconf 88' lang='lat' dir='ltr'><strong>potest,</strong></span> <span class='ocrx_word' id='word_1_360' title='bbox 496 3479 627 3531; x_wconf 90' lang='lat' dir='ltr'><strong>transcat</strong></span> <span class='ocrx_word' id='word_1_361' title='bbox 655 3489 671 3529; x_wconf 91' lang='lat' dir='ltr'><strong>a</strong></span> <span class='ocrx_word' id='word_1_362' title='bbox 701 3490 748 3531; x_wconf 90' lang='lat' dir='ltr'><strong>me</strong></span> <span class='ocrx_word' id='word_1_363' title='bbox 777 3471 852 3531; x_wconf 85' lang='lat' dir='ltr'><strong>calix</strong></span> <span class='ocrx_word' id='word_1_364' title='bbox 879 3473 958 3532; x_wconf 84' lang='lat' dir='ltr'><strong>iste’</strong></span> <span class='ocrx_word' id='word_1_365' title='bbox 1004 3471 1046 3532; x_wconf 80' lang='lat' dir='ltr'><strong>Ex</strong></span> <span class='ocrx_word' id='word_1_366' title='bbox 1074 3474 1190 3549; x_wconf 82' lang='lat' dir='ltr'><strong>integro</strong></span> <span class='ocrx_word' id='word_1_367' title='bbox 1213 3480 1243 3531; x_wconf 90' lang='lat' dir='ltr'><strong>et</strong></span> <span class='ocrx_word' id='word_1_368' title='bbox 1264 3480 1420 3552; x_wconf 86' lang='lat' dir='ltr'><strong>corrupto.</strong></span> <span class='ocrx_word' id='word_1_369' title='bbox 1451 3478 1499 3532; x_wconf 90' lang='lat' dir='ltr'><strong>ut:</strong></span> 
     </span>
     <span class='ocr_line' id='line_1_37' title="bbox 206 3553 1500 3637; baseline 0.002 -22"><span class='ocrx_word' id='word_1_370' title='bbox 206 3556 301 3634; x_wconf 76' lang='lat' dir='ltr'><strong>‘pater</strong></span> <span class='ocrx_word' id='word_1_371' title='bbox 324 3557 373 3623; x_wconf 90' lang='lat' dir='ltr'><strong>mi,</strong></span> <span class='ocrx_word' id='word_1_372' title='bbox 397 3565 481 3633; x_wconf 89' lang='lat' dir='ltr'><strong>pater</strong></span> <span class='ocrx_word' id='word_1_373' title='bbox 504 3557 553 3618; x_wconf 88' lang='lat' dir='ltr'><strong>rui.</strong></span> <span class='ocrx_word' id='word_1_374' title='bbox 577 3573 684 3616; x_wconf 91' lang='lat' dir='ltr'><strong>currus</strong></span> <span class='ocrx_word' id='word_1_375' title='bbox 707 3553 796 3616; x_wconf 89' lang='lat' dir='ltr'><strong>lsrael</strong></span> <span class='ocrx_word' id='word_1_376' title='bbox 820 3564 850 3616; x_wconf 89' lang='lat' dir='ltr'><strong>et</strong></span> <span class='ocrx_word' id='word_1_377' title='bbox 872 3558 972 3634; x_wconf 82' lang='lat' dir='ltr'><strong>auriga</strong></span> <span class='ocrx_word' id='word_1_378' title='bbox 997 3559 1081 3617; x_wconf 68' lang='lat' dir='ltr'><strong>eius!</strong></span> <span class='ocrx_word' id='word_1_379' title='bbox 1126 3557 1350 3635; x_wconf 79' lang='lat' dir='ltr'><strong>componuntur</strong></span> <span class='ocrx_word' id='word_1_380' title='bbox 1373 3575 1410 3618; x_wconf 87' lang='lat' dir='ltr'><strong>ex</strong></span> <span class='ocrx_word' id='word_1_381' title='bbox 1434 3553 1500 3637; x_wconf 83' lang='lat' dir='ltr'><strong>plu·</strong></span> 
     </span>
     <span class='ocr_line' id='line_1_38' title="bbox 206 3638 965 3708; baseline 0 -8"><span class='ocrx_word' id='word_1_382' title='bbox 206 3638 297 3708; x_wconf 84' lang='lat' dir='ltr'><strong>ribus,</strong></span> <span class='ocrx_word' id='word_1_383' title='bbox 323 3650 367 3700; x_wconf 89' lang='lat' dir='ltr'><strong>ut:</strong></span> <span class='ocrx_word' id='word_1_384' title='bbox 392 3642 448 3700; x_wconf 81' lang='lat' dir='ltr'><strong>‘eia</strong></span> <span class='ocrx_word' id='word_1_385' title='bbox 473 3647 505 3700; x_wconf 92' lang='lat' dir='ltr'><strong>tu</strong></span> <span class='ocrx_word' id='word_1_386' title='bbox 528 3641 572 3700; x_wconf 86' lang='lat' dir='ltr'><strong>eia</strong></span> <span class='ocrx_word' id='word_1_387' title='bbox 595 3641 641 3701; x_wconf 89' lang='lat' dir='ltr'><strong>lac</strong></span> <span class='ocrx_word' id='word_1_388' title='bbox 663 3649 693 3700; x_wconf 93' lang='lat' dir='ltr'><strong>tu</strong></span> <span class='ocrx_word' id='word_1_389' title='bbox 717 3641 773 3701; x_wconf 89' lang='lat' dir='ltr'><strong>lac&#39;</strong></span> <span class='ocrx_word' id='word_1_390' title='bbox 798 3648 828 3702; x_wconf 91' lang='lat' dir='ltr'><strong>ct</strong></span> <span class='ocrx_word' id='word_1_391' title='bbox 848 3641 965 3702; x_wconf 88' lang='lat' dir='ltr'><strong>similia.</strong></span> 
     </span>
    </p>
   </div>
   <div class='ocr_carea' id='block_1_5' title="bbox 513 3792 1197 3856">
    <p class='ocr_par' dir='ltr' id='par_1_6' title="bbox 513 3792 1197 3856">
     <span class='ocr_line' id='line_1_39' title="bbox 513 3792 1197 3856; baseline -0.003 -2"><span class='ocrx_word' id='word_1_392' title='bbox 513 3794 558 3854; x_wconf 82' lang='lat' dir='ltr'><strong>lle</strong></span> <span class='ocrx_word' id='word_1_393' title='bbox 582 3792 805 3856; x_wconf 86' lang='lat' dir='ltr'><strong>accentibus</strong></span> <span class='ocrx_word' id='word_1_394' title='bbox 826 3796 1142 3856; x_wconf 88' lang='lat' dir='ltr'><strong>interiectionum</strong></span> <span class='ocrx_word' id='word_1_395' title='bbox 1167 3796 1197 3855; x_wconf 92' lang='lat' dir='ltr'><strong>V.</strong></span> 
     </span>
    </p>
   </div>
   <div class='ocr_carea' id='block_1_6' title="bbox 205 3888 1501 4160">
    <p class='ocr_par' dir='ltr' id='par_1_7' title="bbox 205 3888 1501 4160">
     <span class='ocr_line' id='line_1_40' title="bbox 291 3888 1500 3992; baseline 0.004 -20"><span class='ocrx_word' id='word_1_396' title='bbox 291 3913 473 3992; x_wconf 83' lang='lat' dir='ltr'><strong>Quamquam</strong></span> <span class='ocrx_word' id='word_1_397' title='bbox 497 3912 670 3973; x_wconf 87' lang='lat' dir='ltr'><strong>naturaliter</strong></span> <span class='ocrx_word' id='word_1_398' title='bbox 693 3922 748 3974; x_wconf 89' lang='lat' dir='ltr'><strong>etc.</strong></span> <span class='ocrx_word' id='word_1_399' title='bbox 767 3949 805 3957; x_wconf 92' lang='lat'>-</span> <span class='ocrx_word' id='word_1_400' title='bbox 830 3913 910 3975; x_wconf 88' lang='lat' dir='ltr'><strong>etde</strong></span> <span class='ocrx_word' id='word_1_401' title='bbox 926 3888 1010 3992; x_wconf 72' lang='lat' dir='ltr'><strong>gralli</strong></span> <span class='ocrx_word' id='word_1_402' title='bbox 1026 3914 1163 3975; x_wconf 81' lang='lat' dir='ltr'><strong>similiter</strong></span> <span class='ocrx_word' id='word_1_403' title='bbox 1179 3913 1428 3975; x_wconf 82' lang='lat' dir='ltr'><strong>considerandum</strong></span> <span class='ocrx_word' id='word_1_404' title='bbox 1445 3925 1500 3987; x_wconf 82' lang='lat' dir='ltr'><strong>est.</strong></span> 
     </span>
     <span class='ocr_line' id='line_1_41' title="bbox 205 3997 1501 4075; baseline 0.003 -17"><span class='ocrx_word' id='word_1_405' title='bbox 205 3997 250 4071; x_wconf 81' lang='lat' dir='ltr'><strong>cf.</strong></span> <span class='ocrx_word' id='word_1_406' title='bbox 274 3997 368 4059; x_wconf 82' lang='lat' dir='ltr'><strong>Keilii</strong></span> <span class='ocrx_word' id='word_1_407' title='bbox 385 4016 495 4074; x_wconf 69' lang='lat' dir='ltr'><strong>propr.</strong></span> <span class='ocrx_word' id='word_1_408' title='bbox 521 3999 649 4073; x_wconf 70' lang='lat' dir='ltr'><strong>Erlonq.</strong></span> <span class='ocrx_word' id='word_1_409' title='bbox 668 4016 703 4073; x_wconf 90' lang='lat' dir='ltr'><strong>p.</strong></span> <span class='ocrx_word' id='word_1_410' title='bbox 730 4007 771 4073; x_wconf 76' lang='lat' dir='ltr'><strong>lt),</strong></span> <span class='ocrx_word' id='word_1_411' title='bbox 797 4004 851 4075; x_wconf 83' lang='lat' dir='ltr'><strong>qui</strong></span> <span class='ocrx_word' id='word_1_412' title='bbox 870 4001 927 4060; x_wconf 86' lang='lat' dir='ltr'><strong>lroc</strong></span> <span class='ocrx_word' id='word_1_413' title='bbox 947 4009 1040 4075; x_wconf 82' lang='lat' dir='ltr'><strong>copul</strong></span> <span class='ocrx_word' id='word_1_414' title='bbox 1056 4004 1204 4075; x_wconf 74' lang='lat' dir='ltr'><strong>inteperent</strong></span> <span class='ocrx_word' id='word_1_415' title='bbox 1220 3999 1365 4059; x_wconf 69' lang='lat' dir='ltr'><strong>aaronem</strong></span> <span class='ocrx_word' id='word_1_416' title='bbox 1412 4001 1501 4063; x_wconf 83' lang='lat' dir='ltr'><strong>Clau-</strong></span> 
     </span>
     <span class='ocr_line' id='line_1_42' title="bbox 207 4085 1109 4160; baseline 0.001 -17"><span class='ocrx_word' id='word_1_417' title='bbox 207 4085 290 4144; x_wconf 83' lang='lat' dir='ltr'><strong>ditur</strong></span> <span class='ocrx_word' id='word_1_418' title='bbox 312 4091 410 4143; x_wconf 88' lang='lat' dir='ltr'><strong>ontem</strong></span> <span class='ocrx_word' id='word_1_419' title='bbox 436 4085 604 4157; x_wconf 73' lang='lat' dir='ltr'><strong>Smnruptti</strong></span> <span class='ocrx_word' id='word_1_420' title='bbox 624 4087 853 4145; x_wconf 74' lang='lat' dir='ltr'><strong>tractatoriae</strong></span> <span class='ocrx_word' id='word_1_421' title='bbox 874 4087 1109 4160; x_wconf 75' lang='lat' dir='ltr'><strong>subscriptione:</strong></span> 
     </span>
    </p>
   </div>
   <div class='ocr_carea' id='block_1_7' title="bbox 205 4186 1503 4347">
    <p class='ocr_par' dir='ltr' id='par_1_8' title="bbox 205 4186 1503 4347">
     <span class='ocr_line' id='line_1_43' title="bbox 292 4186 1503 4264; baseline 0.005 -21"><span class='ocrx_word' id='word_1_422' title='bbox 292 4186 441 4262; x_wconf 75' lang='lat' dir='ltr'><strong>‘Explicit</strong></span> <span class='ocrx_word' id='word_1_423' title='bbox 456 4193 618 4246; x_wconf 81' lang='lat' dir='ltr'><strong>tractatum</strong></span> <span class='ocrx_word' id='word_1_424' title='bbox 633 4188 819 4263; x_wconf 82' lang='lat' dir='ltr'><strong>inpartibus</strong></span> <span class='ocrx_word' id='word_1_425' title='bbox 835 4189 948 4246; x_wconf 78' lang='lat' dir='ltr'><strong>Donati</strong></span> <span class='ocrx_word' id='word_1_426' title='bbox 968 4188 1123 4247; x_wconf 84' lang='lat' dir='ltr'><strong>rninsdom</strong></span> <span class='ocrx_word' id='word_1_427' title='bbox 1134 4188 1328 4264; x_wconf 71' lang='lat' dir='ltr'><strong>presentare,</strong></span> <span class='ocrx_word' id='word_1_428' title='bbox 1346 4187 1391 4260; x_wconf 84' lang='lat' dir='ltr'><strong>cs.</strong></span> <span class='ocrx_word' id='word_1_429' title='bbox 1408 4189 1503 4250; x_wconf 83' lang='lat' dir='ltr'><strong>Keilii</strong></span> 
     </span>
     <span class='ocr_line' id='line_1_44' title="bbox 205 4279 437 4347; baseline 0.004 -18"><span class='ocrx_word' id='word_1_430' title='bbox 205 4289 310 4346; x_wconf 72' lang='lat' dir='ltr'><strong>propr.</strong></span> <span class='ocrx_word' id='word_1_431' title='bbox 330 4289 364 4347; x_wconf 85' lang='lat' dir='ltr'><strong>p.</strong></span> <span class='ocrx_word' id='word_1_432' title='bbox 391 4279 437 4330; x_wconf 80' lang='lat'><strong>20.</strong></span> 
     </span>
    </p>
   </div>
   <div class='ocr_carea' id='block_1_8' title="bbox 207 4439 1502 4778">
    <p class='ocr_par' dir='ltr' id='par_1_9' title="bbox 207 4439 1502 4778">
     <span class='ocr_line' id='line_1_45' title="bbox 274 4439 1498 4507; baseline 0.002 -16"><span class='ocrx_word' id='word_1_433' title='bbox 274 4445 291 4491; x_wconf 83' lang='lat'><strong>3</strong></span> <span class='ocrx_word' id='word_1_434' title='bbox 309 4441 458 4490; x_wconf 81' lang='lat' dir='ltr'><strong>admirantis</strong></span> <span class='ocrx_word' id='word_1_435' title='bbox 479 4452 507 4490; x_wconf 87' lang='lat' dir='ltr'><strong>ut</strong></span> <span class='ocrx_word' id='word_1_436' title='bbox 526 4439 604 4507; x_wconf 80' lang='lat' dir='ltr'><strong>papa]</strong></span> <span class='ocrx_word' id='word_1_437' title='bbox 624 4443 658 4504; x_wconf 80' lang='lat' dir='ltr'><strong>rs.</strong></span> <span class='ocrx_word' id='word_1_438' title='bbox 679 4442 775 4493; x_wconf 85' lang='lat' dir='ltr'><strong>Iuliani</strong></span> <span class='ocrx_word' id='word_1_439' title='bbox 794 4443 910 4492; x_wconf 83' lang='lat' dir='ltr'><strong>Toletani</strong></span> <span class='ocrx_word' id='word_1_440' title='bbox 927 4451 1053 4507; x_wconf 78' lang='lat' dir='ltr'><strong>excerpto</strong></span> <span class='ocrx_word' id='word_1_441' title='bbox 1069 4461 1097 4507; x_wconf 87' lang='lat' dir='ltr'><strong>p.</strong></span> <span class='ocrx_word' id='word_1_442' title='bbox 1116 4444 1176 4497; x_wconf 81' lang='lat'><strong><em>320,</em></strong></span> <span class='ocrx_word' id='word_1_443' title='bbox 1197 4445 1212 4491; x_wconf 77' lang='lat' dir='ltr'><strong>l</strong></span> <span class='ocrx_word' id='word_1_444' title='bbox 1231 4443 1304 4491; x_wconf 83' lang='lat' dir='ltr'><strong>lleil:</strong></span> <span class='ocrx_word' id='word_1_445' title='bbox 1329 4451 1372 4491; x_wconf 83' lang='lat' dir='ltr'><strong>aru</strong></span> <span class='ocrx_word' id='word_1_446' title='bbox 1390 4444 1498 4493; x_wconf 85' lang='lat' dir='ltr'><strong>admira·</strong></span> 
     </span>
     <span class='ocr_line' id='line_1_46' title="bbox 208 4510 1502 4576; baseline 0.002 -17"><span class='ocrx_word' id='word_1_447' title='bbox 208 4512 300 4559; x_wconf 90' lang='lat' dir='ltr'><strong>tionem</strong></span> <span class='ocrx_word' id='word_1_448' title='bbox 321 4520 348 4557; x_wconf 91' lang='lat' dir='ltr'><strong>nt</strong></span> <span class='ocrx_word' id='word_1_449' title='bbox 366 4523 449 4573; x_wconf 83' lang='lat' dir='ltr'><strong>popae</strong></span> <span class='ocrx_word' id='word_1_450' title='bbox 467 4510 531 4559; x_wconf 85' lang='lat' dir='ltr'><strong>sicut</strong></span> <span class='ocrx_word' id='word_1_451' title='bbox 556 4510 658 4571; x_wconf 73' lang='lat' dir='ltr'><strong>‹pttdom</strong></span> <span class='ocrx_word' id='word_1_452' title='bbox 682 4511 729 4571; x_wconf 83' lang='lat' dir='ltr'><strong>(sc.</strong></span> <span class='ocrx_word' id='word_1_453' title='bbox 749 4510 934 4576; x_wconf 78' lang='lat' dir='ltr'><strong>llieronprnus)</strong></span> <span class='ocrx_word' id='word_1_454' title='bbox 957 4512 1059 4563; x_wconf 86' lang='lat' dir='ltr'><strong>scribit:</strong></span> <span class='ocrx_word' id='word_1_455' title='bbox 1091 4515 1190 4575; x_wconf 81' lang='lat' dir='ltr'><strong>‘papan</strong></span> <span class='ocrx_word' id='word_1_456' title='bbox 1214 4512 1300 4559; x_wconf 73' lang='lat' dir='ltr'><strong>rainere</strong></span> <span class='ocrx_word' id='word_1_457' title='bbox 1324 4524 1373 4558; x_wconf 80' lang='lat' dir='ltr'><strong>riou</strong></span> <span class='ocrx_word' id='word_1_458' title='bbox 1398 4512 1456 4561; x_wconf 89' lang='lat' dir='ltr'><strong>lieet</strong></span> <span class='ocrx_word' id='word_1_459' title='bbox 1477 4521 1502 4562; x_wconf 88' lang='lat' dir='ltr'><strong>et</strong></span> 
     </span>
     <span class='ocr_line' id='line_1_47' title="bbox 207 4577 1501 4644; baseline 0.004 -19"><span class='ocrx_word' id='word_1_460' title='bbox 207 4577 327 4625; x_wconf 83' lang='lat' dir='ltr'><strong>fornicari</strong></span> <span class='ocrx_word' id='word_1_461' title='bbox 346 4577 434 4626; x_wconf 80' lang='lat' dir='ltr'><strong>tibert’</strong></span> <span class='ocrx_word' id='word_1_462' title='bbox 504 4579 520 4628; x_wconf 84' lang='lat'><strong>5</strong></span> <span class='ocrx_word' id='word_1_463' title='bbox 538 4577 697 4641; x_wconf 85' lang='lat' dir='ltr'><strong>prohibentis</strong></span> <span class='ocrx_word' id='word_1_464' title='bbox 717 4591 743 4628; x_wconf 88' lang='lat' dir='ltr'><strong>ut</strong></span> <span class='ocrx_word' id='word_1_465' title='bbox 761 4577 828 4644; x_wconf 89' lang='lat' dir='ltr'><strong>tuto]</strong></span> <span class='ocrx_word' id='word_1_466' title='bbox 847 4581 882 4641; x_wconf 77' lang='lat' dir='ltr'><strong>rs.</strong></span> <span class='ocrx_word' id='word_1_467' title='bbox 901 4580 996 4629; x_wconf 80' lang='lat' dir='ltr'><strong>Iuliani</strong></span> <span class='ocrx_word' id='word_1_468' title='bbox 1018 4580 1133 4629; x_wconf 81' lang='lat' dir='ltr'><strong>Toletani</strong></span> <span class='ocrx_word' id='word_1_469' title='bbox 1150 4585 1279 4643; x_wconf 68' lang='lat' dir='ltr'><strong>excerpto</strong></span> <span class='ocrx_word' id='word_1_470' title='bbox 1298 4581 1313 4627; x_wconf 89' lang='lat' dir='ltr'><strong>l.</strong></span> <span class='ocrx_word' id='word_1_471' title='bbox 1331 4581 1362 4630; x_wconf 89' lang='lat' dir='ltr'><strong>l.:</strong></span> <span class='ocrx_word' id='word_1_472' title='bbox 1387 4589 1432 4628; x_wconf 87' lang='lat' dir='ltr'><strong>ant</strong></span> <span class='ocrx_word' id='word_1_473' title='bbox 1449 4595 1501 4630; x_wconf 86' lang='lat' dir='ltr'><strong>mc·</strong></span> 
     </span>
     <span class='ocr_line' id='line_1_48' title="bbox 208 4645 1499 4712; baseline 0.002 -18"><span class='ocrx_word' id='word_1_474' title='bbox 208 4658 269 4703; x_wconf 88' lang='lat' dir='ltr'><strong>tum,</strong></span> <span class='ocrx_word' id='word_1_475' title='bbox 282 4645 348 4694; x_wconf 86' lang='lat' dir='ltr'><strong>sicut</strong></span> <span class='ocrx_word' id='word_1_476' title='bbox 360 4655 418 4704; x_wconf 78' lang='grc' dir='ltr'>ιιιιιι,</span> <span class='ocrx_word' id='word_1_477' title='bbox 433 4645 498 4695; x_wconf 85' lang='lat' dir='ltr'><strong>sicut</strong></span> <span class='ocrx_word' id='word_1_478' title='bbox 515 4646 617 4694; x_wconf 87' lang='lat' dir='ltr'><strong>solitum</strong></span> <span class='ocrx_word' id='word_1_479' title='bbox 631 4659 669 4697; x_wconf 88' lang='lat' dir='ltr'><strong>est</strong></span> <span class='ocrx_word' id='word_1_480' title='bbox 682 4648 789 4711; x_wconf 87' lang='lat' dir='ltr'><strong>puruulo</strong></span> <span class='ocrx_word' id='word_1_481' title='bbox 802 4648 863 4697; x_wconf 88' lang='lat' dir='ltr'><strong>dicit</strong></span> <span class='ocrx_word' id='word_1_482' title='bbox 875 4658 948 4706; x_wconf 86' lang='lat' dir='ltr'><strong>totto,</strong></span> <span class='ocrx_word' id='word_1_483' title='bbox 962 4648 1065 4710; x_wconf 89' lang='lat' dir='ltr'><strong>quando</strong></span> <span class='ocrx_word' id='word_1_484' title='bbox 1084 4646 1232 4712; x_wconf 75' lang='lat' dir='ltr'><strong>prohibetur</strong></span> <span class='ocrx_word' id='word_1_485' title='bbox 1250 4646 1382 4696; x_wconf 89' lang='lat' dir='ltr'><strong>comedere</strong></span> <span class='ocrx_word' id='word_1_486' title='bbox 1395 4658 1499 4710; x_wconf 78' lang='lat' dir='ltr'><strong>terram3</strong></span> 
     </span>
     <span class='ocr_line' id='line_1_49' title="bbox 207 4713 1471 4778; baseline 0.003 -15"><span class='ocrx_word' id='word_1_487' title='bbox 207 4714 241 4778; x_wconf 73' lang='lat' dir='ltr'><strong>cf.</strong></span> <span class='ocrx_word' id='word_1_488' title='bbox 260 4714 316 4765; x_wconf 84' lang='lat' dir='ltr'><strong>cod.</strong></span> <span class='ocrx_word' id='word_1_489' title='bbox 330 4713 409 4762; x_wconf 83' lang='lat' dir='ltr'><strong>Bern.</strong></span> <span class='ocrx_word' id='word_1_490' title='bbox 424 4717 474 4762; x_wconf 83' lang='lat'><strong>207</strong></span> <span class='ocrx_word' id='word_1_491' title='bbox 490 4714 535 4775; x_wconf 80' lang='lat' dir='ltr'><strong>fol¹</strong></span> <span class='ocrx_word' id='word_1_492' title='bbox 552 4716 611 4763; x_wconf 68' lang='lat'><strong>45⁸:</strong></span> <span class='ocrx_word' id='word_1_493' title='bbox 631 4716 761 4778; x_wconf 76' lang='lat' dir='ltr'><strong>qnomoclo</strong></span> <span class='ocrx_word' id='word_1_494' title='bbox 780 4717 817 4765; x_wconf 87' lang='lat' dir='ltr'><strong>sic</strong></span> <span class='ocrx_word' id='word_1_495' title='bbox 835 4715 935 4765; x_wconf 87' lang='lat' dir='ltr'><strong>solitum</strong></span> <span class='ocrx_word' id='word_1_496' title='bbox 956 4727 994 4765; x_wconf 88' lang='lat' dir='ltr'><strong>cst</strong></span> <span class='ocrx_word' id='word_1_497' title='bbox 1012 4717 1135 4765; x_wconf 87' lang='lat' dir='ltr'><strong>inlannnn</strong></span> <span class='ocrx_word' id='word_1_498' title='bbox 1156 4716 1264 4764; x_wconf 77' lang='lat' dir='ltr'><strong>taran-ires</strong></span> <span class='ocrx_word' id='word_1_499' title='bbox 1284 4716 1380 4763; x_wconf 79' lang='lat' dir='ltr'><strong>nrirrare</strong></span> <span class='ocrx_word' id='word_1_500' title='bbox 1398 4726 1471 4767; x_wconf 90' lang='lat' dir='ltr'><strong>totto.</strong></span> 
     </span>
    </p>
   </div>
   <div class='ocr_carea' id='block_1_9' title="bbox 0 0 1724 5378">
    <p class='ocr_par' dir='ltr' id='par_1_10' title="bbox 0 0 1724 5378">
     <span class='ocr_line' id='line_1_50' title="bbox 0 0 1724 5378; baseline 0 0"><span class='ocrx_word' id='word_1_501' title='bbox 0 0 1724 5378; x_wconf 95' lang='lat' dir='ltr'><strong> </strong></span> 
     </span>
    </p>
   </div>
  </div>
 </body>
</html>
