3420 5378
514 309 553 361 ru
570 309 655 361 nou.
674 308 801 361 aaran
819 309 997 361 neronum.
1342 307 1404 372 221

107 497 156 558 hic
179 495 311 558 Donatus
339 496 581 576 comprehendit,
612 496 830 558 Priscianus
857 499 887 557 in
915 502 1054 576 quattuor
1082 496 1187 558 diuidit
1213 498 1404 567 dillerentias,

107 598 292 661 articulatam
316 597 456 660 uidelicet
478 607 507 658 et
529 598 760 669 inarticulatam,
784 599 943 660 litteratam
965 608 993 658 et
1007 597 1203 667 illitteratam,
1227 615 1303 676 quac
1318 597 1405 658 binae

106 701 235 761 inuicem
263 702 441 760 coniunctae
468 699 540 760 alias
568 707 706 780 quattuor
734 700 770 760 de
798 719 830 759 ss
859 700 1001 761 reddunt:
1031 700 1186 761 articulata
1216 709 1246 759 et
1267 699 1403 768 litterata,

108 810 141 862 ut
163 809 221 862 est:
251 817 350 862 arma
380 803 576 878 uirumque
599 820 702 871 cauo,
734 820 809 881 quae
833 801 987 862 articulata
1011 809 1135 862 uocatur
1157 819 1194 862 eo
1216 799 1295 877 quod
1318 799 1404 860 intel·

80 902 158 982 eligi
180 912 292 982 potest,
322 900 449 963 litterata
473 921 545 963 uero
568 921 603 963 co
626 904 704 982 quod
727 903 827 965 scribi.
872 902 1031 965 articulata
1055 911 1084 962 et
1106 901 1270 968 illitterata,
1299 911 1331 962 ut
1353 918 1404 979 ge·

108 1005 197 1064 ultus
221 1004 375 1064 hominum
400 1013 429 1063 et
451 1003 564 1065 sibilus.
603 1004 742 1066 Litterata
765 1015 795 1066 ct
815 1003 1000 1065 inarticulata
1018 1012 1076 1073 eat,
1099 1005 1174 1064 sicut
1190 1021 1247 1063 uox
1263 1020 1403 1063 ranarum

106 1114 137 1167 et
159 1123 333 1175 cornorum,
359 1114 391 1165 ut
413 1124 486 1166 coar
508 1123 573 1175 cra,
597 1123 672 1183 quae
688 1107 845 1176 scribitur,
868 1105 921 1166 sed
944 1124 1002 1166 non
1017 1104 1204 1183 intelligitur.
1250 1102 1402 1165 lllittcrata

105 1215 135 1268 ct
162 1206 364 1275 inarticulata,
398 1225 473 1286 quac
502 1224 558 1267 nec
586 1206 729 1268 scribitur
758 1226 812 1268 nec
839 1207 964 1286 intelligi
992 1215 1102 1286 potest,
1131 1208 1208 1267 sicut
1237 1205 1404 1266 collisiones

106 1317 273 1388 petrarum,
298 1326 405 1369 cursus
426 1309 597 1376 lluminum,
621 1311 736 1371 sonitus
760 1311 969 1370 tonitruorum.

69 1514 95 1553 so
631 1495 680 1555 DE
704 1494 875 1557 cliuillas.

195 1613 263 1673 Post
285 1630 404 1681 uocem,
428 1612 499 1692 quid
515 1615 555 1673 sit
569 1612 684 1682 littera,
708 1614 842 1674 definiuit
856 1622 886 1675 et
903 1613 978 1674 bene
994 1624 1061 1693 post
1076 1632 1196 1683 uocem,
1221 1614 1289 1692 quia
1306 1611 1402 1675 littera

106 1718 226 1793 siguum
249 1723 295 1775 est
318 1716 408 1776 uocis.
453 1714 541 1792 Signa
565 1724 662 1775 autern
686 1722 756 1774 sunt
777 1722 828 1774 aut
850 1716 933 1791 signa
950 1732 1049 1774 rerum
1066 1723 1114 1775 aut
1129 1718 1214 1792 signa
1236 1717 1401 1793 signorum.

108 1815 225 1877 ‘'l'erra’
249 1818 327 1876 enim
344 1817 461 1894 signum
477 1817 594 1884 estrei,
618 1814 693 1874 idest
716 1815 906 1884 substantiae,
930 1814 1044 1876 litterae
1068 1824 1176 1886 autern,
1200 1813 1308 1893 quibus
1330 1813 1401 1875 illud

106 1935 214 1980 nomen
231 1918 309 1997 quod
326 1925 371 1977 cst
387 1920 492 1977 ‘terra’
508 1916 657 1986 scribitur,
682 1918 766 1994 sigua
788 1926 859 1977 sunt
879 1919 972 1995 signi,
996 1916 1073 1978 idest
1087 1917 1215 1978 nominis
1230 1934 1294 1977 rem
1309 1918 1402 1995 signi·

69 2021 232 2080 radcantis.
277 2020 361 2080 Dicta
386 2014 509 2099 {1142ll
534 2028 629 2078 autem
660 2016 757 2078 littera
784 2019 832 2080 uel
861 2037 876 2079 a
899 2018 1012 2085 lituris,
1041 2018 1118 2079 idest
1147 2016 1255 2079 tabulis
1277 2020 1399 2079 ceratis:

107 2137 175 2180 narn
203 2118 309 2180 liturae
338 2126 408 2180 sunt
435 2118 552 2180 tabulae
581 2126 713 2187 ceratae,
744 2120 906 2198 inquibus
934 2119 1105 2181 scribebant
1133 2120 1246 2198 antiqui
1270 2138 1303 2180 ca
1327 2137 1402 2199 quae

105 2219 314 2300 excogitabant
343 2232 372 2281 et
401 2224 528 2282 maxime
556 2223 586 2280 in
616 2220 768 2290 noctihus;
802 2219 850 2282 uel
883 2222 961 2298 quod
996 2220 1113 2301 legendi
1145 2221 1202 2281 iter
1235 2220 1402 2300 legentibus

104 2321 261 2403 praebeat;
291 2322 337 2383 uel
360 2322 459 2383 littera
482 2322 590 2383 dicitur·
618 2325 701 2401 quasi
729 2324 866 2400 legitera,
897 2323 1034 2402 eoquod
1062 2324 1091 2382 iu
1116 2341 1205 2383 uersu
1228 2322 1401 2401 [requenter

105 2428 239 2487 iteretur.
292 2424 470 2485 Litterarum
503 2425 594 2502 igitur
631 2424 743 2485 diuersi
775 2432 944 2505 repertores
976 2427 1070 2487 lucre.
1128 2425 1244 2485 Primus
1272 2441 1402 2502 namque

67 2546 93 2586 so
107 2527 208 2588 Enoch
233 2527 376 2606 septimus
398 2524 434 2584 ab
457 2524 549 2585 lldam
573 2523 686 2587 litteras
708 2529 877 2606 repperisse
893 2527 1011 2595 dicitur,
1028 2526 1106 2587 unde
1123 2528 1150 2585 in
1168 2526 1289 2605 epistola
1311 2525 1401 2586 ludas

106 2628 230 2707 legitur:
255 2628 355 2699 sicut
377 2628 533 2705 scripsit
556 2630 739 2705 septimus
761 2628 804 2688 ab
827 2627 945 2688 Adam.
990 2627 1103 2688 Deinde
1126 2627 1218 2688 Cham
1240 2627 1316 2687 lilius
1339 2626 1400 2686 Noe

105 2746 305 2810 praenoscens
333 2727 541 2807 cataclysmum
571 2747 637 2788 esse
665 2729 796 2790 lrrtrrrum
820 2731 890 2789 lecit
912 2728 985 2790 duas
1007 2727 1174 2799 columnas,
1204 2747 1292 2789 unam
1322 2744 1400 2788 mar·-

105 2848 237 2892 moream
269 2848 343 2910 quae
372 2832 402 2890 in
431 2847 505 2909 aqua
534 2838 716 2898 seruaretur,
746 2840 775 2891 et
803 2829 925 2892 alteram
954 2829 1134 2898 latericiam,
1170 2847 1245 2906 quae
1274 2831 1304 2888 in
1332 2829 1400 2906 igne

105 2932 240 3002 duraret,
265 2929 372 3011 quibus
395 2940 509 3009 septem
532 2939 612 2991 artes
635 2930 772 2993 liberales
795 2931 916 2994 tradidit
937 2939 969 2991 ut
992 2940 1060 3011 post
1085 2931 1229 2991 diluuium
1256 2929 1401 2992 stoliditas

64 3034 259 3096 ssbominum
287 3031 448 3113 pelleretur
471 3041 500 3092 et
522 3051 646 3092 acumen
674 3035 786 3112 ingenii
813 3042 1012 3094 exerceretur.
1058 3033 1163 3096 Postea
1186 3033 1301 3112 Moyses
1329 3032 1400 3093 alias

103 3137 238 3216 repperit
264 3135 378 3196 litteras
399 3138 430 3194 in
454 3144 554 3197 monte
577 3135 659 3195 Sinai
682 3135 775 3213 digito
803 3135 850 3196 dei
878 3136 1018 3215 scriptas,
1046 3153 1120 3214 qnae
1149 3135 1301 3215 usquead
1325 3143 1399 3196 tem·

104 3255 176 3317 pora
200 3235 331 3296 liesdrac
359 3237 555 3308 duraucrunt,
584 3237 692 3317 quihus
719 3256 797 3299 nunc
820 3239 985 3299 Samaritae
1014 3245 1146 3299 utuntur.
1190 3236 1303 3299 Deinde
1325 3236 1399 3298 iles-

103 3338 173 3401 dras
194 3340 311 3399 inuenit
333 3337 405 3400 alias
427 3341 557 3402 leniores
573 3350 602 3401 et
617 3340 766 3402 faciliores
782 3339 818 3400 ad
833 3338 1038 3408 scribendum,
1063 3337 1171 3418 quibus
1185 3338 1287 3399 ludaei
1311 3348 1398 3399 utun-
1439 3366 1442 3371 ·

104 3449 162 3502 tur.
195 3440 378 3503 Graecorum
397 3460 467 3501 uero
491 3442 603 3503 litteras
619 3442 782 3504 Phoenices
804 3450 1011 3523 reppererunt,
1035 3441 1115 3502 unde
1137 3441 1169 3501 in
1191 3441 1285 3500 initiis
1308 3439 1398 3500 libro-

65 3563 91 3602 so
105 3560 171 3604 rum
194 3540 365 3603 Phoenicen
388 3542 487 3604 colore
510 3544 587 3604 idest
609 3547 701 3606 minio
723 3545 895 3606 scribuntur
917 3544 1043 3607 litterae.
1088 3543 1258 3604 Latinorum
1282 3558 1399 3620 quoque

103 3645 217 3707 litteras
244 3644 409 3705 Carmentis
436 3645 563 3723 nympha
593 3647 757 3708 Nicostrata
786 3656 881 3709 mater
903 3642 1043 3708 Euandri
1062 3646 1185 3708 inuenit.
1230 3643 1398 3705 Carmentis

103 3753 202 3807 autem
224 3746 313 3816 dicta,
337 3766 372 3807 eo
395 3746 471 3824 quod
501 3748 598 3809 lutura
626 3749 809 3810 carminibus
838 3748 978 3817 canebat;
1012 3746 1141 3827 nympha
1175 3744 1280 3807 dicitur
1313 3747 1398 3824 quasi

102 3847 236 3928 lympha,
260 3847 340 3908 idest
361 3864 450 3925 aqua,
474 3851 541 3928 quia
565 3852 641 3911 sicut
664 3870 738 3931 aqua
761 3851 904 3930 sapientia
928 3850 1090 3911 dillluebat.
1134 3847 1300 3908 Nicostrata
1325 3865 1398 3907 uero

103 3949 181 4011 idest
201 3950 369 4015 uictoriosa.
415 3948 504 4030 Νίκη
527 3953 605 4011 enim
621 3952 735 4013 Graece
759 3954 884 4013 uictoria
909 3951 920 4032 ll
940 3949 1000 4013 143
1017 3949 1030 4034 tl
1054 3952 1173 4019 Latine,
1198 3949 1245 4010 uel
1260 3948 1397 4027 gladiata,

64 4069 139 4112 aceo
162 4052 240 4130 quod
271 4053 384 4129 ingenii
417 4055 552 4113 acumine
586 4052 713 4131 uigebat.
757 4054 887 4115 Aliarum
920 4071 1037 4132 quoque
1069 4052 1185 4113 litterae
1218 4051 1352 4129 gentium
1381 4070 1398 4112 a

102 4152 231 4215 diuersis
254 4153 426 4214 auctoribus
441 4163 577 4233 repertae
593 4164 677 4222 suut,
701 4155 778 4223 sicut
793 4156 955 4216 Gothorum
972 4157 1086 4217 litteras
1101 4151 1225 4215 Gollllus
1240 4153 1398 4234 spiscopus

101 4258 245 4337 repperit.
290 4258 405 4317 Genera
430 4259 514 4316 etiam
538 4255 703 4318 litterarum
727 4257 845 4320 diuersa
868 4265 944 4318 sunt
989 4257 1141 4329 Quaedam
1165 4257 1243 4317 enim
1265 4255 1398 4317 unciales

103 4410 173 4417 ...-
184 4411 281 4417 .—..—-

172 4515 184 4560 l
204 4508 362 4574 Priscianus]
382 4510 399 4559 I
413 4527 441 4574 p.
460 4514 488 4571 5,
507 4514 523 4559 5
541 4511 577 4559 H.
646 4513 661 4559 2
681 4512 813 4561 litteratam
832 4512 974 4562 illiteratam
1047 4507 1221 4578 81p¹literata
1238 4508 1397 4561 inarticulata

102 4577 321 4646 Ptr'onitruorum
408 4581 437 4626 11
456 4577 592 4638 dilllniuit,
611 4580 648 4627 sic
665 4595 765 4644 seraper
833 4582 865 4628 22
884 4581 1058 4630 cataclismum
1144 4581 1177 4629 25
1195 4593 1299 4642 moyses
1317 4594 1398 4644 supra

101 4649 192 4696 lineam
260 4649 310 4714 ,26
329 4645 433 4711 replerit
517 4647 551 4695 29
568 4661 701 4711 grecorum
771 4648 903 4712 ph⁰euices
972 4654 1134 4713 repleremur
1210 4650 1243 4698 30
1261 4648 1396 4712 plr⁰anicco

101 4717 132 4765 31
154 4714 271 4780 nimphe,
289 4716 324 4778 cf.
344 4715 440 4764 Isidor.
455 4712 523 4779 Orip.
543 4714 631 4775 [4³¹
699 4717 731 4766 32
751 4715 856 4782 nimphe
924 4720 958 4768 23
976 4715 1072 4782 limpha
1141 4718 1175 4766 34
1192 4713 1272 4765 Niche
1323 4729 1398 4782 grece

102 4783 135 4835 et
152 4783 260 4850 repuens
