3420 5378
224 246 286 311 263
626 248 859 301 cotrnmtrvn
877 247 1120 300 erusxnnnuse

87 464 107 503 p.
120 452 170 501 aaa,
185 453 209 492 ar
224 436 293 497 inde
315 435 538 515 conglutinatio.
583 438 626 497 Vt
646 434 839 497 Phaethon
861 454 926 515 pro
950 435 1151 497 Phaethon.
1188 436 1343 499 l'ltaithou
1358 435 1436 500 silius
1456 439 1509 499 luit

223 538 397 619 Solis-qui
425 556 493 599 com
520 540 742 618 uituperaretur
771 536 807 599 ab
838 537 991 609 ouxoibus,
1019 538 1098 616 quod
1125 555 1184 600 uon
1214 546 1293 600 esset
1319 538 1400 600 filius
1425 540 1507 607 Solis,

222 642 339 719 rogauit
360 648 474 720 patrem
497 658 599 711 suoru,
624 649 655 701 ot
678 640 864 719 permitteret
885 643 913 702 ei
935 658 1042 719 regere
1064 659 1169 702 currus
1191 643 1257 703 eius
1277 649 1306 703 el
1320 644 1460 722 permisit
1472 642 1508 703 el.

223 745 258 807 ti
280 743 328 805 ille
352 747 487 806 nesciens
510 744 588 804 uiam
611 741 688 803 Solis
710 741 793 802 duxit
814 740 879 803 illos
900 762 956 823 per
977 743 1249 823 septemtrionalem
1265 740 1383 824 plagam
1399 752 1429 805 ct
1442 752 1509 806 tunc

223 848 321 926 coepit
348 847 474 909 mundns
507 845 626 915 ardere,
664 844 744 925 quod
774 862 840 904 com
868 845 1028 925 aspexisset
1055 844 1149 915 louis,
1186 844 1358 908 fulminanit
1387 863 1454 908 eum
1483 855 1541 908 cll

223 958 358 1010 mortuus
380 948 488 1010 cecidit
510 949 538 1008 io
562 946 723 1007 Eridanum
745 946 883 1018 lluuium,
913 965 928 1007 a
951 965 1010 1026 quo
1032 964 1140 1007 nomeu
1164 946 1288 1027 accepit
1333 948 1402 1029 lpse
1431 951 1510 1010 enim

223 1053 336 1114 Graece
369 1060 491 1112 uocatur
521 1047 532 1131 ΙΙ
548 1068 575 1130 p.
595 1045 655 1110 198
671 1044 683 1129 ΙΙ
712 1048 796 1117 Erix,
828 1047 897 1108 iode
924 1048 1081 1109 Eridanus.
1135 1048 1246 1110 Nerei
1283 1068 1352 1129 pro
1389 1050 1510 1112 Nerei.

222 1153 443 1233 Aeripedem
467 1169 617 1212 ceruam
640 1169 705 1230 pro
727 1148 951 1229 aeripedem.
995 1149 1058 1211 Hoc
1082 1151 1263 1228 Virgilius
1285 1151 1357 1213 dicit
1379 1152 1418 1213 de
1441 1152 1512 1213 ller-

223 1254 304 1327 cule,
327 1257 379 1333 qui
401 1272 491 1316 cursu
513 1273 568 1315 suo
590 1254 651 1313 hxlt
673 1270 791 1313 ceruam
815 1253 912 1313 aerios
934 1253 1025 1332 pedes
1047 1251 1215 1313 habentem.
1252 1252 1308 1314 llic
1330 1260 1433 1315 autem
1455 1271 1513 1315 aon

223 1357 310 1428 dicit,
340 1356 417 1437 quod
441 1374 505 1416 eam
528 1356 639 1417 lixisset
660 1355 790 1432 sagittis,
819 1354 869 1413 sed
894 1353 1082 1415 ttelocissimo
1104 1372 1193 1414 etusu
1216 1356 1278 1416 lixit
1299 1372 1367 1415 eam
1390 1356 1411 1414 i·
1435 1362 1545 1416 starett

222 1459 302 1520 lecit.

72 1556 221 1658 ¹:32¹&ssss
304 1559 549 1640 ds'peredure.
594 1557 910 1635 Ililliailisgrauis.
956 1557 1187 1636 liuraaspera.
1232 1555 1508 1621 Collisio.....

222 1662 291 1723 Per
318 1663 632 1741 interceptionem
661 1661 685 1719 i·
710 1678 763 1739 per
791 1658 1022 1720 subtractionem
1051 1678 1104 1739 per
1133 1659 1342 1720 abscisionem.
1389 1659 1435 1721 Vt
1465 1671 1515 1723 at·

84 1782 290 1846 ¹„namque
321 1782 362 1824 ca
393 1764 544 1824 diuersa
575 1764 727 1841 penitus
757 1760 838 1821 dum
872 1769 976 1839 parte
1005 1768 1199 1837 geruntur.
1245 1762 1439 1840 Virgilius
1461 1762 1515 1823 hoc

222 1865 293 1927 dicit
314 1866 352 1927 de
373 1868 472 1927 Aenea
495 1873 524 1925 et
545 1864 656 1925 Turno.
701 1866 817 1925 Aeneas
840 1870 904 1923 erat
925 1863 955 1922 io
977 1861 1101 1932 Tuscia,
1125 1862 1245 1925 Turnus
1266 1881 1343 1924 uero
1365 1865 1397 1924 iu
1422 1864 1547 1926 ltaliae

72 1967 384 2035 ..mantuanos
408 1967 520 2036 labilis;
544 1965 644 2026 lenis
665 1966 774 2027 suauis.

107 2084 212 2135 neom
310 2068 384 2131 tuli
407 2088 472 2149 pro
494 2067 569 2137 illi,
593 2076 626 2130 ut
649 2067 843 2146 Virgilius:

425 2170 496 2233 Olli
519 2169 720 2231 caeruleus
742 2188 853 2249 sopra
875 2176 985 2248 caput
1006 2169 1129 2230 astitit
1151 2169 1278 2230 imber.

106 2286 211 2339 'teani
309 2274 333 2334 u
356 2274 451 2333 littera
475 2272 512 2334 de
534 2270 636 2333 ultimo
657 2273 687 2333 iu
710 2270 890 2351 paenultima
913 2268 978 2331 loco
1001 2272 1186 2341 transfertur,
1209 2280 1242 2332 ut
1263 2270 1440 2334 ‘Euandre’
1463 2292 1516 2355 pro

223 2375 393 2443 ‘Euander'3
416 2374 551 2436 simililer
573 2372 748 2454 ‘Thymbre’
771 2391 825 2453 pro
848 2371 1034 2454 ‘Thymber'.
1078 2373 1162 2434 Vnde
1184 2373 1385 2452 Virgilius:
1525 2386 1549 2424 st

350 2476 453 2548 Quod
477 2475 545 2537 tibi
566 2474 748 2555 Thymbre
770 2482 881 2556 caput
902 2473 1110 2539 Euandrius
1131 2472 1290 2536 abstulit
1313 2477 1433 2539 ensis.

696 2663 744 2724 DE
766 2661 1034 2725 sullEtlxlTlltvs.

309 2786 433 2846 Schema
464 2785 576 2845 Graece
604 2785 695 2861 ligura
724 2780 772 2842 uel
800 2780 931 2851 babitus,
959 2781 1028 2842 iude
1056 2781 1204 2843 schemata
1227 2781 1368 2842 dicuutur
1392 2784 1516 2863 figurae.

104 2919 125 2960 1..
140 2890 362 2955 testaceos
383 2888 539 2965 geneliuus
562 2893 607 2946 est
628 2886 772 2953 Graecus,
796 2892 882 2945 sonat
902 2893 1001 2945 autem
1026 2883 1127 2945 Latiare
1149 2884 1323 2945 ‘dictionis'.
1370 2884 1516 2947 Similiter

223 2991 399 3051 diauoeas
421 2990 577 3068 genetiuus
599 2982 728 3048 Graecus
751 2994 809 3056 est,
841 2984 920 3064 quod
942 2986 1045 3048 Latine
1067 2985 1175 3048 dicitur
1196 2987 1397 3047 ‘seutentia'.
1444 2988 1549 3050 Sunt!

224 3111 294 3170 ergo
316 3092 464 3153 schemata
492 3091 593 3151 lexeos
615 3095 645 3149 et
672 3087 811 3149 dianoeas
839 3090 864 3149 i·
888 3096 954 3149 suut
977 3089 1089 3168 ligurae
1111 3090 1159 3150 uel
1181 3087 1301 3149 habitus
1324 3087 1470 3151 dictionis
1490 3098 1518 3151 et

223 3197 397 3256 sententiae.
442 3193 597 3254 Schemate
618 3191 719 3251 lexeos
740 3192 764 3251 i·
781 3189 953 3252 dictionum.
991 3191 1120 3252 Dianoea
1141 3192 1218 3251 enim
1235 3191 1351 3253 Graece
1366 3193 1518 3255 sententia

107 3296 339 3365 paeacdicitur.
384 3295 442 3357 Sed
470 3294 620 3356 schemata
648 3291 788 3353 diauoeas
815 3294 841 3354 i·
870 3293 1093 3355 sententiarum.
1141 3292 1189 3354 td
1219 3300 1397 3355 oratores
1428 3295 1454 3354 i·
1482 3293 1517 3356 ad

222 3398 359 3460 rhetores
381 3400 539 3478 pertinent.
579 3396 718 3457 Oratores
739 3402 808 3455 sunt
829 3394 965 3455 rhetores
987 3395 1174 3474 eloquentes,
1198 3394 1267 3473 qnia
1290 3392 1438 3459 rhetores
1460 3414 1517 3459 noo

221 3519 275 3581 per
297 3509 411 3580 partes,
439 3501 516 3560 sicut
541 3499 739 3576 grammatici,
770 3496 820 3557 sed
843 3515 898 3576 per
920 3497 1079 3557 sententias
1100 3495 1249 3556 schemata
1276 3495 1415 3569 iaciunt,
1444 3510 1551 3577 qnae*

223 3603 352 3663 Cicero
369 3599 380 3683 ΙΙ
396 3621 425 3681 p.
443 3597 504 3663 199
519 3598 530 3684 ΙΙ
546 3600 697 3662 describit.
742 3600 825 3671 Quae
846 3606 944 3660 aulem
968 3598 1004 3659 ad
1026 3598 1249 3676 grammaticos,
1272 3597 1446 3663 Donatus
1469 3602 1517 3663 de·

110 3735 130 3774 p.
144 3723 188 3769 aar.
203 3725 214 3763 a
229 3703 343 3764 scribit.
389 3703 625 3771 Necessaria,
649 3704 668 3762 i·
693 3704 787 3780 magis
808 3699 901 3762 utilia.

110 3828 222 3879 pennu
308 3805 501 3884 Prolepsis
522 3813 577 3865 est
599 3805 867 3885 praesumptio,
892 3804 954 3864 siue
970 3803 1212 3882 praeoccupatio,
1236 3800 1358 3880 quaudo
1382 3822 1422 3864 ea
1445 3822 1518 3885 (puae

291 4027 417 4091 lphetnu
437 4041 483 4091 pro
503 4025 613 4091 phaeton
666 4024 777 4089 phaeton
829 4019 976 4086 Sceruam]
992 4024 1026 4083 cs.
1049 4025 1143 4072 lloaati
1158 4023 1214 4074 eod.
1233 4023 1300 4087 Pp.
1321 4024 1386 4088 396,
1400 4026 1486 4078 2111'.

222 4092 358 4159 Virgilius]
375 4096 440 4145 Aca.
456 4094 496 4143 VI
514 4096 566 4143 803
620 4094 651 4142 10
669 4092 769 4142 lixisset
786 4090 846 4156 ete]
867 4092 906 4154 Cf.
916 4090 1031 4140 Seruium
1048 4093 1084 4141 nd
1100 4094 1116 4141 l.
1126 4095 1152 4141 i.:
1171 4092 1273 4140 licerit
1290 4102 1381 4141 atatem
1402 4096 1519 4145 amarti-rit

222 4176 244 4211 et
264 4162 442 4224 delassauerit,
461 4163 521 4223 qum
540 4163 561 4209 si
580 4159 629 4209 telo
649 4160 761 4220 hxissct,
780 4175 828 4209 rxon
848 4162 883 4209 itu
900 4171 969 4209 esset
986 4158 1120 4209 laudabile.
1207 4161 1238 4207 15
1256 4159 1280 4205 ixx
1301 4161 1410 4212 lxii-chia
1490 4164 1518 4213 lt

223 4226 359 4296 Virgilius]
381 4231 487 4283 Aea.V
504 4233 536 4277 lu
603 4231 636 4279 20
655 4230 744 4278 timbre
761 4244 808 4295 pro
826 4230 889 4278 tiber
957 4226 1092 4293 Virgilius]
1112 4227 1177 4276 Aen.
1197 4225 1224 4273 X
1242 4228 1295 4275 394
1373 4232 1407 4280 21
1432 4232 1518 4279 timbre

222 4379 294 4430 pater
361 4366 393 4414 22
412 4365 455 4414 lin
474 4311 693 4417 sclbttttrlssvs
745 4362 1005 4416 aasetemaronttos
1056 4361 1364 4427 26lugurpnel”abitus
1422 4368 1518 4418 29non

223 4448 268 4498 per
285 4448 331 4499 per
348 4443 432 4497 partes
500 4436 532 4485 33
549 4433 685 4499 prolemsis

290 4675 323 4723 33
347 4674 436 4723 Gloaon
457 4675 552 4723 codicia
574 4673 714 4722 Beroeaeus
734 4672 755 4729 s.
774 4670 825 4719 21¹³
846 4687 925 4734 mer-p.
944 4672 1007 4721 cia:
1045 4669 1090 4719 Est
1112 4670 1178 4719 enim
1201 4670 1408 4734 praeoccupatio
1437 4688 1519 4722 rerum

226 4740 313 4789 urdine
330 4753 518 4806 secuturarum,
544 4742 605 4803 qum
623 4739 697 4799 illud,
723 4739 793 4801 quod
811 4739 918 4803 primum
937 4738 1024 4787 ilelrnit
1047 4751 1155 4801 ponere,
1186 4734 1262 4799 longe
1281 4734 1403 4798 distulit;
1434 4742 1519 4790 debuit
