3420 5378
203 299 296 350 ccidi
605 283 654 336 Da
672 283 883 337 auximano
902 282 1087 336 Paeunlrto

202 476 347 543 nottitate,
377 474 455 552 quud
485 474 667 552 posteriores
696 481 800 551 poetae
827 491 884 533 non
909 481 1050 551 egerunt,
1080 491 1139 534 uon
1167 472 1246 552 quod
1276 473 1330 534 ista
1362 471 1496 533 definitio

202 586 281 638 rocta
304 595 364 638 oon
387 584 479 645 esset,
509 574 561 636 sed
589 573 665 655 quod
696 592 802 636 uersus
824 593 893 634 suos
923 573 1061 656 liquidius
1083 574 1253 636 discurrere
1277 573 1345 634 ullis
1367 572 1494 636 salebris

202 678 371 741 noluerunt.
1246 746 1249 751 ξ

287 782 307 842 l.
331 777 370 842 8⁸
398 779 474 850 Ouid
503 797 557 861 per
586 777 789 840 definitionem
818 778 998 839 ostenditur?
1042 777 1152 840 Natura
1182 779 1418 859 uniuscuiusque
1442 779 1494 845 rei,

203 892 235 945 ut
257 929 414 947 ........
435 881 521 942 dieite
545 882 681 942 Definitio
704 881 773 959 quid
798 881 861 941 esti
905 880 1017 949 Oratio,
1042 898 1117 958 quae
1133 881 1176 950 id,
1200 881 1237 942 de
1253 899 1311 959 quo
1327 881 1518 960 quaeritans

202 995 303 1067 aparte
326 983 468 1046 describit
490 993 520 1044 et
542 982 727 1052 determinat,
752 991 875 1063 utputa
898 983 923 1043 si
946 983 1042 1043 dicas:
1071 983 1172 1044 ‘bomo
1197 982 1267 1064 quid
1292 982 1355 1042 est?
1383 981 1493 1043 animal

203 1085 345 1149 rationale
368 1084 492 1147 mortale
514 1094 545 1147 et
566 1102 705 1145 sensnum
728 1088 842 1163 capax’.

271 1278 376 1339 lpoete
429 1287 478 1321 rron
497 1271 581 1321 feritur
600 1271 733 1322 Patrobios
784 1269 903 1320 diilluitio
924 1282 1065 1320 recreasse
1124 1271 1217 1320 ruitis
1236 1271 1345 1322 salubris
1365 1272 1442 1323 nullis
1462 1300 1492 1309 -

202 1341 338 1391 rrolrteruut
357 1341 490 1391 Patrobios
574 1338 790 1396 4delluitionem,
808 1356 879 1389 corr.
898 1338 950 1387 ‹lei-
969 1357 999 1391 m.
1018 1338 1051 1388 II
1137 1342 1153 1390 5
1178 1350 1204 1387 nt
1214 1376 1328 1391 ......
1343 1356 1392 1390 nus
1416 1337 1491 1406 dicit]

202 1410 297 1460 Nomen
320 1411 434 1468 euanuit,
457 1409 505 1459 red
525 1415 563 1458 eet
582 1408 711 1459 Maximae
732 1407 878 1457 Victorinus
895 1424 922 1470 p.
942 1407 1059 1471 19381’,
1081 1409 1247 1471 supplendum
1264 1409 1341 1472 ipitar
1359 1407 1494 1459 ‘Maximi-

201 1480 312 1528 nianaa.’
348 1477 441 1527 Petrae
460 1477 553 1525 daniel
569 1477 601 1525 de
621 1475 731 1525 Gramma·
747 1477 802 1526 loco
818 1493 845 1540 p.
866 1478 928 1536 152,
949 1477 966 1524 4
983 1475 1011 1524 K
1027 1477 1186 1540 copitauerat
1203 1482 1230 1525 et
1246 1475 1388 1526 Geminiani
1404 1493 1492 1528 manen

199 1545 302 1595 audeone
319 1547 472 1598 coniecerat.
508 1543 618 1593 dilinitio
688 1543 837 1592 fidiseribit
871 1555 895 1592 et
911 1542 943 1592 de
961 1559 1033 1595 enan.
1068 1543 1226 1600 determinat,
1245 1543 1321 1592 ueluti
1340 1545 1363 1592 ai
1383 1558 1492 1609 quaeras

199 1613 369 1732 alr't‘rpr'eclgprrid
387 1614 421 1662 sit
438 1611 542 1674 bomn’,
560 1611 735 1678 respondebo:
764 1610 873 1659 ‘animal
892 1611 1013 1662 rationale
1030 1610 1136 1661 mortale
1155 1611 1222 1660 risus
1240 1626 1322 1678 capax
1345 1612 1493 1663 Victoriam

285 1835 397 1908 wirce
410 1851 451 1895 ex
465 1837 538 1895 locis
551 1836 714 1909 corripitur,
739 1833 975 1893 Maximiani
995 1836 1114 1894 nomine
1128 1836 1345 1909 prommoticoa
1361 1834 1495 1896 Maximi

206 1935 358 1999 Vr'ctorioi
367 1954 425 1997 non
436 1939 531 1998 sotum
546 1939 585 1997 aa
594 1934 715 1996 rut-ione
725 1941 888 1996 metrorum
898 1936 1029 1996 libellam
1044 1932 1275 2011 adhibuissent
1285 1935 1492 2011 anodKeiiiao

198 2042 353 2102 contendit
373 2042 392 2100 1.
414 2042 433 2100 t.
455 2058 486 2114 p.
512 2045 549 2098 1⁶
570 2044 644 2115 not,
667 2039 722 2098 sed
734 2044 837 2098 cetera
852 2053 969 2113 qaoque
983 2039 1114 2097 mandem
1126 2039 1324 2112 arammotici
1336 2040 1492 2115 operienda.

284 2140 473 2218 Peperini
493 2139 551 2214 (cf.
575 2140 696 2201 liciti.
719 2142 739 2204 t.
760 2159 793 2218 p,
818 2147 854 2198 15
876 2145 954 2216 not.)
977 2146 1124 2215 excerpta
1145 2140 1222 2200 boec
1243 2145 1329 2199 snat:

286 2245 305 2306 i.
328 2242 368 2305 5¹²
399 2243 471 2304 ltem
496 2241 717 2321 Paperious:
750 2239 834 2302 Nulla
864 2260 920 2301 uox
944 2240 1067 2302 duarum
1091 2240 1139 2302 uel
1162 2239 1290 2320 plurium
1313 2238 1491 2320 syllabarum

203 2352 290 2406 acuto
313 2363 388 2405 souo
411 2346 442 2405 in
465 2342 566 2405 ultima
589 2343 782 2415 terminatur;
811 2343 1034 2405 circumflexum
1058 2359 1117 2402 non
1139 2342 1195 2403 alia
1217 2360 1287 2422 pars
1308 2351 1492 2422 postremum

204 2446 303 2517 babet,
327 2446 382 2507 nisi
406 2461 489 2523 pars,
518 2445 601 2506 citius
624 2447 770 2524 posterior
791 2443 901 2526 syllaba
930 2452 1034 2506 natura
1057 2443 1142 2523 longa
1166 2446 1311 2515 excurrit,
1339 2465 1415 2526 quae
1443 2455 1493 2508 aut

200 2550 359 2633 amissione
383 2545 503 2609 ultimae
525 2545 654 2626 syllabae
683 2545 887 2608 litterarumue
909 2555 961 2609 aut
982 2565 1099 2617 earum,
1127 2565 1203 2625 quae
1231 2554 1300 2608 sunt
1326 2557 1397 2609 ante
1424 2549 1492 2611 ulti·

200 2669 288 2721 mam,
311 2650 525 2730 corrumpitur,
542 2658 574 2711 ut
596 2651 705 2728 ‘pacat'
723 2647 846 2729 ‘opplet’
871 2651 956 2711 ‘linit'
981 2652 1092 2727 ‘agnat'
1117 2648 1220 2710 ‘audit’
1244 2647 1353 2711 ‘addic’
1371 2649 1517 2712 ‘auduom

199 2752 320 2816 ‘adbuc'
345 2752 492 2832 ‘posthac'
515 2751 663 2813 ‘antelmo'
688 2751 779 2813 ‘audi'
804 2754 910 2829 ‘eupi',
937 2768 1012 2829 quae
1035 2751 1120 2830 plena
1144 2759 1173 2811 et
1195 2752 1309 2829 integra
1333 2751 1389 2813 alia
1411 2761 1491 2823 snut,

201 2863 232 2918 nt
254 2854 395 2934 ‘parauit’
425 2851 581 2934 ‘oppleuit'
611 2855 730 2929 ‘timuit’
762 2855 907 2931 ‘agnouit'
938 2853 1072 2915 ‘auclinit'
1102 2853 1228 2914 ‘addice'
1260 2852 1396 2915 ‘adduce’
1426 2854 1477 2915 ‘ad

200 2959 287 3018 buce'
311 2955 475 3035 ‘posthaec'
501 2954 666 3019 ‘antebace'
690 2955 816 3018 ‘audiui’
839 2956 978 3035 ‘cupiui’:
1008 2955 1096 3016 liuius
1123 2972 1242 3035 quoque
1272 2957 1392 3033 generis
1420 2965 1493 3018 suut

199 3061 297 3121 ‘istoc’
323 3056 415 3119 ‘illoc’
438 3059 535 3119 ‘istac’
559 3056 650 3119 ‘illac’
675 3059 763 3118 ‘istic'
788 3055 882 3118 ‘illic’.

284 3163 304 3221 i.
329 3156 388 3220 12⁸
409 3158 488 3229 Quot
509 3169 580 3220 sunt
601 3159 785 3221 differentiae
814 3161 1036 3240 participiorum
1065 3168 1095 3221 at
1117 3160 1289 3221 nominum?
1328 3160 1400 3222 [licit
1424 3161 1528 3222 Pado

96 3305 103 3316 ·
199 3263 357 3343 perinus
385 3259 422 3321 de
450 3261 624 3323 dilierentiis
652 3263 803 3323 nominum
834 3271 863 3322 et
890 3262 1129 3341 participiorum,
1160 3263 1227 3338 quia
1255 3272 1324 3323 sunt
1346 3262 1492 3342 ‹luaedam

199 3364 365 3443 participia,
388 3381 465 3442 quae
488 3371 517 3424 et
539 3365 600 3443 ipsa
623 3380 679 3443 pro
701 3365 815 3425 ratione
831 3365 949 3426 nourina
967 3372 1045 3433 sunt,
1070 3372 1101 3424 ut
1123 3371 1169 3424 est
1191 3365 1330 3445 ‘sapiens’
1355 3373 1386 3425 et
1406 3365 1492 3425 ‘con-

200 3468 310 3535 stans';
334 3465 446 3527 babent
467 3466 545 3526 enim
568 3466 712 3543 originem
736 3485 751 3526 a
775 3466 885 3536 rrerbis,
911 3475 942 3526 ut
958 3467 1064 3546 ‘sapio'
1089 3467 1229 3536 ‘const0'‚
1252 3474 1281 3526 et
1303 3466 1406 3527 cadem
1421 3485 1491 3546 par·

199 3570 299 3651 ticipia
322 3576 406 3634 sunt,
436 3574 555 3628 etcum
578 3575 647 3629 sunt
670 3567 804 3638 nomina,
834 3569 890 3629 hoc
913 3568 1051 3629 ditiorunt
1072 3585 1088 3628 a
1111 3568 1288 3649 participiis,
1319 3566 1396 3646 quod
1420 3587 1491 3629 coa·

198 3677 359 3752 ponuntur,
383 3677 415 3730 ut
437 3669 602 3748 ‘insipieus'
627 3669 832 3738 ‘inconstans',
857 3680 886 3730 et
909 3671 1055 3747 recipiunt
1070 3671 1312 3749 conparationem
1335 3676 1364 3730 et
1387 3680 1527 3750 super-1⁵

197 3772 353 3841 lationem,
384 3780 417 3831 ut
442 3771 638 3849 ‘sapientior'
668 3771 873 3833 ‘constantior'
908 3770 1166 3851 ‘sapientissimus’
1196 3772 1491 3834 ‘constantissimus’.

199 3875 231 3935 ln
255 3872 406 3934 aduerbiis
429 3891 545 3952 ‹tuoque
568 3874 686 3934 nomina
710 3881 872 3942 transeunt,
897 3882 928 3934 ut
948 3873 1119 3952 ‘sapienter'
1144 3875 1349 3936 ‘constanter’.
1395 3873 1491 3935 Parti·

199 3976 273 4055 cipia
298 3977 376 4036 enim
399 3974 479 4056 †nec
502 3976 669 4055 conparatis
691 3994 728 4036 ex
751 3975 920 4036 nominibus
943 3974 1131 4057 appellatiuis
1154 3978 1236 4036 dunt.

268 4182 281 4229 l
301 4181 359 4230 Hoc
376 4186 525 4244 excerptum
540 4181 637 4244 peinana
655 4178 736 4229 edidit
753 4180 853 4230 Keilina
868 4195 959 4244 propr.
980 4180 1087 4245 Erlanp.
1105 4197 1132 4244 p.
1152 4183 1184 4229 15
1202 4187 1254 4229 nat.
1332 4181 1492 4230 2inllexnm

198 4248 301 4312 boplet
318 4250 371 4297 rulit
388 4248 472 4297 udlruc
488 4246 559 4296 addit
576 4247 659 4296 odlrue
727 4249 818 4312 (teupi
836 4250 929 4298 addidi
995 4248 1126 4313 'inpleuit
1168 4246 1251 4296 llnirrit
1269 4249 1359 4297 addidi
1393 4249 1494 4299 audiuit

198 4317 254 4366 dice
272 4317 345 4380 parim
363 4316 451 4382 opplet
468 4312 523 4363 linit
540 4315 619 4380 again
636 4313 706 4365 audit
724 4314 794 4380 cupit
811 4313 851 4365 dic
869 4314 942 4365 addic-
960 4315 1009 4365 dire
1027 4315 1110 4366 addire
1127 4315 1209 4364 adlnio
1228 4315 1335 4380 posthac
1346 4315 1492 4365 autebic-

200 4384 300 4449 parauit
318 4384 433 4450 oppleuit
450 4384 557 4448 agnouit
574 4383 673 4433 audiuit
690 4384 786 4450 eupinit
798 4384 854 4433 dice
865 4384 955 4433 addice
967 4385 1031 4433 dirce
1049 4384 1145 4433 adduce
1164 4383 1261 4432 udhuce
1279 4383 1403 4448 postlrace
1420 4397 1493 4434 ante-

198 4453 260 4502 lraee
279 4453 385 4503 coniecit
402 4452 502 4503 Keitiua
553 4457 634 4517 agoot
652 4452 717 4502 aduc
734 4452 809 4501 addic
825 4451 909 4502 adbuc
927 4455 984 4506 eod.
1003 4452 1176 4517 Sanpalienria
1194 4453 1264 4515 apud
1280 4451 1390 4501 Keitiam
1461 4454 1494 4504 10

198 4521 268 4584 quod
320 4520 453 4570 diiereutia
503 4521 536 4570 de
553 4521 694 4571 ditarcutiis
713 4523 843 4571 nominum
863 4521 1055 4587 participiorum
1143 4522 1173 4570 13
1195 4519 1293 4569 Verba:
1313 4518 1407 4568 lrabeat
1424 4522 1493 4570 enim

199 4590 323 4654 originem
343 4616 375 4625 -
393 4599 483 4639 cornato
501 4595 559 4654 port
578 4600 602 4638 et
620 4589 706 4639 eadem
731 4589 868 4655 participia
886 4602 946 4639 suin
963 4590 1112 4641 collocanda
1130 4604 1185 4639 erre
1202 4589 1312 4637 uidetur.
1418 4590 1449 4639 13
1468 4602 1495 4638 et

200 4657 264 4706 idem
335 4660 367 4707 14
384 4656 495 4706 diierunt
564 4659 595 4707 l'l
614 4659 716 4707 uomiua
734 4659 795 4708 add.
813 4674 843 4706 m.
863 4657 898 4707 II
983 4659 1014 4709 18
1031 4657 1167 4720 Partleipin
1186 4652 1265 4721 enim]
1285 4656 1408 4705 Fortasse
1426 4659 1493 4706 reri·

199 4725 315 4775 bendum:
335 4724 472 4790 Participia
489 4734 572 4774 autem
592 4741 637 4775 nec
655 4734 835 4791 conponuntur
853 4740 898 4775 nec
915 4736 1087 4791 corrparautnr
1100 4740 1144 4773 uec
1164 4726 1187 4772 iu
1207 4724 1328 4772 aduerbin
1350 4735 1494 4788 nanseuut,

200 4793 260 4854 (ruia
278 4806 328 4841 uon
347 4809 378 4843 ex
399 4793 542 4842 nominibus
560 4793 723 4859 appellaturis
741 4792 812 4842 flunt.
