3420 5378
198 234 314 338 CCXVI!
505 274 554 324 DE
572 269 724 324 IVLIANO
743 266 940 319 'I'OLE'l'ANO
959 263 1197 318 GRAMMATICO

199 463 343 544 simplicia
367 463 413 523 uis
435 460 544 541 syllaba
567 461 722 521 terminata
745 455 895 519 masculini
918 455 1037 533 generis
1059 462 1134 522 scrut,
1160 461 1192 515 ut
1213 460 1284 533 puta
1299 453 1387 532 panis
1403 453 1496 513 crinis

197 550 302 610 amuis.
346 545 625 627 Stirpsquomoclo?
665 544 827 623 ‘Stirpis
849 550 885 602 et
907 539 930 621 †
952 541 1079 620 optino
1103 538 1256 600 meliore
1279 538 1495 617 propagine

197 632 397 695 colendus!
443 633 533 694 Pinus
555 629 721 711 quomodo?

350 735 533 795 Fraxinus
555 735 589 793 in
613 730 724 793 siluis
746 727 1019 809 pulcherrima,
1043 727 1149 805 pinus
1172 728 1207 786 in
1231 725 1361 787 hortis.

198 821 357 900 Pampiuus
379 818 545 900 quomodo?
1507 822 1521 862 ε

348 905 549 983 Pampiuus
572 902 720 962 uuilcra
741 900 832 961 uitis
854 905 1041 958 sarmenta
1064 899 1238 957 reuestit.

197 993 267 1053 Dies
289 989 455 1071 qrromodol

349 1076 493 1136 Primus
515 1074 551 1133 iu
575 1071 667 1133 orbe
690 1070 770 1130 (lies
792 1070 892 1130 lucis
914 1067 1120 1147 primordia
1144 1067 1308 1146 sumpsit

199 1160 285 1221 ltem:

349 1245 468 1305 Prima
494 1241 573 1303 «lies
596 1241 659 1302 lux
681 1246 735 1300 est
759 1241 895 1307 toruis,
920 1254 1018 1297 mors
1040 1255 1107 1298 uua
1130 1235 1312 1297 tenebris.
1510 1248 1532 1286 ¹⁰

200 1348 277 1408 Sunt
298 1347 403 1406 incerti
425 1345 542 1423 generis
564 1344 641 1402 inter
664 1340 856 1401 masculinum
880 1347 909 1399 ot
931 1348 1080 1409 neutrum,
1104 1346 1135 1399 ut
1158 1339 1274 1399 frenum
1290 1338 1405 1418 clipeus
1428 1338 1495 1399 uul-

197 1448 254 1508 gus
282 1448 400 1511 specus.
443 1426 617 1500 Quomodo?
661 1426 734 1496 Quia
764 1434 793 1484 et
820 1423 975 1485 masculini
1003 1425 1121 1501 generis
1148 1424 1298 1485 inuenitur
1327 1432 1356 1484 et
1384 1424 1494 1484 nentri.

199 1517 327 1577 Freuum
349 1513 515 1594 quomodo?

349 1600 420 1660 Nec
443 1615 511 1658 uon
535 1606 570 1658 et
591 1593 752 1657 stabulis
774 1595 903 1655 frenos
926 1593 1057 1654 audire
1080 1600 1269 1655 sonantes.

198 1684 234 1746 Et
255 1687 285 1745 in
309 1682 489 1765 pluralitate:
1509 1687 1532 1725 n

350 1769 467 1829 Frena
489 1765 738 1845 regendorum
761 1765 906 1826 retinet
927 1764 1148 1824 firmissima
1171 1781 1338 1841 regnum.

201 1872 320 1953 Clipous
342 1869 510 1953 quomodo?
553 1866 722 1947 ‘Clipeos
745 1873 780 1927 et
802 1865 906 1927 hasta
929 1867 958 1925 si
981 1867 1219 1945 apparuerit!
1265 1867 1353 1928 ltem:

351 1970 486 2050 Vulgus
509 1976 544 2029 et
566 1971 798 2030 innumerum
821 1966 997 2029 releuans
1019 1968 1060 2028 acl
1084 1967 1208 2029 sidera
1231 1968 1343 2029 duxit.

288 2090 300 2173 Η
316 2093 336 2151 ι.
353 2086 443 2171 88811
464 2088 608 2168 Quicquid
638 2088 672 2148 ad
702 2105 871 2148 mensuram
900 2085 948 2146 uel
982 2086 1016 2146 ad
1049 2085 1164 2164 pondus
1197 2088 1339 2167 pertinet,
1374 2091 1496 2167 generis

198 2186 268 2239 suut
292 2178 390 2237 neutri
413 2182 443 2235 ct
464 2191 582 2253 sempor
604 2171 835 2251 singularitatem
859 2170 970 2232 habent
997 2179 1026 2231 et
1053 2190 1112 2232 non
1142 2170 1338 2250 pluralitatem
1368 2185 1533 2254 exceptoeo

202 2262 279 2330 'sal',
302 2260 380 2341 quod
403 2267 446 2320 est
468 2259 586 2337 generis
608 2256 763 2318 masculini
786 2267 816 2318 et
838 2256 980 2337 pluralem
1003 2258 1118 2336 recipit.
1163 2257 1205 2317 Da
1228 2258 1293 2317 eius
1314 2256 1493 2338 o'xemplum.

199 2347 322 2408 ‘Sales
351 2347 407 2406 tui
436 2345 517 2404 sinc
547 2342 659 2403 (lente
687 2344 789 2402 sint!
836 2342 870 2402 m
893 2341 995 2410 ‘laira'‚
1025 2340 1102 2422 quod
1131 2350 1175 2402 est
1203 2343 1321 2420 generis
1348 2342 1493 2405 lentinini.

200 2432 241 2493 lla
263 2432 326 2491 eius
348 2428 527 2508 exemplum.

352 2533 458 2592 Disce
481 2529 683 2591 libens...
711 2527 912 2609 pallentem
934 2546 1079 2590 sumere
1102 2528 1219 2590 labam

352 2616 538 2676 Nutricem
562 2616 669 2676 uocis
690 2614 953 2675 monachorum
977 2632 1120 2692 semper·
1143 2616 1304 2676 amicam.
1508 2620 1533 2659 ²⁵

738 2852 786 2912 DE
809 2851 953 2914 Flnvnu.

286 3019 300 3103 11
317 3022 336 3081 l.
354 3019 416 3081 88³*
433 3018 444 3102 ΙΙ
461 3022 532 3083 ltem
554 3025 607 3083 ‘iu'
633 3024 811 3103 praepositio
835 3032 894 3090 est,
924 3026 984 3083 ‘ex'
1010 3021 1187 3102 praepositio
1211 3028 1268 3090 est,
1297 3021 1495 3100 ‘pugnabilis'

201 3124 307 3168 nornen
332 3113 385 3166 cst.
430 3105 526 3176 Quare
556 3109 677 3187 ‘pugna'
706 3127 765 3169 arua
793 3125 862 3185 pars
891 3126 949 3166 non
978 3114 1022 3167 ost
1050 3115 1079 3165 et
1106 3103 1197 3164 ‘bilis'
1225 3105 1301 3166 alia?
1344 3108 1375 3167 Si
1398 3126 1495 3184 peru

201 3193 304 3253 luisset
326 3188 483 3257 scribtum,
514 3190 574 3250 illut
598 3193 721 3272 ‘pugna'
746 3191 889 3253 ‹lelurcrat
918 3210 973 3251 arna
999 3208 1152 3270 pausasse
1175 3199 1205 3252 et
1226 3189 1291 3252 illut
1313 3191 1405 3251 ‘uilis’
1428 3192 1496 3264 alia,

201 3277 252 3337 secl
275 3278 341 3356 quia
366 3293 420 3356 per
445 3274 462 3334 b
484 3276 634 3343 scribitur,
658 3276 732 3338 nitut
754 3286 807 3340 est.
853 3278 909 3337 lsta
933 3278 1066 3345 uoruiua,
1092 3274 1173 3337 uelut
1194 3279 1224 3336 iu
1248 3279 1344 3356 prium
1368 3284 1534 3341 tractatum

202 3362 338 3422 adnotata
367 3367 451 3429 sum,
474 3361 512 3420 ita
543 3368 571 3419 et
599 3359 647 3420 iric
669 3363 836 3440 quaerenda
859 3371 941 3431 suut,
971 3362 1022 3421 secl
1047 3361 1166 3439 longum
1190 3369 1234 3422 est
1255 3362 1402 3437 scribere,
1427 3366 1495 3442 quia

203 3465 269 3507 rare
293 3446 377 3507 uobis
399 3462 577 3524 pergamena
601 3443 764 3524 largiuntur
787 3465 803 3506 a
827 3447 972 3527 l‘rincipo.

747 3682 795 3743 ut:
819 3681 951 3742 VERBO.

288 3850 300 3931 ll
318 3852 336 3912 i.
353 3850 418 3911 94·
434 3849 446 3933 ΙΙ
462 3852 543 3912 Sicut
565 3853 595 3912 iu
617 3853 713 3931 primo
738 3816 862 3913 tractatu
891 3860 952 3912 tota
979 3850 1115 3913 adnotata
1144 3863 1226 3924 suut,
1256 3857 1294 3915 ita
1324 3855 1372 3916 hic
1399 3858 1494 3917 iuter·

203 3947 354 4016 rogentur.
1506 3958 1533 3999 rs

205 4110 431 4119 .——--——-—..

272 4208 391 4259 luillabn
460 4212 611 4275 2propage
662 4204 1136 4272 4Frauiuus]Ver-p.Eol.V1165
1191 4211 1338 4274 pulcerrimo
1394 4213 1495 4263 inertis

201 4279 277 4327 nutu
299 4278 350 4326 lern
420 4279 510 4324 reueuti
598 4272 728 4340 81‘rime]
748 4277 884 4326 Dracontii
901 4277 1016 4326 hexaem.
1036 4281 1093 4345 ml
1165 4280 1195 4327 16
1218 4280 1391 4327 tinnissimurn
1464 4286 1495 4334 l'l

203 4358 257 4394 astu
327 4347 360 4394 24
378 4345 506 4393 lracrrunru
523 4351 582 4408 pout
602 4345 716 4393 ‘libens'
734 4346 876 4409 aipnlficaui
909 4344 1046 4409 pallentem
1116 4349 1148 4395 ‘29
1172 4347 1226 4395 illut
1249 4348 1305 4396 bilis
1375 4352 1408 4398 30
1427 4350 1494 4399 uolut

203 4417 227 4462 iu
249 4413 331 4479 primo
350 4409 469 4477 tractatu]
489 4413 522 4474 es.
542 4413 715 4476 nrtiproplunn
734 4412 888 4463 Bernenrem
910 4413 1008 4462 Iuliano
1026 4417 1174 4463 consimilem
1191 4416 1213 4475 s.
1233 4419 1295 4464 22³:
1323 4415 1358 4462 lix
1378 4415 1495 4480 pluribus

205 4494 231 4532 ut
249 4480 456 4545 inexpugnabilis
475 4481 657 4545 inperterritus.
693 4480 841 4538 Quomodo?
867 4482 892 4529 lu
912 4483 1069 4546 praepositio
1089 4492 1135 4545 est,
1155 4483 1328 4542 exstruitur,
1349 4487 1494 4548 pugnabilis

205 4565 295 4599 {roman
315 4559 361 4597 cst.
398 4546 479 4606 Quuro
498 4563 548 4597 nou
567 4548 629 4597 lucis
648 4564 736 4614 pugno
755 4549 854 4611 oronim)
877 4560 973 4614 partem
994 4562 1017 4598 et
1036 4549 1092 4599 bilis
1111 4550 1231 4599 altorem?
1261 4553 1287 4600 st
1308 4568 1352 4616 per
1371 4569 1385 4599 n
1404 4553 1496 4603 iniisset

204 4618 338 4673 scribtum,
358 4627 457 4681 poterut
475 4616 527 4665 neri
547 4618 591 4665 scd
610 4619 669 4678 (prm
687 4632 733 4683 per
751 4617 766 4663 b
784 4619 901 4666 scribitur·
920 4617 1076 4683 pugnabilis,
1097 4635 1145 4666 curru
1165 4636 1223 4684 pars
1242 4632 1288 4672 est.
1319 4622 1495 4684 luponem-ltus

203 4684 725 4747 quomodoetc..cs.1ulianip.68erl.
746 4686 813 4736 [lom.
882 4688 913 4736 31
934 4687 1094 4747 ιμιεετεηιιεε
1162 4690 1193 4737 32
1212 4703 1369 4753 prugnmenn
1463 4694 1496 4741 34

204 4750 285 4815 Sient]
305 4754 363 4802 Hoc
380 4760 438 4815 pont
456 4752 528 4802 uerbi
545 4754 711 4816 definitionem
729 4753 774 4802 arob
792 4756 845 4803 eina
862 4760 988 4803 tractatur
1006 4755 1101 4803 initium
1119 4758 1264 4805 adnotatum
1282 4765 1328 4808 eat.
