3420 5378
207 314 250 377 52
742 309 809 362 nats
828 310 958 362 isram

207 502 310 564 eodem
335 500 422 561 modo
446 508 579 580 tempore
603 500 703 560 futuro
726 517 794 559 curn
817 498 921 559 dixero
945 507 1000 558 etc.
1037 496 1188 558 lnfrnitiuo
1209 496 1297 557 modo
1320 496 1458 557 numeris
1479 503 1511 556 et

205 605 342 685 personis
364 611 498 682 tempore
520 602 673 682 praesenti
695 600 809 669 dicere,
834 601 996 678 praeterito
1019 596 1139 669 dixisse,
1162 600 1262 660 futuro
1284 597 1367 658 dictu
1392 598 1439 658 ire
1460 594 1509 657 uel

205 706 318 766 dictum
335 705 389 765 ire.
427 703 611 784 lupersonali
635 703 722 761 modo
745 709 880 781 tempore
903 702 1055 780 praesenti
1078 700 1196 771 dicitur,
1219 700 1385 781 praeterita
1407 700 1509 778 inper-
1540 696 1548 708 ‘

205 808 283 868 fecto
313 805 483 873 dicebatur,
512 806 674 884 praeterito
704 805 836 883 perfecto
865 802 976 863 dictum
1005 809 1051 863 est
1073 809 1103 862 et
1124 801 1261 863 ulteriori
1282 800 1373 861 modo
1396 798 1508 861 dictum

205 908 275 977 fuit,
309 909 472 987 praeterito
500 905 793 986 plusquamperfecto
820 904 932 965 dictum
960 913 1024 964 erat
1051 913 1080 963 et
1109 904 1250 965 ulteriore
1278 904 1368 965 modo
1398 902 1532 963 dictnma

207 1010 321 1085 luerat,
343 1012 444 1071 futuro
467 1009 591 1069 dicetur.
637 1007 717 1068 Haec
739 1014 809 1067 sunt
832 1005 956 1083 gerendi
980 1004 1027 1065 uel
1049 1008 1072 1080 †
1093 1006 1233 1084 tipicialia
1257 1004 1363 1066 uerita:
1389 1003 1508 1066 dicendi

206 1111 332 1172 dicendo
360 1109 519 1171 dicendum
546 1109 629 1170 dictu
652 1109 753 1170 dictui.
798 1108 874 1168 Sunt
896 1108 1066 1187 participia,
1096 1124 1171 1185 quae
1195 1107 1352 1169 trahuntur
1375 1124 1393 1167 a
1416 1105 1509 1168 uerbo

207 1215 304 1274 actiuo
326 1212 384 1273 duo
407 1229 548 1292 praesens
572 1219 602 1271 et
624 1214 776 1280 futurum,
800 1226 943 1289 praesens
966 1208 1084 1277 dicens,
1108 1210 1241 1270 futurum
1264 1207 1412 1271 dicturus.

199 1361 201 1364 >
292 1314 380 1375 Dicor
412 1312 537 1374 uerbum
567 1314 715 1393 passiuum
744 1311 908 1372 indicatiuo
936 1311 1023 1372 modo
1053 1310 1166 1372 dictum
1194 1317 1330 1391 tompore
1355 1313 1508 1391 praesenti

206 1434 331 1478 numero
357 1415 501 1494 singulari
530 1418 640 1493 figurae
669 1413 811 1492 simplicis
839 1430 987 1491 personae
1010 1414 1122 1492 primae
1145 1414 1365 1491 coniugatiouis
1392 1414 1507 1482 tertiae,
1520 1422 1543 1462 ¹⁰

207 1517 285 1596 quod
314 1515 512 1579 declinabitur
540 1517 597 1577 sic:
633 1515 716 1575 dicor
744 1513 852 1575 diceris
880 1514 989 1575 dicitur
1018 1521 1091 1585 eta,
1121 1513 1225 1576 eodem
1253 1514 1344 1575 modo
1371 1523 1508 1594 tempore

207 1621 370 1698 praeterito
397 1619 565 1697 inperfecto
594 1615 716 1676 dicebar
745 1624 817 1685 etc,
847 1616 952 1675 eodem
983 1615 1070 1676 modo
1093 1624 1229 1695 tempore
1252 1618 1419 1695 praeterita
1440 1634 1509 1695 per·

207 1720 285 1781 fecto
314 1720 411 1780 dictus
440 1737 504 1780 sum
533 1726 591 1778 etc.
621 1726 651 1777 et
674 1717 817 1778 ulteriore
843 1716 931 1777 modo
954 1717 1052 1779 dictus
1075 1718 1116 1777 fui
1138 1725 1196 1778 etc.
1220 1717 1293 1779 dicti
1315 1719 1441 1780 fuerunt
1462 1716 1509 1778 uel

207 1837 305 1896 fuere,
330 1821 434 1882 eodem
458 1821 545 1881 modo
568 1828 705 1899 tempore
727 1821 889 1898 praeterito
912 1817 1204 1898 plusquamperfecto
1227 1819 1325 1880 dictus
1347 1837 1431 1881 eram
1452 1826 1508 1881 ete.

207 1930 238 1984 et
266 1921 407 1983 ulteriore
436 1921 525 1982 modo
548 1921 645 1981 dictus
668 1921 781 1980 fueram
805 1929 876 1987 etc..
907 1920 1011 1982 eodem
1035 1920 1121 1982 modo
1143 1929 1279 2001 tempore
1300 1922 1405 1982 futuro
1427 1921 1543 1983 dicarss

208 2033 277 2094 etc,
301 2002 469 2105 inperatiuo
493 2022 580 2083 modo
603 2031 738 2101 tempore
760 2008 911 2101 praesenti
934 2021 970 2082 ad
993 2022 1153 2083 secundam
1169 2029 1200 2082 et
1215 2023 1333 2083 tertiam
1348 2041 1509 2102 personam

208 2127 308 2187 dicere
332 2125 459 2193 dicatur,
483 2123 561 2204 quod
586 2126 722 2202 primam,
748 2129 780 2182 ut
803 2141 893 2201 supra
916 2123 1028 2185 dictum
1052 2133 1105 2193 est,
1130 2141 1289 2204 personam
1310 2125 1341 2185 in
1364 2122 1510 2204 singulari

208 2246 334 2289 nurnero
356 2229 553 2306 imperatiuus
577 2225 681 2286 modus
704 2244 763 2286 non
787 2226 908 2304 recipit,
932 2232 963 2285 et
976 2224 1132 2304 pluraliter
1148 2224 1252 2286 ecdem
1269 2225 1357 2287 modo
1373 2233 1511 2306 tempore

208 2331 360 2407 praesenti
395 2328 431 2387 ad
466 2344 568 2387 omues
603 2345 747 2405 personas
775 2325 908 2387 dicamur
936 2326 1075 2389 dicamini
1103 2327 1251 2397 dieantur,
1286 2327 1395 2389 eodem
1423 2327 1511 2389 modo

210 2438 343 2509 tempore
373 2432 473 2491 futuro
502 2428 613 2488 diceris
640 2428 756 2489 dicetur
782 2428 916 2489 dicemur
939 2429 1078 2491 dicemini
1102 2429 1240 2490 dicentur
1262 2427 1311 2489 uel
1333 2428 1545 2491 dicentum.»

209 2531 351 2611 Optatiuo
379 2529 467 2590 modo
496 2539 631 2608 tempore
660 2532 808 2608 praesenti
832 2537 862 2590 et
884 2533 1044 2610 praeterito
1066 2531 1232 2610 inperfecto
1255 2533 1369 2594 utinam
1393 2532 1512 2594 dicerer

209 2642 276 2704 etc,
301 2632 405 2694 eodem
429 2631 517 2692 modo
541 2641 674 2710 tempore
696 2633 859 2711 praeterito
881 2634 1014 2711 perfecto
1037 2642 1066 2692 et
1086 2633 1380 2712 plusquamperfecto
1396 2636 1511 2696 utinam

208 2735 305 2795 dictus
333 2752 429 2795 essem
460 2741 517 2795 etc.
545 2742 575 2793 ct
605 2732 740 2793 ulteriori
769 2733 856 2793 modo
886 2736 999 2794 utinam
1028 2734 1125 2796 dictus
1153 2734 1373 2805 fuissentne..
1405 2734 1510 2797 malem

208 2836 296 2898 modo
320 2844 453 2915 tempore
477 2836 577 2896 futuro
600 2838 713 2896 utinam
737 2833 819 2895 dicar
841 2842 897 2895 etc.
935 2835 1131 2897 Coniunctiuo
1155 2833 1242 2896 modo
1265 2843 1404 2915 tempore
1426 2854 1512 2917 prae·

209 2938 286 2997 senti
320 2955 387 2996 oum
425 2936 507 2996 dicar
536 2947 609 3006 etc,
645 2936 751 2996 eodem
778 2937 866 2996 modo
895 2944 1028 3017 ternpore
1057 2938 1219 3016 praeterito
1247 2936 1417 3019 inperfecto
1445 2948 1545 3000 cum¹t

210 3039 326 3100 dicerer
350 3048 415 3107 cte,
440 3036 544 3098 eodem
570 3039 656 3099 modo
680 3046 815 3117 tempore
838 3041 1001 3116 praeterito
1023 3041 1156 3117 perfecto
1172 3055 1239 3099 cum
1255 3039 1353 3101 dictus
1368 3041 1428 3101 sim
1439 3048 1511 3109 eta,

210 3147 238 3199 et
262 3139 405 3199 ulteriore
428 3138 516 3197 modo
539 3158 607 3199 curn
632 3139 729 3199 dietus
753 3139 859 3200 fuerim
882 3147 954 3208 etc,
980 3141 1084 3201 eodem
1107 3142 1195 3201 modo
1217 3149 1354 3221 tempore
1376 3149 1510 3221 praetcr-

210 3242 253 3299 ito
276 3239 567 3318 plusquamperfecto
591 3259 657 3300 unm
681 3240 779 3301 dictus
802 3259 898 3301 essem
922 3250 978 3302 cte.
1003 3251 1031 3303 et
1053 3241 1197 3305 ulteriore
1219 3244 1307 3304 rnndo
1329 3260 1398 3304 cum
1415 3242 1512 3304 dictus

212 3342 332 3400 fuissem
357 3350 424 3410 etc,
451 3340 555 3401 eodem
578 3341 667 3400 modo
690 3351 823 3420 ternpore
847 3342 946 3402 futuro
969 3361 1036 3402 taum
1060 3343 1158 3407 dictus
1180 3364 1232 3406 erc
1248 3353 1304 3406 ete.
1321 3350 1353 3406 et
1367 3344 1511 3406 ulteriore

211 3442 300 3503 modo
322 3462 390 3503 cum
414 3443 512 3503 dictus
534 3443 620 3505 fuero
642 3452 699 3504 etc.
735 3442 886 3504 inlinitiuo
909 3444 996 3505 rrrodo
1020 3448 1151 3506 rrumeris
1167 3453 1197 3507 et
1213 3446 1351 3525 personis
1374 3453 1544 3527 temporatt

218 3561 442 3569 ...ῃ-ῃ.-

280 3611 401 3659 leodem
419 3610 496 3658 modo
515 3611 601 3660 om.B
652 3610 822 3660 induitiqu
892 3614 1088 3677 2preteritoA
1140 3615 1209 3665 dictu
1227 3615 1264 3664 ire
1283 3614 1322 3663 uel
1340 3614 1429 3667 attali
1495 3616 1511 3665 8

211 3680 339 3743 perfecto,
358 3694 406 3728 om.
426 3678 598 3742 praeteritoss
650 3678 947 3743 l'apluusquamperfecto,
966 3697 1012 3734 om.
1033 3682 1207 3747 praeteritaB
1267 3682 1433 3732 ediciturB
1467 3696 1512 3748 ge-

212 3746 286 3795 rundi
306 3745 345 3794 uel
363 3746 434 3810 tipici
452 3745 502 3794 alia
521 3746 597 3794 uerba
615 3757 674 3794 sunt
691 3746 823 3795 dicendili
850 3747 913 3796 lraec
930 3760 990 3798 suut
1007 3750 1057 3799 alia
1075 3751 1153 3801 uerba
1170 3751 1276 3816 gerendi
1293 3749 1334 3799 uel
1351 3750 1425 3815 tipici
1436 3751 1461 3799 A
1476 3749 1512 3812 cf.

212 3815 269 3864 cod.
290 3813 372 3864 Bern.
392 3815 442 3862 207
460 3816 525 3863 ortis
541 3816 720 3877 prammctt'cce
736 3815 783 3876 sol.
803 3817 883 3864 122¹:
907 3813 973 3864 Srrnt
990 3818 1066 3866 uerba
1085 3834 1150 3880 quaa
1167 3816 1291 3882 tipicialia
1308 3817 1431 3867 dicuntur
1447 3818 1513 3868 idest

212 3881 401 3942 similitudinis,
425 3882 547 3942 quoniam
569 3881 761 3930 similitudinem
784 3883 978 3948 participiorum
1001 3886 1025 3933 in
1045 3902 1074 3935 se
1093 3886 1230 3935 ostendunt
1247 3900 1304 3934 curn
1322 3886 1376 3934 sint
1392 3884 1472 3936 uerba
1488 3896 1512 3935 et

212 3963 262 3998 rrcn
288 3949 431 4013 participia.
468 3949 526 3997 Tria
548 3951 614 3998 enirn
638 3950 714 3998 uerba
737 3950 840 3999 amandi
863 3951 973 4001 amando
1000 3953 1137 4003 amandum
1164 3953 1356 4002 similitudinem
1384 3952 1512 4019 participii

213 4016 333 4081 passione
352 4015 548 4080 significationis
566 4016 644 4066 futuri
663 4019 786 4082 temporis
801 4019 945 4082 ostendunt,
963 4035 1074 4070 uitiatum
1093 4036 1154 4070 uero
1172 4021 1365 4070 similitudinem
1383 4021 1474 4085 pattici
1494 4020 1512 4070 ii

213 4084 340 4147 praeteriti
369 4085 491 4148 temporis
518 4086 638 4148 passiuae
665 4084 860 4149 significationis
888 4098 980 4151 gestat.
1020 4089 1186 4139 scribendam
1205 4090 1320 4151 sortasse
1343 4087 1464 4155 participi
1488 4090 1513 4138 le

212 4152 332 4199 dicuntur
350 4151 416 4200 idest
433 4151 527 4201 similia
546 4153 697 4218 participiis,
708 4154 742 4215 cs.
755 4170 782 4217 p,
793 4157 836 4218 57,
847 4155 882 4203 13
935 4155 1030 4205 'ldictu
1042 4158 1138 4207 indictu
1156 4157 1207 4206 duo
1226 4156 1362 4222 participia
1379 4154 1514 4205 trahuntur

216 4231 242 4267 ut
259 4219 383 4277 dicturus,
402 4221 500 4269 omissis
517 4220 649 4270 ceterisB
719 4222 895 4286 8presensA
964 4225 1130 4288 9passiuum
1150 4224 1227 4274 estB
1297 4225 1329 4274 10
1346 4222 1512 4289 simplccisB

213 4285 304 4336 terciae
323 4288 492 4351 correptaeB
597 4290 627 4336 12
646 4288 734 4336 eodem
754 4288 830 4338 modo
848 4298 964 4354 tempore
982 4292 1067 4341 unali
1172 4293 1204 4343 tt
1222 4292 1311 4341 ecdem
1330 4290 1409 4341 modo
1428 4290 1512 4344 onii

212 4355 349 4420 praeterito
368 4354 480 4418 perfecto
500 4365 524 4402 et
541 4355 791 4420 plusquamperfecto
811 4358 834 4404 A
904 4358 934 4406 16
953 4359 1104 4424 imperatiuo
1123 4360 1142 4409 B
1217 4362 1248 4410 17
1267 4369 1295 4408 ut
1312 4359 1397 4409 dicere
1415 4359 1513 4410 dicetur

213 4423 328 4471 dicamur
345 4422 465 4470 dicamini
483 4422 600 4472 dicantur
617 4422 702 4473 futuro
720 4423 811 4473 diceris
829 4424 928 4473 dicatur
945 4426 1060 4477 dicamur
1078 4436 1136 4488 etc,
1153 4430 1247 4479 cetera
1263 4425 1400 4479 amiaebB
1481 4426 1513 4478 ta

213 4490 370 4538 dicamusA
442 4491 473 4540 19
491 4490 629 4539 dicercsA
672 4493 731 4542 .20
750 4482 862 4541 obtatiuo
881 4495 903 4539 A
955 4496 1096 4546 alconem
1114 4497 1192 4545 modo
1210 4494 1430 4561 temperaveraB
1480 4494 1513 4545 22

213 4556 377 4615 etalteriori,
397 4573 444 4607 om.
464 4559 539 4607 mocio
559 4562 581 4607 A
634 4559 722 4608 eodem
742 4559 817 4609 modo
837 4570 953 4625 tempore
971 4563 1057 4613 futuro
1076 4564 1161 4615 omB
1229 4565 1263 4613 24
1280 4562 1511 4613 coniunctatiqu

214 4626 247 4674 25
270 4625 359 4674 ecdem
383 4625 460 4674 modo
485 4638 599 4691 ternpore
616 4626 700 4676 cm.B
769 4628 802 4676 26
825 4627 913 4677 eodem
936 4633 1014 4681 modo
1037 4640 1151 4696 tempore
1173 4631 1259 4681 om.B
1310 4631 1343 4682 at
1361 4640 1452 4682 aton.
1471 4628 1513 4679 AB

215 4691 303 4740 codem
323 4692 400 4740 moda
419 4704 534 4757 tempore
552 4710 600 4744 aar.
619 4695 638 4743 B
690 4693 825 4759 praeterito
844 4695 963 4759 perfecto
975 4709 999 4748 et
1017 4698 1270 4765 plusquamperfecto
1289 4701 1312 4748 A
1370 4698 1405 4749 29
1422 4697 1514 4749 eodem

215 4759 291 4807 mado
315 4769 430 4823 tempore
452 4762 540 4813 omli
608 4772 633 4810 et
651 4760 770 4810 ulteriore
792 4760 870 4811 modo
892 4777 951 4812 cum
974 4768 1057 4816 dictus
1080 4766 1152 4816 fuero
1175 4773 1225 4817 etc.
1248 4768 1276 4817 ia
1296 4766 1474 4831 marpiaser.
1491 4767 1515 4815 A
