3420 5378
716 238 800 290 cot).
820 240 926 294 BERN.
945 243 1005 296 207.
1406 258 1507 305 xxvll

209 427 371 496 eccidisse,
397 430 579 504 praesertim
605 445 673 488 cun
699 431 785 505 apud
806 431 926 490 Petrum
948 432 1042 491 multa
1063 432 1260 493 inueniuntur
1281 434 1408 509 desuper
1428 449 1508 495 cont·

210 537 393 602 memorata,
423 546 501 605 quoe
522 532 608 605 apud
628 531 709 590 durtc
730 548 790 593 non
812 533 1023 592 inueniuntur:
1049 535 1145 593 sotius
1172 541 1216 594 est
1243 535 1347 612 tpitur,
1376 541 1409 595 ut
1428 551 1508 596 com·

205 647 327 691 munem
351 630 605 715 utriqueJontem
624 631 723 704 fuisse
736 639 913 694 statuamus.
943 634 1023 693 Nam
1037 650 1063 693 e.
1078 650 1111 708 a.
1126 636 1295 696 cuniculus
1310 639 1387 697 artes
1401 645 1509 697 auctor

202 733 236 805 s.
263 739 337 791 113⁶
358 729 417 812 (cs.
440 750 537 810 supra
555 750 589 809 p.
613 732 678 792 XX
683 733 718 811 V)
744 735 878 810 punam
906 736 1138 797 declinationem
1168 744 1234 797 octo
1261 737 1384 814 syllabis
1408 740 1509 811 finati-

205 835 264 896 hus
292 837 454 895 terminari
479 835 580 910 dicat,
609 836 719 896 Petrus
740 852 814 898 uero
833 854 866 913 p.
889 843 965 914 tot,
989 845 1007 895 5
1034 845 1147 913 septem
1174 839 1378 899 tantummodo
1405 840 1509 900 iisdem

209 938 374 1012 propositis
396 939 542 1013 exemplis
563 944 714 998 enumeret
735 946 778 1007 et,
806 940 835 999 se·
850 937 937 1010 sorte
964 941 1104 1023 amplius
1118 941 1273 1015 potuerint
1299 942 1448 1008 inueniri,
1476 959 1510 1001 se

210 1055 271 1099 non
293 1041 552 1099 contradicturum
573 1041 752 1114 contendat,
776 1041 831 1100 sed
851 1042 924 1100 istas
944 1057 976 1100 se
992 1043 1145 1117 posuisse,
1169 1044 1247 1102 sicut
1268 1058 1287 1100 o
1309 1043 1385 1103 unis
1405 1043 1507 1103 erudi·

211 1141 332 1201 lissinis
358 1151 496 1200 maneret
520 1148 712 1218 conpertutn,
741 1144 859 1203 sincere
886 1143 1041 1217 adfirmet,
1072 1158 1110 1203 ne
1132 1144 1257 1204 Petrum
1279 1144 1397 1220 quidem
1419 1145 1508 1204 huius

211 1245 288 1303 artis
309 1249 436 1303 auctore
457 1260 540 1303 usum
563 1260 625 1304 esse
645 1245 733 1305 credi
749 1243 807 1316 sos
827 1251 881 1305 est.
964 1252 969 1261 '

299 1526 312 1612 tl
328 1533 347 1592 1.
365 1526 447 1590 117t
464 1528 477 1612 Η
506 1530 590 1591 ‘tlte’
618 1533 764 1609 aliquando
787 1543 829 1591 est
851 1532 955 1592 linitum
979 1551 1144 1610 pronomen,
1174 1535 1321 1612 aliquando
1348 1543 1391 1592 est
1420 1537 1508 1592 minus

212 1634 292 1691 quern
315 1617 432 1676 finitum.
476 1617 593 1677 linitum
617 1637 768 1695 pronomen
790 1630 849 1692 est,
864 1620 980 1695 *quando
1003 1638 1121 1694 persons
1144 1618 1208 1694 (em
1224 1619 1299 1693 cod.)
1322 1620 1455 1694 iungitur,
1478 1629 1508 1677 ut

214 1710 257 1758 m
279 1702 345 1759 ¹1⁰0·
413 1786 478 1845 ttte
500 1806 564 1865 ego
588 1791 753 1864 (trigenis
775 1790 901 1848 doctor
923 1791 1132 1848 norissimus
1155 1791 1254 1862 otim,

457 1872 558 1941 Quem
581 1877 724 1950 primunr
749 1875 834 1933 fidei
856 1875 1000 1933 Graecia
1023 1874 1117 1932 ciere
1140 1875 1237 1932 dedit

209 1955 540 2119 ξξᾲίέἔιιοὶριὶεῖιῖὅειε
561 1959 676 2018 Iuliano
702 1962 801 2018 similis
827 1968 970 2034 excerpta
998 1961 1059 2017 eod.
1084 1959 1185 2032 tulf.
1211 1964 1268 2017 2⁶⁶
1294 1959 1392 2033 praef.
1411 1962 1509 2033 partis

767 2300 809 2357 ΒΕ
831 2298 947 2356 ventu.

297 2413 311 2497 ΙΙ
328 2420 346 2478 l.
365 2421 443 2477 119·
459 2414 472 2498 ΙΙ
499 2419 614 2478 Verbum
637 2430 680 2477 est
702 2438 766 2496 pers
789 2420 922 2477 orationis
945 2435 1006 2475 cum
1031 2427 1153 2493 ternpore
1169 2425 1197 2473 et
1212 2434 1329 2492 persone
1352 2417 1411 2474 sine
1433 2434 1507 2488 casu,

211 2513 257 2560 sut
280 2521 361 2579 ogere
383 2505 485 2579 aliquid
508 2514 555 2561 snt
577 2506 632 2581 peti
655 2515 703 2563 eut
725 2514 851 2562 nentrum
875 2503 1038 2577 significans.
1076 2502 1191 2561 Verbum
1216 2519 1300 2576 quare
1322 2502 1424 2560 dictum
1448 2502 1508 2558 est?

208 2588 286 2657 Quod
310 2589 456 2647 uerberato
478 2595 541 2647 nere
563 2590 688 2648 efficitur.
726 2590 797 2666 Ergo
814 2591 837 2647 si
853 2607 903 2665 pro
920 2587 1091 2646 irroratione
1111 2588 1226 2658 dieitur,
1248 2596 1277 2643 et
1299 2604 1393 2643 omnes
1416 2595 1508 2661 partes

210 2675 340 2731 orationis
370 2675 488 2733 ‘uerba’
519 2675 571 2733 dici
601 2685 726 2751 possunt.
777 2674 885 2732 Nullum
914 2674 984 2730 enim
1018 2689 1170 2729 sermonem
1203 2682 1327 2728 eructare
1360 2688 1508 2745 possumus

210 2757 313 2832 absque
336 2759 528 2816 uerberatione
555 2762 635 2816 airis.
680 2762 714 2817 Et
741 2760 765 2815 si
794 2759 854 2816 ideo
882 2757 997 2815 uerbum
1026 2758 1141 2828 dicitur,
1170 2756 1243 2830 qnod
1272 2755 1417 2813 uerberato
1446 2760 1508 2812 nire

209 2839 337 2914 efficitur,
360 2852 387 2899 et
410 2859 504 2901 omnes
527 2852 619 2918 partes
642 2844 776 2901 orationis
798 2844 882 2899 uerba
905 2842 956 2899 diei
980 2849 1140 2917 potuerunt.
1178 2841 1229 2897 Sed
1246 2840 1386 2898 manifeste
1402 2842 1508 2897 ratione

211 2926 376 2998 ostenditur,
400 2930 479 3002 quia,
508 2945 569 2986 eum
594 2929 707 2985 uerbum
730 2927 875 2986 uerberato
898 2932 961 2984 nere
983 2934 1116 3000 motuque
1137 2924 1247 3000 linguae
1270 2923 1422 2998 efficiatur,
1445 2924 1508 3001 plus

211 3027 269 3068 eam
293 3007 352 3086 (stc)
378 3013 404 3069 in
428 3013 585 3072 elocutione
608 3013 720 3087 utimur,
744 3031 824 3089 quem
846 3012 946 3070 ceteris
968 3009 1101 3088 pertibus.

297 3211 309 3291 ἦ
328 3215 346 3270 ι.
364 3215 441 3273 121·
459 3211 471 3296 Η
487 3218 511 3273 ii
519 3217 586 3274 ulti
602 3217 763 3288 adfirmant,
786 3216 860 3290 quod
875 3215 937 3272 ideo
953 3212 1179 3290 ‘frequentetiue’
1197 3213 1313 3286 dicetur,
1336 3213 1409 3289 quod
1425 3231 1506 3293 peen-

212 3297 305 3355 ultimn
327 3301 527 3373 praetundltur.

298 3501 392 3559 Modus
407 3522 422 3560 r
438 3504 554 3579 quodem
571 3503 707 3580 (quodem)
729 3506 913 3563 moderamine
936 3507 979 3562 sui
1001 3513 1174 3581 nuncupatus
1197 3512 1256 3577 est,
1280 3503 1417 3579 quoniam,
1434 3501 1508 3576 quod

212 3587 360 3645 indicemus
383 3588 428 3645 uel
450 3590 613 3663 imperamus
636 3595 694 3649 siue
718 3601 861 3667 optumus,
884 3588 1043 3665 quibusdam
1059 3589 1262 3647 discriminibus
1284 3587 1506 3661 coniugationum

210 3682 239 3729 et
258 3681 412 3748 temporum
427 3681 509 3748 etque
524 3690 701 3748 personarum
724 3677 808 3734 certis
830 3676 952 3733 numeris
972 3683 1002 3731 et
1022 3675 1169 3748 generibus
1191 3673 1356 3731 moderetur.
1401 3675 1508 3745 Augu·

213 3756 364 3831 stinus*)
386 3757 467 3815 dicit:
490 3757 597 3817 ‘Modus
619 3770 662 3818 est
684 3761 814 3836 quaedum
838 3760 993 3836 (quendam)
1018 3761 1060 3817 uis
1083 3759 1294 3817 declinationum
1317 3759 1423 3814 ratione
1445 3774 1507 3831 per·

210 3851 280 3914 nete,
297 3860 351 3916 quo
375 3845 448 3900 ucria
473 3851 625 3917 temporum
651 3841 662 3923 Η
680 3846 699 3903 l.
717 3837 798 3902 121b
816 3840 828 3923 ll
853 3861 1031 3920 personarum
1053 3861 1229 3901 numerorum
1253 3858 1420 3922 generemus
1442 3858 1507 3898 eon·

210 3925 298 3984 elusio
321 3926 449 3984 delinitur
469 3925 565 4002 (uit-t,
609 3930 679 3987 iiodi
701 3931 766 3987 dieti
787 3939 867 4001 sunt,
896 3929 995 4005 quibus
1022 3929 1137 3986 uerbum
1159 3937 1234 3987 certa
1256 3927 1317 4002 lege
1340 3927 1508 3996 moderetur,

211 4028 244 4068 ne
267 4015 294 4068 in
316 4011 498 4070 declinatione
521 4022 595 4072 extro
618 4014 731 4071 rationis
754 4015 876 4071 ordinem
900 4014 1029 4089 progredi
1051 4022 1244 4086 cognoscatur.
1283 4013 1348 4068 Cum
1364 4013 1434 4067 enim
1458 4027 1508 4085 per

210 4097 307 4154 modos
329 4097 402 4154 iuste
425 4115 501 4155 sunm
525 4107 647 4156 naturam
671 4099 836 4172 inflectitur,
858 4100 910 4156 nisi
933 4099 1022 4156 modis
1043 4097 1163 4170 (modus)
1184 4098 1362 4155 coherceatur
1383 4104 1411 4151 et
1432 4104 1507 4153 certa

210 4185 364 4256 stringetur
392 4185 514 4255 ratione,
543 4183 647 4240 insulse
669 4182 734 4257 (ee)
762 4193 791 4241 et
817 4183 951 4241 inutiliter
981 4183 1123 4240 ordinatur
1146 4192 1173 4240 et
1196 4183 1273 4255 ideo,
1301 4197 1336 4238 ne
1358 4197 1452 4238 errore
1480 4181 1507 4235 in

209 4266 391 4325 declinatione
413 4269 555 4340 irrogetur
576 4270 634 4324 eius
657 4269 737 4340 ratio,
760 4269 902 4326 modorum
925 4269 1003 4324 lrono
1025 4267 1213 4340 restringitur,
1236 4282 1270 4325 ne
1291 4265 1357 4323 illue
1371 4266 1395 4321 ei
1412 4265 1507 4322 cudere

210 4351 307 4422 liceat,
341 4351 386 4409 ubi
422 4352 513 4409 nultus
547 4352 657 4425 regulae
686 4361 787 4410 trames
816 4350 873 4426 (is)
902 4354 1045 4427 permittit.
1096 4351 1128 4407 Et
1155 4351 1216 4410 ideo
1246 4352 1318 4411 modi
1345 4371 1359 4408 n
1389 4350 1505 4424 quodem

211 4437 394 4494 moderamine
416 4438 480 4494 dieti
503 4445 582 4508 sunt,
605 4453 654 4511 per
676 4438 749 4513 quod
771 4437 855 4495 uerba
878 4438 1046 4510 restringere
1068 4445 1282 4511 cognoscuntur.

278 4705 306 4771 *)
325 4705 382 4756 Non
401 4716 472 4757 extat
488 4708 511 4757 is
528 4705 601 4757 loeus
621 4722 703 4769 ireque
720 4705 789 4772 apud
808 4704 946 4756 Weberum
965 4720 1047 4769 neque
1063 4704 1133 4771 apud
1151 4703 1267 4758 Keilium.
1293 4746 1298 4756 ,
