3420 5378
735 312 948 368 nnsnnusrs.
1446 314 1489 380 53

192 498 365 561 uerbium
394 519 412 561 a
444 498 562 562 uerbo
594 501 788 578 segregari
821 519 892 562 non
922 508 1055 581 potcst.
1105 502 1163 563 Sed
1193 510 1291 563 tamen
1320 503 1489 564 isidorus

193 600 279 662 dicit:
316 599 542 664 Aduerbium
572 600 616 662 de
638 603 786 663 nomine
808 603 993 673 nascitur,
1023 611 1062 665 nt
1084 602 1214 666 doctus
1237 604 1353 666 docte.
1398 604 1486 666 ltem:

191 703 437 783 participium
465 704 508 766 de
536 704 682 765 nomine
711 711 747 763 et
768 702 884 765 uerbo
907 706 1076 766 nascitur
1098 712 1137 765 nt
1158 704 1241 783 lego
1270 704 1407 785 legens.
1452 707 1489 768 Et

191 813 350 886 propterea
373 804 483 866 dictum
506 813 552 866 est
571 806 776 884 participium,
800 813 831 865 ut
854 805 1017 867 Donatus
1039 807 1093 876 ait,
1112 808 1200 886 quasi
1222 809 1416 888 particapium
1440 826 1486 878 eo,

165 906 288 986 ⁶qnod
317 913 459 984 partem
488 907 648 967 nominis
675 909 798 987 capiat
824 915 1044 988 partemque
1072 907 1195 968 uerbi:
1225 909 1361 988 recipit
1391 911 1485 971 enim

190 1009 371 1070 anomine
393 1026 531 1087 genera
555 1017 589 1069 et
611 1026 734 1077 casus,
751 1026 767 1066 a
784 1006 898 1070 uerbo
921 1015 1085 1088 tempora
1109 1020 1144 1070 et
1165 1010 1486 1087 significationes,

190 1108 233 1170 ab
260 1118 422 1190 utroque
451 1127 645 1171 numerum
673 1117 709 1170 et
735 1108 905 1188 figuram.
951 1110 1127 1171 coniunctio
1156 1129 1230 1172 uero
1253 1119 1282 1171 et
1304 1115 1485 1191 praepositio

189 1209 238 1272 uel
254 1211 422 1273 interiectio
443 1213 475 1272 in
497 1218 667 1272 contentum
683 1212 803 1273 istarum
825 1210 936 1273 cadunt
950 1219 980 1271 et
993 1211 1061 1272 ideo
1085 1211 1233 1281 nonnulli,
1257 1213 1333 1273 idest
1355 1213 1484 1284 Stoici,

187 1313 320 1393 quinque
353 1322 454 1393 partes
482 1314 623 1373 orationis
650 1312 843 1387 definierunt,
877 1315 945 1393 quia
978 1315 1052 1374 istae
1080 1315 1249 1393 snperlluae
1281 1324 1359 1375 sunt.
1404 1314 1486 1376 Vnde

150 1413 374 1493 ¹0Virgilius
396 1415 493 1476 illaro
516 1414 606 1474 dixit:
635 1416 753 1494 atquc
775 1414 825 1474 ita
848 1423 929 1475 erat
951 1425 988 1475 nt
1010 1433 1077 1494 pro
1100 1423 1184 1477 octo
1207 1415 1377 1493 partibus
1399 1436 1484 1477 ora-

188 1518 304 1578 tionis
331 1517 495 1596 quinque
523 1521 773 1576 numerarent.
819 1515 877 1576 llas
906 1525 1004 1578 autem
1033 1525 1099 1576 octo
1123 1526 1224 1595 partes
1246 1518 1388 1578 orationis
1411 1534 1484 1594 qno·

187 1617 276 1683 modo
299 1618 405 1679 Graeci
426 1618 598 1679 nominanti
628 1616 678 1677 Sic
700 1616 817 1678 dicunt:
842 1609 948 1698 ὄνομα
970 1619 1048 1679 idest
1071 1636 1192 1692 nomen,
1217 1610 1386 1699 ἀντόνομα
1407 1617 1485 1679 ideal

186 1737 368 1799 pronomen,
403 1713 490 1800 ῥῆμα
512 1718 590 1778 idest
611 1716 749 1787 uerbum,
785 1713 952 1799 ἐπίῤῥημα
979 1718 1036 1779 boc
1064 1727 1110 1779 est
1138 1718 1328 1789 aduerbium‚
1362 1718 1483 1802 μετοχή

186 1820 263 1882 idest
284 1821 487 1902 participium,
511 1813 644 1899 ἄρθρον
665 1817 722 1879 boc
746 1826 791 1879 est
812 1819 968 1888 articulus,
992 1815 1181 1901 σύνδεσμος
1203 1821 1280 1882 idest
1302 1823 1480 1896 coniunctio,

148 1919 352 2000 πρόθεσις
377 1922 434 1983 boc
457 1933 501 1983 est
522 1922 713 2001 praepositio.
758 1920 864 1981 Graeci
887 1939 959 1999 ergo
982 1929 1013 1982 et
1034 1921 1130 1986 Latini
1152 1924 1182 1982 in
1206 1940 1330 1983 numero
1352 1926 1482 2002 partium

186 2025 332 2086 orationis
354 2024 558 2092 consentiunt,
586 2025 656 2103 qula
678 2024 796 2102 utrique
818 2029 887 2083 octo
909 2032 1010 2102 partes
1032 2042 1098 2086 esse
1120 2023 1272 2095 deliniunt,
1296 2024 1348 2086 sed
1372 2027 1402 2085 in
1424 2042 1482 2085 una

187 2120 303 2187 ratione
331 2124 472 2186 differunt
498 2132 529 2185 et
555 2124 745 2194 dissentiunt,
780 2123 858 2204 quod
887 2125 993 2186 Graeci
1021 2124 1176 2186 articulum
1204 2133 1339 2187 octauam
1366 2135 1482 2207 partem

185 2228 330 2289 orationis
360 2224 485 2297 babent,
517 2226 611 2286 Latini
646 2233 744 2286 autem
772 2226 930 2286 articulum
958 2227 988 2286 in
1016 2245 1141 2289 numero
1169 2236 1236 2289 octo
1265 2229 1393 2307 partium
1422 2246 1483 2289 non

185 2335 358 2398 numerant,
381 2328 433 2389 sed
455 2330 486 2388 iu
509 2328 685 2408 pronomine
708 2326 863 2387 articulum
880 2326 999 2388 babent.
1031 2330 1103 2390 ltem
1129 2329 1223 2390 Latini
1246 2331 1481 2391 interiectionem

146 2444 173 2485 ὀ
187 2439 322 2493 octauam
344 2436 458 2510 partem
482 2430 624 2490 orationis
645 2446 711 2489 esso
738 2428 853 2498 dicunt,
879 2430 984 2491 Graeci
1011 2449 1085 2491 uero
1113 2432 1351 2492 interiectionem
1373 2433 1404 2492 iu
1427 2449 1481 2493 nu·

186 2551 271 2595 mero
292 2533 421 2613 partium
444 2549 503 2593 non
525 2529 651 2599 babent,
675 2529 780 2591 sedin
803 2529 946 2592 aduerbio
969 2550 1033 2593 cam
1056 2541 1179 2611 ponunt.
1224 2531 1296 2592 lude
1320 2532 1483 2593 llonatus

186 2634 272 2697 dixit:
308 2635 434 2696 Latini
470 2631 672 2695 articulum
702 2650 775 2693 non
813 2632 1059 2694 adnumerant
1087 2651 1154 2694 nec
1191 2634 1324 2694 Graeci
1361 2635 1481 2694 inter-

183 2737 395 2798 iectionem.
434 2735 512 2808 Quot
533 2741 604 2797 sunt
625 2752 661 2794 cr
684 2733 744 2803 liis,
768 2752 843 2813 quae
866 2733 1060 2810 declinantur,
1086 2743 1115 2795 et
1138 2751 1212 2811 qnae
1234 2742 1310 2803 sunt,
1329 2751 1405 2812 quae
1421 2753 1480 2795 non

185 2835 393 2900 declinantur?
438 2836 517 2898 ldest
538 2844 677 2916 quattuor
700 2835 900 2896 declinantur:
925 2853 1032 2896 nornen
1054 2852 1220 2915 pronomen
1243 2834 1367 2896 uerbum
1390 2839 1480 2914 parti-

146 2940 306 3020 ascipium.
343 2937 485 3016 Reliquae
508 2955 582 2999 uero
603 2944 743 3015 quattuor
765 2948 880 3016 partes,
903 2937 979 2998 idest
1001 2936 1178 2998 aduerbium
1201 2937 1372 2998 coniunctio
1394 2956 1479 3017 prae·

185 3043 294 3122 positio
320 3042 501 3110 interiectio,
530 3036 755 3099 indeclinabiles
783 3047 861 3124 sunt
905 3038 982 3109 Ouid
1010 3055 1083 3117 ergo
1104 3039 1231 3099 interest
1251 3038 1329 3100 inter
1352 3038 1480 3100 declina·

184 3143 296 3203 tionem
319 3143 446 3203 nominis
468 3149 498 3202 et
518 3142 705 3220 pronominis
728 3149 757 3200 et
780 3139 884 3202 uerbi?
901 3137 912 3222 ΙΙ
928 3139 978 3200 iol.
996 3136 1056 3200 ‘19b
1072 3137 1083 3223 ΙΙ
1114 3139 1176 3200 lloc
1203 3142 1341 3201 interest:
1371 3159 1479 3202 nornen

184 3261 349 3324 pronomen
378 3243 566 3323 participium
601 3260 655 3322 per
683 3260 767 3303 casus
802 3240 980 3311 declinatur,
1015 3248 1048 3302 ut
1080 3241 1244 3301 [leuatus
1279 3241 1366 3303 dixit:
1412 3243 1478 3304 Ve-

184 3362 265 3408 rum
294 3364 336 3407 ex
364 3344 421 3406 bis
449 3344 621 3406 omnibus
646 3352 724 3406 tres
753 3351 854 3413 sunt,
889 3362 982 3423 quae
1009 3362 1071 3405 sex
1099 3341 1250 3404 casibus
1277 3343 1480 3405 inileotun·

145 3456 411 3519 rotun-inomao
439 3464 644 3526 pronomen
672 3447 925 3525 participium.
969 3444 1099 3507 Verbum
1123 3452 1298 3524 autem‘per
1320 3445 1429 3506 iormas
1451 3454 1481 3506 et

146 3538 152 3547 ⁵
183 3549 287 3611 modos
319 3547 494 3610 declinatur.
547 3548 606 3610 Cur
634 3567 742 3609 rrumen
778 3546 931 3627 praeeedit
963 3555 1030 3607 octo
1063 3553 1163 3626 partes
1196 3547 1356 3607 orationis?
1406 3546 1479 3618 Ouia

180 3655 252 3726 fieri
278 3669 338 3713 uon
365 3657 476 3730 potest,
506 3658 539 3710 nt
559 3652 672 3712 sciatur
698 3649 757 3710 ulla
786 3668 848 3719 res,
878 3650 935 3708 nisi
963 3650 1046 3727 prius
1073 3667 1180 3710 nomen
1212 3648 1319 3716 luerit,
1348 3650 1415 3727 qnia
1445 3668 1478 3709 er

184 3755 305 3814 nomine
320 3771 376 3813 suo
392 3754 489 3813 omnis
504 3757 640 3813 creatura
656 3753 854 3829 cognoscitur.
893 3749 964 3810 lnde
986 3749 1155 3811 isidorus
1176 3749 1263 3811 dicit:
1288 3751 1361 3811 nisi
1384 3751 1479 3810 enim

184 3870 314 3915 nomen
347 3855 498 3922 scieris,
537 3854 707 3931 cognitio
740 3871 862 3912 rerum
896 3853 1011 3931 perit,
1046 3853 1186 3931 quoniam
1218 3854 1337 3913 nomina
1366 3853 1478 3931 primo-

144 3967 171 4010 as
183 3957 284 4035 genita
300 3957 412 4017 suntin
429 3953 521 4016 rebus
541 3954 686 4015 omnibus.
724 3952 839 4013 Nomen
855 3952 1003 4033 quomodo
1026 3951 1167 4014 delinitur
1183 3954 1347 4015 secundum
1362 3971 1478 4022 sonum,

252 4239 413 4311 ilsidorus]
433 4243 527 4307 1032
614 4243 812 4308 3pnrticipium
831 4238 891 4310 etc]
921 4240 985 4295 isid.
1004 4242 1021 4292 l.
1040 4243 1056 4293 l.
1141 4237 1346 4307 4Donntuslp.
1367 4241 1479 4308 387,18

182 4310 347 4377 participium
416 4315 565 4377 btempore
633 4309 817 4361 tconiunctio
835 4326 896 4359 uero
915 4337 947 4345 —
965 4311 1109 4377 superlluae
1128 4307 1199 4378 sunt]
1219 4311 1254 4372 cs.
1273 4310 1338 4362 laid.
1357 4314 1373 4360 l.
1393 4315 1410 4364 l.
1462 4312 1479 4360 8

182 4378 209 4427 in
226 4388 348 4429 contextu
433 4380 625 4438 9dlliniernnt,
648 4380 686 4429 cic
701 4379 760 4441 sere
776 4395 877 4443 semper
928 4380 976 4428 iste
994 4378 1123 4443 superllue
1203 4380 1235 4428 10
1253 4378 1377 4444 Virgilius
1397 4375 1477 4444 Maro]

185 4446 367 4498 Grammaticus
387 4449 485 4503 cribret
505 4447 580 4497 medii
601 4449 670 4508 neni,
698 4449 747 4496 scd
767 4462 818 4497 non
840 4454 914 4496 extat
934 4449 958 4496 ia
975 4449 1043 4496 locus
1061 4446 1132 4510 apud
1149 4446 1183 4495 A.
1202 4446 1298 4497 Maium
1315 4450 1390 4496 clnaa.
1409 4454 1476 4497 nnat.

187 4513 321 4566 Vatinia.
338 4514 370 4565 V.
440 4515 471 4564 12
489 4517 569 4579 greci,
588 4518 626 4565 sic
642 4530 744 4579 semper
783 4529 876 4563 onoma
895 4521 952 4576 etc,
975 4515 1068 4563 litteris
1086 4515 1171 4563 latinia
1223 4515 1258 4573 13,
1273 4514 1385 4578 epiremn
1425 4529 1477 4563 mc-

183 4580 265 4630 docbe
335 4581 459 4632 learcho
512 4583 657 4632 sindesmos
732 4584 763 4633 15
782 4579 902 4647 partium]
928 4581 1088 4646 participium
1158 4583 1189 4631 17
1207 4578 1338 4645 dilierunt]
1357 4582 1478 4631 deserunt

183 4650 215 4699 tt
233 4647 362 4714 Donatus]
378 4667 405 4715 p.
425 4653 487 4712 372,
506 4653 539 4699 27
607 4652 640 4701 23
658 4649 727 4712 qnod
779 4644 1004 4713 qne'declinantur
1055 4663 1105 4710 que
1123 4663 1173 4698 non
1235 4651 1269 4699 25
1287 4648 1383 4711 relique
1445 4652 1478 4699 26

182 4715 368 4767 indeclinabilis
453 4720 486 4770 27
504 4718 537 4767 bo
623 4718 656 4766 28
675 4731 813 4782 pronomen
833 4719 936 4767 nerbnm
955 4717 1118 4783 participium
1169 4715 1285 4767 Donatus
1314 4734 1343 4781 p.
1363 4720 1425 4781 372,
1444 4720 1478 4767 22

182 4785 217 4835 29
234 4800 285 4847 quc
334 4786 451 4835 cassibus
520 4786 550 4836 31
571 4780 732 4835 dcc-linimur
749 4802 815 4849 quur
883 4788 916 4835 32
934 4785 987 4835 lieri
1004 4800 1051 4836 om.
1121 4786 1154 4835 32
1173 4783 1285 4834 isidorus
1319 4785 1409 4847 Id,3
