3420 5378
769 1090 883 1171 XI.

451 1304 526 1386 DE
548 1303 775 1389 ISIDORO
797 1303 1190 1386 GRAMMATICO.
1304 1302 1313 1321 ⁴

262 1749 453 1809 Isidorum
477 1749 739 1823 Hispalensem
762 1746 944 1824 ‘Oripinum’
966 1757 1119 1809 auctorem
1140 1744 1343 1822 multifarium
1365 1747 1404 1808 ub
1425 1749 1469 1808 in·

173 1854 264 1925 fimne
285 1852 393 1910 aetatis
413 1849 610 1925 scriptoribus
624 1852 831 1924 prnmmnticis
845 1851 980 1922 inodori,
1004 1866 1063 1910 non
1077 1851 1262 1920 mirabimur,
1285 1851 1470 1911 simemorio

175 1959 356 2031 repetemus,
386 1968 465 2027 pune
488 1953 589 2027 primo
616 1952 668 2011 ille
692 1953 792 2011 stotim
822 1953 922 2028 operis
948 1953 997 2011 sui
1021 1950 1098 2013 libro
1120 1954 1158 2012 de
1179 1960 1247 2013 orte
1266 1953 1469 2027 prnmmuticn

174 2057 248 2116 sotis
269 2060 415 2115 necunde
436 2055 614 2131 disputonit.
659 2052 700 2111 Et
717 2050 818 2126 fuisse
838 2050 946 2132 etium,
975 2054 1029 2128 qui
1049 2070 1173 2130 operum
1195 2054 1409 2130 inpenderent,
1439 2058 1471 2114 ut

175 2172 380 2232 quoecumque
405 2155 542 2215 Isidorus
569 2171 630 2231 per
662 2158 763 2231 operis
790 2156 1014 2215 uniuersitatem
1041 2154 1092 2215 bic
1119 2157 1180 2214 illic
1201 2157 1318 2232 possin
1346 2155 1385 2215 de
1410 2154 1471 2214 buc

175 2265 244 2319 arte
275 2250 477 2332 similibusque
509 2254 682 2334 disciplinis
713 2257 870 2335 disseruit,
904 2257 1035 2316 studiose
1059 2258 1236 2331 coitiyerent
1262 2263 1292 2317 et
1319 2259 1351 2317 in
1378 2271 1470 2317 unum

174 2352 268 2436 quasi
284 2361 373 2420 unius
394 2359 471 2418 ortis
491 2374 605 2434 corpus
625 2358 808 2432 rediperent,
831 2374 872 2418 en
893 2359 1007 2419 codicis
1024 2358 1185 2419 Bernensis
1202 2366 1257 2418 207
1277 2361 1338 2432 fine
1357 2374 1469 2434 couno-

173 2462 269 2522 scitur
283 2458 342 2534 (cs.
357 2461 451 2520 cutni.
466 2459 535 2520 bibi.
550 2459 723 2520 Loresbum.
740 2461 789 2519 ed.
808 2461 987 2520 Witmnnns.
1002 2476 1075 2520 mus.
1089 2460 1187 2520 Rben.
1203 2467 1278 2520 1868
1287 2477 1321 2536 p.
1335 2466 1400 2535 390,
1417 2466 1469 2528 13;

169 2580 205 2639 p.
222 2567 309 2637 397),
333 2569 366 2622 ut
387 2560 498 2620 biunde
519 2563 641 2621 omnino
662 2566 784 2621 nostroe
805 2564 899 2621 menti
917 2578 981 2621 sese
1001 2563 1131 2622 insinuet
1152 2564 1336 2635 coniectura,
1359 2578 1400 2623 en
1413 2563 1472 2621 tuli

175 2665 308 2725 locorum
329 2664 569 2724 isidorianorum
597 2665 739 2737 conperie
765 2665 797 2722 in
825 2664 902 2722 ortis
926 2660 1061 2736 formum
1083 2664 1211 2723 reducto
1232 2664 1372 2722 bnustrcm
1394 2679 1467 2734 esse,

174 2763 326 2843 quidquid
345 2766 462 2826 Isidori
486 2767 604 2827 nomine
630 2764 809 2840 urtipropbi
834 2768 1015 2826 recentiores
1042 2767 1105 2824 suis
1126 2765 1246 2840 seriptis
1267 2766 1468 2825 inseruerunt.

174 2869 273 2943 Atque
292 2868 350 2928 boc
370 2876 400 2927 et
422 2870 454 2928 in
476 2874 544 2927 orte
565 2882 718 2944 orronpmn
734 2865 885 2926 Beruensi
897 2869 964 2927 cod.
984 2872 1039 2925 12³
1057 2868 1171 2927 occidit
1191 2873 1221 2926 et
1241 2868 1272 2926 in
1293 2864 1470 2943 [Clementis

173 2968 276 3047 Scott]
297 2977 365 3031 orte
385 2971 499 3030 codicis
519 2967 668 3028 eiusdem:
698 2970 752 3028 sed
771 2974 887 3027 restunt
908 2970 939 3028 in
961 2968 1110 3043 racinse
1131 2970 1193 3029 ioci
1212 2969 1366 3042 nonnulii,
1395 2984 1470 3043 quos

174 3073 206 3133 in
229 3071 344 3132 Isidori
370 3088 460 3148 opere
486 3078 541 3131 out
568 3070 688 3130 diucrse
714 3071 842 3145 scriptos
871 3074 925 3129 out
952 3066 1074 3130 omnino
1101 3087 1162 3131 non
1189 3071 1318 3146 scriptos
1338 3086 1401 3131 esse
1421 3070 1467 3128 in-

174 3174 311 3248 teliepus.
355 3171 432 3233 Sum
453 3180 553 3232 nutem
575 3167 625 3231 In‘:

261 3270 274 3355 ΙΙ
291 3275 311 3333 t.
328 3270 393 3355 ‘1²11
410 3271 580 3333 Isidorus
604 3272 689 3333 dicit:
713 3271 835 3332 Stoici
858 3273 988 3352 quinque
1005 3282 1105 3353 partes
1127 3291 1193 3335 esse
1217 3273 1368 3335 dixerunt:
1400 3290 1467 3333 nnm

176 3391 284 3436 nomen
308 3381 338 3434 et
359 3390 522 3454 pronomen
544 3391 601 3433 nnn
625 3390 693 3453 pars
716 3382 761 3432 est
781 3374 944 3435 secundum
967 3373 1049 3446 ilios,
1072 3374 1198 3436 uerbum
1225 3383 1255 3436 et
1276 3374 1465 3456 participium

175 3477 233 3539 aiio
256 3493 325 3556 pars
346 3483 401 3548 est,
428 3474 603 3537 aduerbium
627 3482 656 3535 ei
678 3476 847 3537 coniunctio
871 3476 958 3537 teriia
980 3495 1048 3556 pars
1071 3485 1124 3546 est.
1149 3486 1252 3557 quarm
1276 3476 1465 3557 praepositio,

176 3579 280 3661 quinto
301 3578 480 3639 interiectio.

148 3804 163 3845 s
216 3764 220 3771 ¹
262 3777 579 3866 ili.‘I⁸ssisidorus
607 3779 692 3841 dicit:
723 3779 885 3842 Phoenices
911 3781 963 3844 xli
991 3793 1091 3865 partes
1119 3801 1185 3844 esse
1213 3783 1367 3852 disserunt,
1396 3783 1466 3843 arti-

175 3883 275 3947 culum
303 3901 411 3945 nonnm
440 3878 553 3963 pn'rtem
585 3891 779 3962 putauerunt,
808 3885 1217 3963 quicumGraecisocinna
1241 3893 1392 3965 possessi:
1422 3885 1468 3944 in-

176 3979 363 4068 personaIem
391 3984 512 4046 modum
541 3984 686 4045 decimam
709 3992 823 4065 portem
846 3994 1042 4066 putauerunt,
1071 3987 1219 4065 quianon
1244 3985 1333 4046 habet
1353 3991 1467 4047 cerinm

176 4106 332 4170 personam
356 4094 522 4149 etcertum
545 4105 712 4158 numerum,
736 4088 794 4147 nisi
816 4087 907 4147 annas
922 4104 1096 4166 pronomen,
1120 4095 1152 4146 ut
1167 4086 1287 4165 ‘iegitur
1309 4104 1390 4148 nme
1405 4107 1422 4149 a
1437 4096 1467 4148 te

176 4189 323 4259 anobis',
353 4202 383 4251 et
404 4189 583 4250 infinitinum
607 4188 792 4250 undecimam
817 4197 1012 4267 putauerunt,
1041 4190 1109 4268 quia
1133 4189 1193 4249 uim
1217 4189 1345 4250 nominis
1367 4188 1465 4258 habet,
1523 4206 1530 4219 ‘

137 4312 164 4352 m
177 4293 255 4354 idest
276 4291 471 4365 nominatiui,
501 4292 663 4352 accusatiui
684 4308 800 4369 quoque
823 4298 853 4348 oi
876 4288 1012 4359 abiatiui,
1036 4289 1160 4368 gerendi
1183 4291 1303 4352 modom
1326 4290 1466 4352 duodeci·

176 4413 254 4456 mam
277 4403 392 4476 portem
415 4400 605 4472 putauerunt,
629 4392 697 4467 quio
719 4389 830 4450 habent
853 4390 942 4452 uerbo
966 4391 1087 4468 gerendi
1104 4391 1163 4452 uim
1180 4400 1210 4453 ei
1228 4392 1352 4454 iormnm
1372 4395 1465 4453 nomi·

245 4634 258 4680 l
277 4588 396 4680 differunt
463 4628 638 4678 isecnndnm
656 4626 713 4676 iilos
730 4643 761 4679 m.
780 4626 815 4676 11
831 4641 910 4692 supro
927 4629 970 4677 Iin.
1039 4630 1183 4692 iqnenm,
1202 4645 1272 4685 corr,
1290 4631 1382 4694 quinta
1449 4632 1466 4680 b

177 4700 297 4767 phenIces
348 4695 482 4746 nrtIculnm
501 4697 570 4746 VIIII
657 4697 774 4760 bgrocis
842 4697 919 4757 iqui
938 4697 988 4744 uim
1059 4699 1091 4747 10
1108 4699 1248 4748 noeirsntiui
1266 4714 1291 4761 q;
1360 4699 1466 4764 gerendi

176 4768 247 4818 modi
315 4764 571 4834 liquiahobent
1237 4765 1243 4774 ⁴
