3420 5378
176 266 308 364 uxuxvl
576 300 642 354 Ans
661 299 838 352 ANONYMA
856 300 1068 353 BERNENSIS.

175 494 290 552 iru'tium
324 493 473 567 capimus,
507 494 593 550 cuitus
623 493 707 550 locus
737 493 922 565 praeclarus
949 492 986 549 ele
1010 491 1239 565 pronominibus
1263 492 1355 562 finitis
1383 498 1473 550 catat

170 612 203 669 p.
231 600 293 663 135,
322 601 421 666 t-s’,
456 611 514 667 auo
541 594 638 652 inedia
660 595 749 665 aiensi
769 594 830 651 sole
851 590 1014 667 superfuso
1042 593 1194 651 illustrari
1220 593 1318 664 arides,
1349 608 1472 666 quaen

176 697 318 755 Cle’elaaio
336 713 369 770 p.
385 703 433 771 50,
451 704 469 752 S
484 698 516 755 Ι(
536 713 595 755 aon
618 697 678 753 uisi
697 697 825 754 strictim
847 696 1036 768 sipniticatu,
1061 712 1081 752 a
1095 694 1238 770 Pompeio
1261 710 1333 753 uero
1353 711 1385 768 p.
1403 701 1472 770 tot,

175 807 193 855 5
216 801 246 859 K
266 799 340 857 sutis
367 798 488 856 obscure
515 806 663 857 ereurrato
690 802 775 867 sunt,
807 803 838 855 ut
866 798 939 868 outo
967 797 1083 856 Plinius
1111 798 1174 870 ipse
1202 798 1358 868 uoluisset,
1388 803 1475 855 recte

173 900 308 972 inteltepi
337 902 483 973 nequiret.
539 898 728 958 Venerabilis
759 913 854 973 porro
889 900 1045 957 Aurelii
1081 897 1200 974 Opilii
1235 900 1294 958 uel
1330 896 1476 972 Opillii

175 1005 340 1062 urictorilas
362 1009 405 1059 est
423 1018 457 1075 p.
484 1007 529 1069 75,
555 1006 593 1058 at
617 1001 852 1074 participiorum
880 1007 908 1059 ct
934 1002 1085 1059 nominum
1112 1002 1242 1059 eiusdem
1270 1002 1353 1060 uocis
1380 1001 1473 1074 ‹liffe-

176 1107 306 1164 rentiam
330 1103 481 1171 cloceutis,
505 1119 590 1178 quem
607 1109 736 1177 praeter
755 1104 921 1161 Varronem
939 1103 1065 1161 Gellium
1088 1102 1256 1161 Clcorisium
1280 1101 1474 1162 Prisciaaum

174 1224 193 1265 a
213 1187 412 1282 posteriorum
436 1211 601 1281 temporum
622 1206 833 1277 pramaiaticis
854 1204 1020 1262 aeilcibitum
1039 1203 1136 1275 sitisse
1158 1205 1270 1263 arellium
1291 1220 1337 1262 mc
1351 1206 1477 1263 memini

173 1311 270 1368 locum
297 1310 451 1380 inuenire,
484 1309 543 1365 nisi
568 1322 646 1381 arrae
672 1323 712 1363 ea
733 1307 840 1365 coelice
868 1306 1012 1365 l'ossiuao
1035 1312 1071 1363 37
1094 1322 1173 1366 saec.
1198 1308 1229 1365 X
1255 1308 1407 1380 cmcerpsit
1430 1307 1472 1366 il.

174 1411 292 1471 Keilius
311 1425 439 1483 prusam
463 1409 530 1468 Lat.
562 1410 588 1467 l'
606 1424 639 1482 p.
664 1413 731 1478 328,
758 1414 785 1465 S.
855 1472 859 1479 ¹

748 1656 828 1722 Cau.
851 1654 895 1721 II.

329 1776 388 1841 DE
411 1775 534 1867 LOCIS
556 1775 812 1851 QVIBVSDAM
836 1774 1012 1840 CLAVDH
1036 1776 1316 1843 snouttoouts

260 1920 328 1978 lum
356 1920 394 1978 ele
420 1920 494 1977 locis
522 1894 697 1992 peribiuclum
721 1916 842 1976 illaudii
862 1918 1036 1977 Sacerdotis
1057 1919 1140 1977 nobis
1168 1920 1382 1993 disputandum
1410 1931 1468 1994 est,

174 2039 258 2097 quem
287 2023 385 2080 eurum
414 2023 444 2079 in
467 2028 533 2078 aru
554 2035 705 2095 anonyma
728 2019 879 2078 Beruensi
899 2021 1056 2094 arciriqieies
1076 2022 1140 2080 solo
1167 2021 1321 2080 ‘Clnuclii'
1350 2026 1474 2082 nominc

169 2125 347 2199 praeposito
368 2124 525 2181 laudatum
548 2136 659 2180 reuera
676 2136 736 2196 pro
751 2122 879 2181 Claudio
894 2120 1060 2181 Sacerdote
1079 2124 1279 2195 pramrnutico
1294 2122 1475 2184 Dositbeuni

173 2225 247 2285 libri
265 2225 480 2299 poraiipnatc
497 2221 620 2294 famoso
641 2222 809 2282 babendum
830 2239 908 2296 csse,
928 2225 1026 2283 cuius
1053 2225 1198 2284 librorum
1227 2225 1354 2285 duorum
1371 2225 1472 2301 frop-

175 2334 302 2386 meutum
326 2327 364 2385 ub
379 2325 544 2384 editoribus
561 2305 837 2383 l'iaeloboneasrbus
858 2343 898 2387 eu
920 2325 1023 2411 coelice
1044 2333 1158 2385 ueteasto
1179 2326 1322 2387 Bobieu'si
1336 2328 1471 2403 primum

171 2429 290 2504 publici
315 2430 390 2487 iuris
413 2427 533 2500 suctum
563 2433 619 2498 est,
650 2443 689 2484 cn
717 2428 754 2485 iis
782 2425 927 2498 efficitur,
957 2444 1035 2500 qaue
1063 2428 1100 2485 cle
1127 2429 1295 2488 nominibus
1322 2447 1340 2489 c
1367 2431 1471 2488 littera

176 2528 344 2590 territiaatis
366 2537 456 2603 atquc
477 2529 515 2587 tle
535 2530 602 2604 ipso
625 2528 697 2586 ‘tcto’
721 2529 869 2588 uocabulo
891 2528 929 2586 ob
952 2535 1076 2603 utroque
1097 2530 1256 2605 disputata*
1273 2538 1356 2591 suat:

175 2668 230 2728 trs
262 2682 408 2745 anonyma
438 2663 598 2724 Beruensis
620 2682 649 2742 p.
675 2660 750 2733 120,
773 2660 823 2723 3:!
988 2668 1042 2726 An.
1060 2664 1184 2725 vindob.
1208 2683 1235 2742 p.
1258 2661 1314 2726 47:

219 2784 251 2845 lu
275 2802 291 2843 c
315 2801 406 2844 unum
429 2801 536 2843 nomen
567 2792 703 2842 neutrum
727 2784 823 2911 inus-¹
879 2783 900 2845 C
922 2782 1019 2843 littera
1044 2802 1134 2844 unum
1159 2802 1266 2844 nomen
1290 2785 1389 2864 reperi
1409 2791 1470 2844 ter·

176 2889 268 2957 nitur,
285 2893 318 2946 ut
332 2883 377 2945 lac
392 2884 484 2945 lactis.
509 2882 663 2944 Claudius:
687 2902 808 2944 cursum
837 2887 979 2946 minatum
995 2889 1114 2964 generis
1130 2888 1242 2954 aeluri,
1259 2885 1470 2948 declinationis

177 3007 285 3051 nomen
324 2998 425 3048 contra
469 2985 601 3064 regulam
646 2985 809 3065 euphoniae
837 2990 940 3048 tertiae
968 2990 992 3048 is
1020 2989 1131 3049 iaciens
1164 2989 1304 3065 geuretiuo
1337 2988 1392 3048 hoc
1423 2988 1469 3050 lac

178 3108 267 3151 carisa
290 3090 493 3158 terminatum,
518 3088 625 3161 ntiae,
649 3088 725 3166 ‹pmd
743 3089 924 3165 uui-'huius
947 3087 1039 3151 lactis.
1085 3088 1206 3150 Plautus
1234 3089 1289 3149 lsoc
1320 3088 1393 3151 lacte
1415 3109 1470 3171 po·

178 3192 244 3253 llam
273 3192 362 3251 nimia
393 3191 564 3270 quaestione
594 3160 910 3273 tractaueruumlsuit:
940 3189 1031 3252 ‘siout
1052 3191 1127 3252 lacte
1151 3190 1218 3252 lacti
1241 3190 1359 3252 simile?
1396 3190 1469 3262 Qui-

177 3312 244 3354 nam
268 3291 405 3373 plerique
434 3299 614 3372 putauerunt
637 3291 729 3352 ‘lact’
752 3282 903 3352 ticildam
936 3301 1040 3371 putant
1073 3294 1130 3354 hoc
1166 3294 1225 3353 lact
1255 3292 1365 3353 debere
1398 3293 1468 3356 dici.

177 3395 289 3456 adiecta
318 3404 337 3454 t.
362 3395 469 3455 Varro:
499 3393 562 3454 ‘lac
584 3412 642 3454 non
667 3392 893 3461 debemuslSed
913 3402 1028 3475 errant3
1052 3395 1167 3456 duabus
1190 3396 1268 3455 enim
1292 3396 1381 3455 mutis
1402 3393 1468 3455 nul·

178 3497 294 3565 dicero,
323 3495 374 3556 seb
402 3495 482 3556 lact’.
527 3495 646 3556 Caesar:
677 3484 897 3556 ‘nullumllum
920 3513 1027 3556 nomen
1050 3499 1205 3557 terminari
1227 3506 1333 3577 potest.
1368 3498 1469 3574 Vergi-

178 3617 288 3660 nomen
331 3596 444 3658 duabus
486 3600 576 3658 ruatis
613 3597 909 3669 terminaturillius:
947 3598 1010 3658 ‘lac
1039 3598 1107 3658 mibi
1132 3617 1190 3659 uon
1214 3606 1324 3660 aestate
1348 3616 1468 3670 nouum,

180 3702 332 3780 Superest,
350 3707 382 3759 ut
397 3717 555 3777 sequamur
571 3701 702 3777 rugulam
716 3699 808 3759 Plauti
821 3708 824 3767 1
838 3717 895 3759 non
917 3699 1031 3776 frigore
1047 3701 1140 3761 stelit!
1177 3702 1213 3762 Et
1234 3700 1398 3762 declinatur
1413 3720 1469 3763 nu·

181 3812 211 3863 et
233 3802 367 3862 dicamus
389 3799 498 3872 ‘lacte’,
523 3819 578 3880 qua
602 3802 920 3883 terminatione5mero
958 3803 1159 3865 tantummodo
1201 3803 1361 3881 singulari:
1400 3820 1468 3864 nam

179 3923 248 3965 usus
264 3914 309 3965 est
324 3904 409 3964 Cato:
440 3903 484 3964 ‘ln
501 3903 583 3965 ltalia
606 3912 685 3964 atras
702 3894 914 3983 capras!quod
949 3904 1068 3966 Plautus
1101 3904 1192 3966 lactes
1225 3907 1326 3983 posuit
1359 3923 1469 3983 genere

178 4005 254 4068 lacte
277 4005 525 4066 albumluabere.’
556 4005 613 4066 Sed
635 4023 705 4065 usus
721 3990 1013 4076 ratio-'masculinum
1050 4026 1174 4067 numero
1207 4004 1330 4084 plurali,
1365 4024 1424 4066 non
1452 4026 1469 4067 a

178 4127 246 4169 ruem
264 4110 343 4176 euicit,
362 4116 393 4167 ut
405 4108 472 4169 ‘lac’
489 4108 585 4186 potius
601 4107 715 4166 ‹licatur
731 4090 1018 4170 iusta'uominatiuo
1047 4109 1103 4169 hoc
1134 4108 1179 4168 lac
1213 4107 1260 4168 uel
1294 4108 1350 4168 hoc
1382 4107 1468 4178 lacte,

178 4210 250 4270 illusi
273 4211 417 4270 Maronis:
822 4206 886 4291 {sod
904 4211 945 4269 tui
960 4210 1051 4270 lactes
1068 4230 1192 4271 numero
1215 4230 1331 4289 sempor
1352 4210 1468 4290 plurali.

221 4312 278 4373 Lac
302 4312 373 4373 num
397 4330 454 4372 uon
479 4318 587 4371 aestate
611 4330 728 4380 suouum,
750 4313 912 4372 uon÷Sunt
934 4323 1029 4373 autem
1055 4313 1144 4374 laetos
1166 4314 1259 4393 partis
1281 4316 1415 4393 corporis
1437 4315 1467 4375 in

395 4414 504 4490 frigore
528 4413 606 4472 deul.
821 4416 982 4509 '‘instestinls
1004 4418 1226 4495 pinguissimae.

179 4515 215 4575 Et
238 4519 380 4576 remansit
403 4515 450 4575 illa
475 4517 665 4576 consuetudo.
821 4518 823 4525 '

181 4651 296 4711 Nouum
323 4650 420 4726 ipilen·
448 4651 533 4711 clides
560 4652 758 4714 testimon-ium
787 4653 917 4714 orrtru'mn
939 4652 1202 4730 locupletissimum
1231 4652 1292 4713 illis
1315 4653 1403 4721 aelcli,
1432 4655 1470 4713 ele

181 4752 285 4828 auibus
308 4753 490 4815 llilsclrelius
512 4753 582 4816 olim
606 4754 764 4836 (opusculo
787 4757 824 4815 JI
841 4774 873 4831 p.
899 4763 956 4814 330
976 4773 1001 4814 s.
1027 4759 1192 4832 bit-579]
1217 4755 1402 4832 disputarit,
1424 4755 1467 4829 cs.
