3420 5378
624 314 836 369 ananansrs.
1336 317 1378 380 95

84 504 194 564 aeneai
222 501 362 564 hncbisai
389 504 478 583 pictai
507 500 584 564 aulai
607 505 697 563 terrai
725 503 839 564 militiai
866 503 988 564 familiai
1017 523 1071 584 pro
1094 507 1210 565 Aeneae
1233 505 1377 567 dnclrisae

82 606 179 685 pictae
201 603 286 665 aulae
309 613 338 664 et
361 606 483 664 cetera'.
528 603 653 665 Nomina
676 613 774 665 antem
796 607 909 685 primae
932 604 1136 666 declinationis
1164 605 1323 667 masculina
1345 610 1377 667 in

81 706 279 767 adesinentia
303 708 345 766 sic
368 704 569 766 declinantur:
592 714 680 784 poeta
702 724 810 767 nomen
832 713 877 767 est
892 703 903 787 b
920 702 982 767 95¹³
999 704 1010 787 ΙΙ
1028 707 1236 787 appellatiuum
1259 711 1378 786 generis

81 806 237 867 masculini
265 810 382 867 numeri
407 805 569 884 ‘singularis
591 807 703 885 figurae
726 806 867 887 simplicis
890 825 977 867 cesus
1000 810 1173 869 nominatiui
1196 819 1225 869 et
1247 811 1377 871 uocatiui

55 910 213 999 rcorrepti
236 918 265 968 et
287 907 407 968 ablatiui
429 909 581 988 producti,
604 909 683 988 quod
707 908 904 970 declinabitur
927 912 984 969 sic:
1009 911 1189 971 nominatiuo
1211 912 1260 972 bic
1283 922 1376 992 poeta,

54 996 67 1017 ''
79 1009 220 1086 genetiuo
244 1009 333 1069 buius
355 1019 468 1089 poetae,
492 1010 591 1070 datiae
614 1011 683 1070 hnic
706 1021 820 1091 poetae,
844 1013 1013 1073 accusation
1036 1012 1114 1072 huuc
1136 1020 1262 1091 poetam,
1286 1032 1375 1074 unca·

82 1111 143 1171 tino
166 1129 183 1169 o
207 1117 304 1190 poeta,
328 1110 458 1172 ablatino
486 1111 523 1172 ab
552 1111 608 1172 hoc
630 1121 732 1190 poeta,
762 1123 791 1172 et
813 1109 966 1192 pluraliter
995 1116 1176 1174 nominatius
1204 1115 1234 1174 bi
1263 1123 1376 1194 poetae,

80 1212 186 1274 burum
210 1220 375 1292 poetarum,
399 1214 447 1274 his
470 1215 573 1292 poetis,
598 1213 651 1273 hos
674 1221 786 1292 poetas,
810 1222 956 1292 epactae,
982 1214 1018 1274 ab
1042 1214 1088 1275 bis
1110 1218 1215 1295 poetis.
1255 1216 1304 1277 Sic
1326 1217 1377 1276 de·

80 1313 229 1375 clinautur
251 1316 349 1375 omnia
373 1316 490 1374 nentina
512 1313 675 1375 masculina
706 1317 818 1394 primae
848 1315 1066 1387 declinationis,
1096 1325 1129 1378 ut
1152 1317 1199 1377 bic
1221 1319 1375 1398 propbeta,

41 1437 67 1477 re
81 1414 128 1475 bic
144 1414 312 1495 patriarcha
327 1415 377 1475 bic
392 1414 502 1476 athleta
518 1417 686 1494 agonitheta
702 1415 850 1496 parricida
867 1415 1011 1477 homicida
1034 1418 1185 1479 iratricida
1201 1423 1224 1492 †
1239 1418 1375 1480 colosista

81 1515 212 1578 israelita
228 1515 324 1577 scriba
346 1516 496 1578 citharista
513 1525 542 1578 et
557 1525 655 1579 cetera
679 1516 795 1578 similia.
832 1517 905 1579 item
929 1518 1071 1579 feminina
1095 1521 1211 1582 nomina
1233 1522 1263 1599 in
1286 1539 1301 1581 a
1326 1521 1373 1580 de·

14 1618 25 1627 ‘
78 1619 205 1679 sinantia
228 1621 343 1698 primae
366 1617 570 1679 declinationis
592 1620 634 1680 sic
657 1618 855 1680 declinantur:
879 1620 953 1680 baec
975 1620 1056 1681 Musa
1080 1619 1168 1682 buius
1182 1621 1284 1682 Musae
1307 1622 1374 1682 buia.

33 1710 38 1718 ’
79 1718 179 1779 blasae
201 1719 278 1779 banc
300 1719 412 1780 blesam
435 1739 452 1779 o
475 1719 557 1782 blusa
580 1720 695 1782 abbae
718 1722 799 1782 illusa
823 1729 852 1781 et
874 1721 1029 1801 pluraliter
1057 1722 1113 1782 bae
1141 1721 1243 1784 blasae
1271 1723 1374 1782 barum

78 1818 229 1882 blusarum
252 1821 298 1882 bis
320 1822 411 1882 blesis
434 1821 486 1882 has
508 1822 605 1882 blusas
627 1841 644 1881 0
667 1823 767 1883 Musae
795 1821 831 1882 ab
855 1823 900 1882 his
922 1822 1020 1883 illusis.
1066 1824 1115 1883 Sic
1138 1823 1324 1886 declinantur
1347 1834 1376 1884 et

40 1944 65 1984 ιε
79 1919 134 1981 alia
158 1924 278 1984 nomina
301 1924 442 1984 feminina
472 1924 586 2002 primae
615 1923 832 1994 declinationis,
864 1932 895 1984 ut
917 1924 990 1984 baec
1012 1925 1137 1994 iustitia,
1166 1926 1238 1986 baec
1261 1926 1376 1986 miseri·

78 2024 179 2084 cordia
202 2024 358 2104 prudentia
382 2027 525 2102 sapientia
550 2024 676 2085 ecclesia
700 2024 819 2086 basilica
842 2024 979 2085 columna
1003 2027 1088 2086 uinea
1113 2025 1226 2086 cultura
1249 2025 1376 2105 agricul-

80 2133 157 2195 tura,
175 2143 250 2204 quae
267 2135 336 2186 sunt
350 2125 588 2187 innumerabilia.
620 2125 760 2204 intellege
782 2135 895 2196 autem,
920 2128 1061 2188 feminina
1078 2130 1196 2188 nomina
1212 2146 1263 2188 sex
1280 2128 1377 2187 modis

79 2245 161 2289 csse:
192 2239 243 2288 aut
265 2229 343 2288 enim
368 2229 486 2307 propria
510 2238 579 2288 sunt
601 2236 650 2288 aut
672 2229 727 2289 lixa
751 2237 801 2288 aut
823 2227 944 2288 mobilia
967 2236 1018 2288 aut
1039 2227 1076 2287 ab
1099 2229 1221 2291 adiectis
1244 2237 1308 2289 orta
1331 2232 1375 2288 in·

78 2329 276 2409 corporalium
300 2348 402 2390 rerum
426 2328 584 2397 uocabula,
615 2339 664 2390 aut
686 2331 839 2408 participia
869 2330 966 2390 lutura
994 2338 1045 2389 aut
1065 2331 1171 2391 similia
1193 2329 1374 2409 'participiis

39 2452 66 2494 ro
79 2430 205 2492 Nomina
222 2450 293 2508 ergo
314 2433 432 2511 propria
454 2432 595 2492 leminioa
615 2439 683 2492 sunt
704 2433 820 2510 primae
841 2430 1057 2501 declinationis
1082 2440 1115 2492 ut
1129 2432 1220 2492 Diana
1237 2432 1374 2512 Calliopia

78 2533 211 2594 blinerua
240 2533 362 2594 llclena.
406 2533 477 2593 ltem
507 2534 563 2592 lixa
592 2534 711 2592 nomina
740 2535 855 2611 primae
883 2532 1104 2606 declinationis,
1129 2541 1162 2592 ut
1188 2532 1262 2593 baec
1291 2535 1374 2611 copia

78 2634 154 2696 lama
180 2634 270 2695 barba
294 2635 371 2695 oliua
388 2637 435 2694 uia
459 2637 517 2695 uita
542 2644 571 2693 et
587 2631 718 2710 reliqua;
743 2633 861 2694 mobilia
885 2640 985 2695 autem
1008 2635 1125 2694 nomina
1149 2635 1262 2712 primae
1284 2633 1374 2694 decli·

79 2737 209 2797 nationis
231 2736 304 2797 hacc
326 2745 409 2804 sunt,
433 2744 467 2796 ut
488 2753 578 2814 opaca
602 2734 679 2795 nuda
703 2753 793 2797 aurea
820 2736 885 2796 ruia
909 2754 982 2812 uaga
1007 2737 1053 2814 pia
1077 2743 1154 2795 casta
1178 2737 1252 2794 iusta
1276 2744 1374 2794 sancta

79 2839 211 2899 modesta
234 2838 320 2899 docta
342 2840 473 2917 perlecta
498 2835 671 2916 etreliqua.
719 2837 790 2897 ltem
813 2837 850 2897 ab
872 2837 996 2897 adiectis
1018 2834 1250 2915 incorporalium
1275 2853 1375 2896 rerum

37 2947 143 3003 raetia
167 2939 327 3007 uocabula,
361 2946 393 2998 ut
415 2939 488 2998 baec
508 2940 618 2999 iustitia
649 2937 782 2998 doctrina
812 2936 967 2998 clementia
996 2938 1181 3016 prouidentia
1211 2946 1240 2998 et
1262 2949 1371 2999 cetera.

78 3034 152 3102 item
168 3043 322 3121 participia
339 3042 492 3120 praeteriti
507 3042 650 3120 temporis
666 3040 807 3099 feminina
824 3041 923 3099 omnia
940 3041 1054 3119 {trimae
1070 3051 1140 3101 sunt
1156 3039 1374 3108 declinationis,

77 3151 111 3205 ut
126 3142 200 3203 haec
215 3152 309 3204 amata
326 3142 411 3203 docta
428 3140 502 3202 lecta
519 3142 627 3210 audita,
638 3148 668 3202 ct
683 3143 781 3201 omnia
796 3143 951 3222 participia
967 3143 1108 3202 leminina
1125 3143 1215 3203 iuturi
1232 3142 1374 3221 temporis

78 3247 193 3325 primae
208 3253 279 3305 sunt
294 3243 510 3314 declinationis,
522 3254 553 3304 ut
569 3244 641 3304 baec
657 3244 803 3322 scriptura
820 3250 924 3304 natura
941 3261 1078 3304 mensura
1095 3250 1232 3304 creatura
1248 3245 1372 3322 pictura.

76 3346 152 3408 ltem
169 3348 344 3426 pronomina
359 3348 528 3425 possessiua
545 3347 676 3406 seminini
692 3347 811 3423 generis
826 3346 938 3424 primae
954 3354 1022 3416 sunt
1038 3346 1252 3413 declinationis,
1265 3352 1298 3404 ut
1310 3362 1373 3406 mea

36 3470 65 3510 ao
78 3456 127 3509 tua
143 3465 194 3509 sua
210 3456 311 3510 nostra
335 3457 444 3517 uestra,
469 3454 498 3508 et
513 3449 610 3508 omnia
628 3449 745 3507 nomina
761 3447 900 3508 feminina
923 3447 1104 3527 superlatiua
1126 3449 1156 3506 in
1177 3464 1193 3505 a
1209 3445 1373 3505 desinentia

78 3550 190 3631 primae
213 3557 282 3611 sunt
297 3549 511 3619 declinationis,
535 3558 566 3610 ut
583 3549 655 3609 bacc
678 3548 846 3610 doctissima
861 3551 1021 3611 fortissima
1045 3547 1259 3628 sapientissima
1284 3544 1373 3607 dilcc-

77 3652 190 3715 tissima
223 3653 373 3711 carissima
409 3653 568 3712 tenerrima
608 3650 805 3729 pulcherrima
841 3650 1130 3728 magnificentissima
1163 3648 1373 3728 gloriosissima

76 3753 277 3815 excelsissima
300 3754 463 3813 castissima
487 3756 598 3833 optima
621 3755 749 3832 pessima
765 3754 951 3812 sanctissima
968 3759 997 3812 et
1013 3759 1112 3812 cetera
1133 3749 1373 3812 innumerabilia.
1471 3778 1472 3782 ¹

77 3855 152 3917 ltem
176 3857 294 3916 nomina
318 3856 470 3915 ciuitatum
485 3854 532 3915 uel
552 3856 707 3932 regionum
731 3855 874 3914 lorniuina
897 3855 926 3914 io
950 3853 1147 3913 adcsinentia
1170 3854 1284 3931 primae
1306 3859 1376 3911 sunt

36 3974 64 4016 aa
78 3956 294 4027 declinationis,
312 3968 344 4017 ut
360 3957 432 4017 baec
449 3957 551 4027 llonra,
568 3957 641 4016 hacc
658 3942 809 4024 Caesarie,
834 3955 908 4015 baec
923 3955 1070 4023 Samaria,
1095 3955 1175 4014 Vtica
1198 3952 1373 4013 alexandria

77 4058 238 4138 Babylonia
254 4061 276 4131 a
292 4058 393 4119 elircla
411 4059 605 4138 Cappadocia.
652 4057 724 4117 ltcm
747 4058 917 4125 baccheia,
933 4057 1016 4135 Syria
1032 4054 1138 4115 ludaea
1154 4053 1259 4116 brabia
1276 4055 1373 4115 dirica

79 4194 224 4204 -.--...-.
238 4196 277 4201 ..-
288 4195 300 4199 --

145 4280 240 4331 lterai
259 4274 361 4328 miliciai
396 4296 472 4329 eneae
490 4278 610 4343 ancirisee
662 4277 778 4327 2auleae
829 4274 948 4341 apoteca
998 4274 1194 4325 dmasculinnm
1242 4274 1374 4340 apuliam,

74 4349 251 4412 fereremper
302 4349 443 4412 iopoete
490 4348 525 4396 bii
543 4345 761 4411 pobeteboorurn
815 4342 1221 4411 tlhicprophetalricproplreta
1264 4345 1296 4392 10
1313 4357 1374 4391 ona-

78 4450 158 4500 thieca
193 4446 339 4513 agonitleca
379 4445 513 4512 colosista]
535 4449 592 4497 Aa:
611 4444 758 4496 Colessita'?
778 4444 891 4496 trinetna
943 4447 973 4493 11
993 4445 1113 4508 cytarista
1148 4415 1375 4493 lembbnnamina

77 4520 110 4567 12
126 4516 267 4567 declinatur
319 4517 471 4567 13abhanc
517 4531 588 4564 arum
642 4513 844 4563 ratiocinamur
896 4515 928 4562 15
946 4513 1047 4560 iusticia
1100 4514 1130 4561 17
1149 4511 1340 4560 iullmcrabilia

76 4585 184 4635 intelle-⁸⁸
237 4586 268 4635 18
287 4595 314 4633 ut
331 4585 383 4633 lixa
435 4595 479 4633 aut
496 4585 527 4632 ab
546 4579 663 4647 adiectis}
683 4583 769 4630 eiectis
823 4584 854 4631 la
872 4577 923 4630 aar(
938 4581 1073 4645 participia
1125 4578 1171 4628 nul
1189 4578 1282 4628 similia
1341 4581 1375 4628 20

75 4654 158 4704 denna
176 4651 278 4716 callipie
345 4655 376 4701 21
397 4652 466 4701 clena
519 4654 552 4702 23
570 4649 651 4716 opaca
703 4650 766 4698 ralia
818 4648 1061 4714 atrabatensem
1114 4649 1147 4696 25
1165 4659 1220 4698 orto
1273 4647 1373 4696 iusticia

128 4732 237 4771 ceterum
323 4724 355 4771 30
374 4721 501 4769 suldatina
586 4722 618 4769 33
636 4720 733 4782 aptiora
817 4720 850 4767 35
868 4718 980 4765 cessaria
1037 4715 1168 4764 alexandri
1186 4731 1219 4765 ex
1238 4714 1373 4780 babylonio

77 4789 166 4840 effrata
235 4790 267 4838 36
285 4789 421 4853 capadocia
489 4790 520 4838 37
539 4802 613 4851 syna
632 4787 707 4835 iudea
724 4785 812 4834 arania
