3420 5378
198 181 258 247 106
389 225 392 233 .
715 179 784 233 aas
801 179 977 235 anonuua

196 372 313 434 cetera?
349 370 435 444 Quod
457 371 497 432 ita
519 369 657 432 soluitur:
682 371 713 432 in
735 368 858 431 Graecis
879 369 1049 432 nominibus
1071 388 1126 433 ens
1147 389 1207 434 una
1228 368 1341 452 syllaba
1363 380 1426 434 est.
1439 418 1447 435 .
1460 418 1491 435 ..

196 494 227 545 ε,
252 472 306 535 alia
330 471 440 554 syllaba
462 491 512 543 us,
536 482 570 534 ut
591 490 714 534 urceus:
737 472 795 533 hoc
819 473 898 533 enim
920 489 1029 533 nomen
1051 472 1253 556 trissyllabum
1275 481 1330 545 est,
1351 472 1495 553 Orpbeus

195 582 293 638 autem
316 573 509 656 dissyllabum
532 582 586 637 cst.
629 574 703 634 ltem
733 575 851 635 nomina
879 573 991 637 Graeca
1019 576 1050 636 in
1078 593 1131 636 eus
1159 574 1325 637 desinentia
1354 577 1495 638 nocatluo

202 725 343 742 ......
364 678 477 739 Latina
498 677 530 737 in
559 675 616 737 dua
639 693 656 736 ε
679 678 885 743 terminantur,
914 684 948 737 ut
969 695 987 736 o
1009 675 1116 755 lignee.
1167 676 1242 738 ltem
1270 680 1303 739 in
1329 679 1392 739 ium
1420 684 1495 756 quot

195 797 306 858 genera
335 779 531 840 inueniuntur
557 780 589 837 in
618 775 748 838 secunda
776 775 991 840 declinatione?
1038 777 1118 849 Duo,
1144 779 1286 842 feminina
1315 789 1346 844 et
1373 787 1519 842 nonnata

196 883 352 952 leminina,
383 877 619 960 utGlycerium.
663 878 735 940 lnde
763 879 927 940 llonatus
955 879 1039 941 dicit:
1077 881 1169 943 Sunt
1196 888 1396 960 praeterea
1424 878 1495 957 alia

196 985 341 1045 nomina
365 1001 456 1044 sono
478 988 625 1052 neutra,
654 980 857 1043 intellectu
880 981 1077 1052 feminina,
1100 991 1141 1044 nt
1162 983 1385 1045 Sofronium
1407 981 1495 1045 Fro-

196 1088 339 1147 ncsium
371 1083 595 1164 Glycerium.
639 1082 719 1144 llaec
748 1089 845 1144 autem
867 1083 922 1143 tria
945 1083 1067 1164 propria
1088 1086 1208 1146 nomina
1231 1091 1302 1146 sunt
1323 1084 1494 1147 mulierum.

195 1188 233 1249 Et
254 1194 392 1249 neutrum
415 1204 506 1247 unum
529 1203 640 1247 nomen
663 1182 884 1266 appellatiuum,
908 1189 941 1244 ut
962 1183 1019 1246 hoc
1034 1193 1182 1256 mortum,
1206 1185 1263 1248 boc
1279 1193 1326 1248 est
1340 1187 1495 1248 meretrix.

196 1289 272 1351 Hinc
295 1286 358 1350 lob
374 1288 460 1349 dixit:
484 1306 575 1348 uxor
597 1304 675 1348 mea
697 1286 746 1346 sit
767 1293 930 1349 scortum
954 1285 1127 1368 alterius,
1151 1295 1181 1349 et
1197 1286 1389 1351 Salomon:
1413 1304 1530 1370 pre-ao

196 1393 283 1452 tium
305 1391 426 1451 scorti
449 1390 509 1451 uir
533 1406 627 1450 unus
648 1389 764 1468 panis.
808 1387 920 1449 Neutra
942 1391 974 1450 in
996 1407 1062 1459 um,
1091 1397 1120 1450 ut
1143 1389 1200 1450 boc
1221 1389 1368 1471 templum
1391 1390 1496 1473 templi

196 1492 307 1572 templo
335 1490 478 1571 templum
510 1489 651 1570 templum
674 1510 691 1552 a
715 1488 825 1570 templo
848 1496 876 1550 et
899 1489 1005 1570 plurali
1033 1490 1143 1571 templa
1170 1490 1352 1571 templorum
1375 1492 1494 1574 templis

194 1592 304 1675 templa
330 1592 439 1672 templa
466 1611 483 1653 a
507 1591 632 1672 templis.
677 1590 726 1652 Sic
754 1589 919 1653 declinatur
948 1591 1059 1654 donum
1086 1600 1237 1673 sceptrum
1265 1592 1493 1658 tabernaculum

194 1695 321 1759 uerbum
349 1693 552 1757 holocaustum
581 1699 752 1774 portentum
780 1699 893 1759 uotum.
937 1694 1010 1756 ltem
1039 1695 1070 1756 in
1096 1695 1174 1766 lum,
1203 1706 1238 1757 ut
1265 1696 1324 1758 boc
1348 1697 1493 1759 ieiunium

194 1799 350 1879 prandium
373 1795 530 1859 consilium
552 1792 740 1874 euangelium
761 1796 938 1856 sacrificium
962 1802 991 1857 et
1012 1802 1122 1867 cetera,
1146 1805 1176 1859 et
1198 1799 1297 1859 omnia
1320 1799 1444 1861 nomina
1462 1800 1527 1861 tna

195 1919 244 1963 um
276 1898 325 1961 uel
358 1901 389 1961 iu
421 1901 484 1960 ium
516 1897 681 1959 desinentia
714 1894 862 1957 secundae
895 1895 1101 1960 declinationis
1129 1907 1209 1961 sunt.
1258 1899 1422 1963 Sciendum
1451 1910 1495 1979 est

193 2009 291 2064 autern
314 2001 351 2062 de
373 1999 424 2062 illc
447 2002 576 2069 nomine.
600 1996 679 2080 quod
702 2004 746 2059 est
768 1997 927 2069 balineum,
952 1998 1030 2076 quod
1052 2000 1083 2062 in
1106 1999 1249 2079 singulari
1271 2020 1400 2064 numero
1421 2020 1494 2065 neu·

194 2110 272 2164 trum
295 2109 340 2164 est
362 2110 390 2163 et
412 2099 561 2162 secundae
584 2099 800 2168 declinationis.
823 2101 854 2161 in
875 2070 982 2180 plurali
1003 2120 1077 2163 uero
1099 2119 1225 2164 numero
1246 2104 1428 2168 femininum
1450 2113 1497 2168 est

194 2214 224 2268 et
246 2206 359 2285 primae
382 2203 588 2265 declinationis
610 2209 640 2263 et
665 2203 709 2263 sic
729 2199 909 2262 declinatur:
933 2201 990 2264 hoc
1011 2201 1159 2265 balineum
1182 2203 1271 2267 huius
1290 2204 1406 2268 balinei
1426 2205 1496 2268 bnic

194 2305 313 2368 balineo
341 2305 398 2367 hoc
425 2303 576 2367 balineum
599 2322 617 2364 o
639 2302 789 2364 balineum
812 2301 850 2363 ab
872 2301 928 2364 hnc
956 2302 1075 2366 balineo
1098 2314 1127 2366 et
1148 2304 1256 2386 plurali
1279 2307 1338 2369 bae
1358 2306 1530 2371 balinemn

195 2407 299 2470 barum
322 2407 507 2470 balinearum
528 2406 575 2468 bis
597 2405 723 2468 balineis
744 2403 798 2466 has
819 2403 952 2466 balineas
974 2425 991 2466 o
1015 2404 1149 2468 balineae
1171 2407 1209 2470 ab
1230 2407 1277 2470 bis
1298 2407 1447 2487 balineis,
1468 2416 1498 2471 et

194 2511 239 2570 sic
266 2510 354 2571 etiam
382 2517 411 2570 et
438 2511 597 2590 ‘porrum’
621 2515 760 2569 neutrum
783 2524 892 2568 nomen
920 2516 967 2569 est
994 2515 1023 2568 et
1050 2508 1199 2571 secundae
1225 2509 1438 2573 declinationis
1464 2512 1495 2573 ln

193 2609 338 2690 singulari
359 2629 487 2673 numero
495 2655 625 2679 .......
648 2610 679 2669 ἰιι
695 2607 802 2690 plurali
825 2627 899 2669 uero
921 2608 1095 2672 femininum
1118 2610 1190 2673 lacit
1212 2620 1241 2674 et
1263 2614 1380 2695 primae
1404 2611 1496 2674 deeli-

194 2713 322 2775 nationis
343 2720 403 2776 est:
432 2713 489 2774 bae
517 2729 608 2792 cepae
636 2711 742 2773 harum
771 2728 912 2790 ceparum
936 2719 966 2771 et
987 2720 1102 2783 cetera,
1132 2715 1268 2792 ιιιιιιιιιιιίε
1294 2715 1499 2795 antiquissimi

192 2815 256 2876 ina
279 2833 395 2895 quoque
417 2812 598 2893 singularem
621 2831 777 2874 numerum
801 2813 944 2874 feminino
967 2830 1077 2892 genere
1100 2817 1198 2896 ‘espa’
1221 2817 1384 2895 protulisse
1408 2818 1531 2879 inne-¹⁵

193 2917 329 2980 niuntur.
374 2915 555 2977 Naeuius:
578 2913 683 2975 illum
706 2913 742 2975 di
763 2914 904 2986 lerant,
928 2919 989 2996 qui
1010 2919 1168 2996 primum
1189 2916 1331 2980 holitor
1353 2936 1495 2998 cepam.

193 3016 378 3078 Lucilius:
402 3015 525 3097 lippus
549 3016 693 3077 edenda
715 3017 793 3078 acri
815 3016 966 3078 assidue
995 3020 1170 3097 ceparius
1192 3036 1292 3099 cepa.
1337 3019 1496 3102 Frequen-

194 3119 253 3179 tior
268 3124 366 3179 tamen
382 3136 453 3179 usus
467 3119 538 3179 ‘boc
553 3120 638 3196 cepe’
661 3117 800 3199 protulit,
824 3119 902 3197 quod
920 3121 951 3180 in
966 3119 1110 3198 singulari
1131 3139 1258 3182 numero
1279 3129 1426 3185 neutrum
1450 3131 1496 3186 est

194 3216 462 3281 etindeclinabile.
508 3219 687 3283 Naeuius:
722 3222 781 3281 cui
815 3238 905 3299 cepe
937 3220 1079 3283 edendo
1108 3211 1241 3284 oculus
1271 3222 1370 3284 alter
1405 3242 1495 3304 pro·

193 3319 293 3383 lluit.
337 3322 410 3383 ltem
435 3320 1039 3402 Varro:multifaricinpatellis
1067 3340 1230 3404 coquere
1257 3342 1359 3404 cape.
1405 3326 1531 3408 Cepi-³⁰

193 3425 258 3485 cius
280 3431 311 3485 et
332 3424 478 3503 capicium
502 3431 620 3485 ueteres
643 3423 793 3485 dixerunt.
831 3423 915 3485 Scire
937 3434 1035 3486 antem
1059 3424 1202 3488 debemus
1224 3428 1256 3487 in
1279 3425 1327 3487 his
1350 3429 1495 3490 termina·

193 3525 325 3588 donibus
348 3525 496 3587 secundae
519 3525 739 3597 declinationis,
769 3545 842 3607 quas
863 3523 991 3588 diximus
1013 3527 1169 3588 terminari
1191 3528 1222 3589 in
1245 3546 1278 3588 er
1298 3528 1331 3589 in
1354 3530 1382 3589 ir
1405 3529 1439 3591 in
1461 3547 1497 3591 us

262 3795 351 3845 ieius
386 3794 485 3859 syllaba
503 3794 554 3864 est]
575 3799 704 3848 Lacunam
720 3800 758 3848 cic
776 3799 897 3861 expleas:
914 3799 940 3846 in
960 3796 1057 3848 Latinis
1075 3813 1137 3848 uero
1156 3812 1207 3847 nna
1224 3797 1324 3862 syllaba
1341 3810 1382 3850 est
1434 3803 1497 3851 int

193 3872 294 3912 torceue
335 3863 493 3927 trisyllabum
545 3863 657 3918 3nocai
674 3867 699 3915 in
718 3863 781 3930 dua]
803 3866 932 3915 Lacunam
949 3868 1070 3926 indicaui,
1089 3869 1148 3934 quia
1167 3865 1323 3918 Graecorum
1341 3875 1368 3918 et
1386 3868 1497 3920 Latino·

192 3947 247 3980 rann
265 3933 430 3982 nominatoria
448 3949 493 3984 eus
510 3936 654 3985 exeuntium
671 3936 802 3985 rmcata‘uca
820 3933 890 3984 inter
907 3950 935 3983 se
953 3937 1094 3999 conparari
1109 3940 1197 3999 putet:
1223 3936 1323 3985 illorum
1341 3951 1388 3999 eu,
1407 3936 1497 3989 Ιιονιιιιι

192 4014 222 4049 ee
241 4000 439 4051 terniinntionem
457 4017 522 4054 esee.
581 4003 729 4052 terminatur
799 4002 883 4067 ligncq
952 4018 1035 4052 meum
1122 4002 1292 4068 Sgligerium
1363 4002 1494 4071 Donatus]

190 4083 218 4130 p.
238 4069 300 4130 3⁷5,
319 4071 354 4116 27
422 4071 437 4119 l
455 4069 597 4120 salronium
615 4070 769 4119 ironessium
788 4070 924 4135 gligerium
993 4070 1094 4120 8llaec
1111 4081 1194 4119 auitam
1213 4068 1271 4133 tria]
1290 4070 1338 4120 Est
1355 4070 1406 4121 boc
1424 4071 1495 4122 bium

192 4137 251 4184 liet
270 4150 358 4199 uuum,
377 4151 425 4188 om.
444 4149 561 4187 neruorum
613 4150 640 4187 ut
657 4137 720 4187 haec
773 4138 798 4186 lr’
818 4139 937 4187 meretrix
1016 4141 1047 4189 10
1064 4138 1120 4197 lob]
1139 4155 1197 4202 cup.
1218 4137 1316 4188 XXXI
1334 4142 1368 4189 10
1421 4139 1497 4190 Salo·

193 4200 266 4267 mon]
285 4203 453 4257 Prouerb.V
467 4207 518 4256 2⁶?
536 4206 666 4271 praecium
736 4208 765 4254 11
787 4220 860 4255 rimus
931 4207 962 4257 15
980 4206 1159 4271 euuangelium
1230 4209 1261 4256 l'l
1278 4204 1422 4275 balineum]
1441 4208 1496 4258 bal-

192 4320 301 4380 leneum,
318 4336 419 4386 semper
471 4323 496 4371 in
515 4323 680 4389 singulariter
766 4325 797 4373 19
814 4271 928 4373 εεΙΙιῗίιιιη
971 4324 1072 4374 ballenii
1090 4330 1139 4376 etc.
1190 4325 1224 4375 20
1243 4321 1332 4388 plurali
1353 4339 1367 4373 e
1385 4324 1497 4375 ballenie

191 4391 222 4438 21
243 4403 315 4437 arum
384 4392 417 4439 22
429 4391 455 4440 in
467 4392 592 4458 singulari
612 4388 729 4456 numero]
750 4393 880 4443 Lacunam
896 4393 982 4450 statui
1002 4394 1060 4458 quia
1077 4394 1104 4444 in
1120 4391 1283 4457 sequentibus
1294 4407 1345 4442 non
1357 4393 1392 4442 dc
1402 4409 1495 4458 porro,

191 4457 240 4506 sed
256 4457 288 4506 de
305 4472 368 4521 cepe
385 4459 471 4522 agitur
538 4462 572 4511 23
590 4471 615 4510 et
633 4461 742 4526 primurn
761 4459 937 4511 declinationis
950 4459 1055 4525 hesepe
1123 4462 1157 4511 25
1174 4459 1296 4509 feminina
1313 4474 1411 4525 genera
1429 4477 1496 4579 cqpa

192 4525 225 4572 26
244 4524 336 4575 nonius
354 4524 422 4574 illam
440 4526 557 4578 delerunt
575 4545 625 4591 que
692 4528 788 4578 bolitur
874 4530 906 4579 27
924 4538 1042 4595 cqpatnm
1064 4543 1128 4592 cepa
1212 4528 1246 4579 28
1264 4542 1279 4576 o
1298 4541 1361 4594 cepe
1379 4531 1497 4594 protulit

192 4592 225 4709 39
244 4593 335 4711 nepius
387 4594 492 4659 prosulit
550 4600 584 4648 30
601 4609 705 4659 quoque
722 4612 749 4646 re
766 4611 830 4665 eppa
899 4598 930 4648 31
949 4594 1085 4663 deserunt]
1106 4596 1276 4648 Dcuniuerso
1289 4598 1395 4662 incocti
1407 4598 1495 4651 Pn'sc.

226 4675 253 4724 p.
290 4663 335 4726 03,
353 4664 387 4713 15
403 4678 458 4731 seq.

34 4956 226 5082 A
