3420 5378
538 306 613 357 CVM
632 305 837 358 nxcnnrrls
856 307 1029 359 inuniunt.
1205 357 1225 398 ·
1257 322 1425 370 ccxxxvn

305 491 389 576 Nam
413 494 581 573 inceptio
603 502 658 553 est
680 496 896 563 amentium,
921 493 1010 555 bant
1032 496 1240 556 amantium.

130 578 203 640 item
227 579 373 642 Cicero:
403 579 544 644 ‘Abire
569 597 611 638 an
635 578 740 639 obire
763 587 797 639 te
820 581 1035 640 conueniti'
1064 580 1141 640 idest
1162 580 1277 642 exulem
1301 583 1365 642 lieri
1387 601 1424 642 an

131 664 338 725 mnril'ltem:
362 663 462 744 ‘ipse
485 666 546 745 qui
570 663 676 724 iocus
700 662 1029 741 religiosissimus,
1055 665 1113 725 bic
1137 668 1210 725 erit
1231 666 1340 727 iocus
1363 667 1424 726 de·

129 750 394 810 certissimus&
439 750 527 810 itern:
551 750 610 809 ‘Et
628 748 800 809 custodia
830 767 1022 810 sacrorum
1047 769 1117 811 rron
1140 751 1336 821 bonorum,
1361 753 1423 812 sed

102 837 258 898 noueris
280 852 391 901 causa
416 834 729 895 existimabitnr'.
768 834 925 896 litantem
940 826 1144 915 paronomasia
1168 845 1198 896 ct
1218 855 1274 917 per
1296 836 1423 897 litteram

130 919 275 989 demtum,
299 929 332 979 ut
353 928 397 979 est
420 918 508 979 iilud:
532 919 626 979 ‘Non
650 937 783 979 nomen
808 919 918 979 babet
940 922 1028 998 ista,
1051 921 1113 983 sed
1137 924 1269 983 onren’.
1299 925 1424 1001 Autper

131 1005 258 1066 litteram
275 1011 493 1073 commutatam,
510 1012 555 1063 ut:
579 1004 787 1084 ‘Sapientis
811 1024 932 1066 mensa
956 1007 1183 1074 conuiuium,
1206 1005 1314 1067 stulti
1338 1024 1423 1067 con-

131 1092 265 1151 uitium
289 1093 373 1151 est'.

215 1225 335 1287 Scbesis
357 1233 515 1288 onomaton
539 1234 584 1286 cst
606 1224 764 1287 multitudo
787 1228 939 1288 nominum
961 1228 1187 1289 coniunctorum
1210 1227 1338 1309 quodam
1361 1246 1423 1289 arn-

93 1337 120 1377 ao
134 1310 197 1372 bitu
220 1310 388 1391 copulandi,
412 1319 458 1371 ut:

300 1396 417 1459 biarsa
441 1414 585 1467 manus,
609 1395 759 1475 Peligna
783 1397 935 1466 cohors,
959 1398 1109 1459 Festina
1133 1400 1255 1458 uirum
1279 1401 1344 1462 nis.

132 1481 217 1544 item:

300 1566 433 1628 Nubila
457 1569 518 1628 nix
540 1566 680 1645 grando
704 1565 872 1644 procella
896 1568 1051 1629 liumlna
1076 1570 1189 1629 uenti.

131 1651 218 1713 item:

92 1762 131 1801 ιε,
301 1737 423 1798 imber
446 1747 571 1799 aestus
594 1739 653 1798 nix
676 1739 810 1818 pruina
832 1736 928 1798 silua
953 1747 988 1798 et
1010 1756 1097 1799 aura
1121 1756 1189 1799 nox
1212 1738 1302 1799 dies.

130 1822 216 1883 item:

300 1906 462 1969 Prouida
486 1908 588 1985 larga
611 1907 750 1969 sollers
773 1909 927 1969 iacunda
951 1908 1097 1970 decora.

130 1994 217 2053 ilem:

300 2079 358 2139 lus
381 2097 474 2156 aqua
498 2078 566 2139 mci
590 2080 715 2140 uirium
737 2081 846 2159 panis
869 2080 975 2159 piper
998 2079 1113 2143 berba
1137 2078 1261 2141 oleum
1285 2079 1347 2141 sai.

91 2276 119 2315 ao
217 2249 454 2330 llomoeoptoton
477 2258 532 2320 est,
556 2268 624 2310 curn
646 2251 676 2310 in
699 2251 810 2311 similes
833 2270 919 2312 casus
942 2258 1052 2311 exeunt
1073 2250 1165 2312 uerba
1188 2250 1316 2322 diuersa,
1339 2260 1386 2313 ut:

300 2335 505 2397 Maerentes
529 2333 665 2396 flentes
688 2334 933 2397 lacrimantes
956 2337 1265 2398 conmiserantcs.
1288 2371 1330 2382 —

299 2420 369 2480 Sed
393 2438 512 2498 neque
536 2430 746 2481 currentem
770 2440 808 2480 se
830 2442 896 2482 nec
919 2423 1114 2499 cognoscit
1136 2430 1281 2483 euntem

299 2505 586 2586 Tollentemque
610 2524 712 2566 manu
737 2524 939 2584 saxumque
962 2507 1119 2567 immane
1143 2517 1364 2569 mouentem.

131 2625 204 2686 item
232 2625 381 2686 Cicero:
414 2624 606 2692 ‘Tandem
634 2625 777 2686 tandem
808 2625 1024 2704 aliquando,
1055 2624 1238 2696 Quirites,
1270 2626 1422 2688 Lucium

90 2710 330 2777 meotilinam
358 2712 544 2771 iurentem
573 2711 728 2771 audacia
761 2710 883 2771 scelus
920 2710 1155 2770 anhelantem
1189 2721 1330 2790 pestem
1360 2732 1422 2792 pa-

130 2796 228 2855 triae
250 2797 396 2856 nelarie
419 2797 633 2857 molientem
656 2796 765 2856 uobis
788 2805 895 2874 atque
919 2794 1003 2856 buic
1026 2794 1108 2855 urbi
1131 2797 1234 2856 lerro
1257 2793 1420 2857 flamma·

130 2898 198 2959 que
221 2882 453 2943 minantem'.

214 3049 479 3112 llomoeoteleuton
502 3060 555 3121 est,
579 3071 647 3112 cum
669 3050 757 3111 simili
772 3052 859 3110 modo
875 3050 1019 3111 dictiones
1035 3050 1176 3130 plurimae
1193 3052 1351 3124 liniuntur,
1376 3061 1420 3113 ut:

299 3136 366 3197 Eos
388 3136 518 3197 reduci
540 3155 643 3215 quant
666 3136 847 3216 relinqui,
872 3136 1003 3197 reuniri
1025 3155 1130 3215 quant
1153 3136 1280 3197 deseri

91 3248 118 3289 ω
299 3220 419 3287 Malui.

132 3440 352 3477 atutnrrvnntns.

215 3500 234 3557 9
256 3499 389 3555 Julianus
406 3517 439 3571 p.
456 3502 509 3555 36:
532 3499 641 3556 Sclrcsis
664 3508 811 3556 onomaton
827 3509 868 3555 est
883 3499 1029 3556 multitudo
1046 3501 1185 3556 nominum
1200 3500 1422 3569 coniunctorum,

131 3601 201 3658 quae
223 3584 338 3659 quodam
362 3584 456 3640 babitu
478 3584 652 3658 reperiantur,
676 3595 706 3640 ut
729 3585 812 3641 blnrsa
828 3617 867 3624 —-
885 3587 974 3641 uirum
998 3587 1050 3641 uis.
1092 3584 1172 3641 item:
1195 3584 1337 3641 imber-
1353 3583 1419 3639 dies.

131 3668 211 3725 item:
235 3672 277 3726 ius
299 3700 340 3709 -
363 3669 427 3732 sal,
441 3674 544 3725 ceteris
566 3673 681 3726 omissis.

194 3752 235 3813 10
255 3754 438 3826 tertianasp.
462 3758 515 3809 37:
547 3754 768 3829 llomoeoptoton
793 3786 830 3795 -
854 3765 1019 3811 mouentem.
1065 3756 1130 3811 item
1154 3755 1293 3828 Virgilius.
1339 3756 1422 3811 ‘Tan-

131 3841 207 3912 dem,
231 3840 337 3897 tandem
361 3839 523 3913 aliquando,
547 3840 689 3910 Quirites'‚
712 3842 831 3913 reliquis
852 3842 968 3896 omissis.

195 3924 440 3996 281ulr'anucp.
463 3926 749 3982 37:1101n0teteuton
772 3957 812 3964 -
835 3942 921 3982 rosas.

137 4057 358 4067 Ἀ*-

129 4142 239 4179 contere
258 4141 413 4177 ananensis
431 4128 481 4176 aot
498 4141 646 4181 remeans.

200 4192 431 4258 larrtomontium]
456 4194 513 4245 Ter.
528 4195 677 4257 Andr.19‚
693 4197 781 4258 raes,
796 4196 1022 4258 llon.p.398,10
1067 4190 1192 4258 eciem-0]
1213 4194 1420 4245 Nomineomr'reo

130 4266 171 4315 irie
187 4266 257 4315 loeus
274 4263 408 4313 adhibetor
426 4262 458 4311 ab
477 4263 581 4314 Isidoro
594 4262 663 4313 or.l
682 4266 725 4325 35,
736 4267 768 4313 12
837 4263 916 4311 ised
936 4264 1038 4313 lionoris
1056 4278 1071 4311 a
1089 4276 1166 4310 causo
1236 4265 1250 4312 7
1269 4262 1342 4311 saluti
1361 4277 1421 4311 corr·

131 4333 219 4382 tritium
272 4333 385 4383 ‘ascesis
457 4334 485 4379 ll
505 4348 598 4396 magna
616 4329 715 4396 uranus]
737 4332 817 4381 Ennii
828 4347 917 4381 uersus
929 4333 964 4394 rs.
979 4332 1044 4384 Dor.
1054 4348 1080 4394 p.
1095 4332 1156 4394 398,
1170 4332 1201 4379 19
1253 4344 1310 4379 cors
1330 4329 1422 4379 festina

130 4402 212 4450 uirum
231 4401 270 4450 bis
340 4402 371 4450 13
390 4398 489 4463 Nubila]
510 4400 627 4461 Cfilsid.
648 4416 687 4449 or.
708 4400 725 4447 I
742 4402 832 4458 35,13
902 4400 934 4448 15
952 4400 1030 4447 imber
1049 4409 1123 4447 extus
1194 4400 1225 4448 19
1243 4413 1323 4463 panes
1342 4399 1420 4448 Iulia·

132 4485 178 4519 nur
246 4470 277 4518 11
298 4465 435 4531 merentes]
456 4467 534 4516 Ennii
551 4484 648 4527 acerras,
668 4468 701 4529 ef.
721 4469 786 4517 sion.
804 4484 829 4530 p.
852 4469 958 4529 398,23
1027 4468 1059 4515 11
1078 4464 1129 4513 Sed
1148 4464 1239 4530 neque]
1262 4466 1421 4530 νημαι.

130 4536 561 4599 x11903,·es.1rta.135,1o
646 4537 678 4584 23
697 4534 876 4596 tollentemque
893 4549 987 4595 rnanua
1058 4536 1140 4582 intare
1226 4537 1259 4583 14
1277 4531 1376 4600 Cicero]
1396 4536 1421 4582 in

130 4604 264 4655 Cutiliarum
281 4620 319 4657 or.
338 4604 380 4663 II,
400 4620 456 4667 cap.
476 4607 489 4651 1
507 4605 542 4651 r'n.
610 4605 642 4653 ⁶25
660 4603 791 4651 catelinam
844 4602 985 4650 aneiamcm
1065 4603 1098 4651 16
1117 4601 1227 4651 ursariae
1279 4601 1422 4663 iitnrernqne

129 4674 163 4723 18
182 4672 424 4721 llomoeonteieuton
444 4682 484 4720 est
500 4688 555 4719 conr
575 4671 713 4719 similitudo
732 4671 856 4719 dictiones
879 4670 987 4735 plurime
1106 4672 1138 4720 19
1162 4685 1191 4719 eo
1214 4685 1241 4717 se
1264 4670 1321 4719 drrci
1345 4684 1420 4731 rqrram

130 4742 251 4805 relinqui,
270 4756 297 4790 se
317 4741 373 4788 uelri
393 4756 468 4803 ‹qrnrm
487 4741 569 4789 {laseri
589 4740 675 4787 rnnlnit
697 4739 816 4788 iullrmus.
854 4739 902 4788 Est
922 4737 999 4787 Ennii
1015 4754 1114 4801 eternus,
1132 4739 1166 4801 rs.
1185 4739 1251 4788 Dan.
1268 4755 1296 4803 p.
1316 4740 1376 4803 398,
1388 4741 1422 4788 25

165 4809 304 4874 relinquere
322 4811 361 4859 nei
