3420 5378
199 335 261 401 306
504 334 696 387 Avcronns
714 334 879 387 ANONYMI
897 335 947 385 DE
964 333 1135 386 LITTERIS
1152 335 1184 387 B.

200 529 267 607 quia
291 526 327 586 de
350 528 444 606 patris
471 526 635 588 substantia
663 532 731 586 ante
758 525 856 585 omnia
878 531 1011 602 tempora
1034 524 1153 601 genitus
1176 528 1207 582 et
1227 522 1355 602 spiritus
1377 528 1495 583 sanctus

199 628 236 689 ab
259 630 393 706 utrisque
415 628 583 708 procedens
604 647 663 689 non
687 637 810 689 naturae
833 635 877 687 est
898 623 1093 694 mutabilitas,
1122 624 1174 686 sed
1203 641 1403 704 personarum
1425 642 1495 683 con·

200 730 423 792 cordautissima
446 730 613 793 diuersitas.

283 832 316 893 B.
346 833 388 894 Ex
412 835 546 895 ueritatis
567 832 747 895 rectitudine
769 832 896 893 duorum
920 838 1164 893 testamentorum
1182 830 1338 910 processio
1354 830 1496 907 figuratur

198 954 233 995 ae
257 954 310 1015 per
332 935 390 996 hoc
412 935 494 1014 prior
517 934 645 998 hicuiata
667 933 783 995 doctior
807 942 851 994 est
872 936 1069 1001 contractior,
1093 935 1160 1014 quia
1182 931 1282 993 littera
1304 929 1412 1009 legalis
1433 943 1520 991 ser-⁵

200 1039 324 1098 uitutem
347 1046 483 1116 generat,
507 1036 657 1098 subterior
674 1045 773 1099 autem
789 1035 856 1097 ideo
872 1035 1056 1115 productior,
1073 1036 1141 1113 quie
1156 1033 1208 1095 ubi
1223 1035 1352 1114 spiritus
1367 1033 1496 1102 Domini,

198 1137 241 1199 ihi
263 1137 395 1201 libertas.

283 1239 315 1301 (1.
345 1241 468 1304 Sinuata
497 1242 585 1303 huius
616 1240 732 1303 litterae
765 1242 871 1302 tractio
900 1238 1071 1319 gremialem
1101 1237 1243 1300 ecciesiae
1271 1237 1495 1317 susceptionem

198 1344 327 1421 figurare
349 1351 448 1423 potest
470 1361 506 1404 ex
529 1342 665 1405 omnihus
687 1341 825 1422 gentihus
847 1344 876 1403 in
900 1362 932 1402 se
961 1342 1164 1421 congregatis,
1193 1350 1225 1401 ut
1256 1349 1302 1403 est
1332 1332 1497 1402 similitudo

199 1463 326 1523 sagenae
348 1446 456 1506 missae
481 1447 511 1505 in
533 1464 624 1506 mere.
693 1440 698 1453 ⁹
1508 1453 1531 1492 1⁰

286 1546 318 1607 D.
363 1547 396 1607 ln
420 1546 466 1607 his
488 1546 602 1607 duabus
631 1547 718 1608 lineis
747 1549 836 1608 missa
864 1544 1044 1626 praedicatio
1067 1543 1176 1607 Christi
1200 1547 1231 1605 iu
1254 1563 1376 1606 omnem
1399 1543 1497 1607 latitu-

200 1647 299 1708 dinem
329 1647 409 1708 orbis
436 1649 552 1710 aduerti
580 1657 692 1728 potest,
723 1657 755 1709 ut
782 1649 891 1710 dictura
921 1655 980 1708 est:
1009 1647 1070 1709 ‘lte
1090 1649 1121 1708 in
1144 1645 1288 1708 mundum
1311 1648 1495 1715 uniuersum.

199 1751 370 1831 praedicate
385 1750 593 1830 euuangeiium
610 1753 689 1812 omni
706 1751 888 1812 creaturaei'
918 1749 1008 1811 Cuius
1025 1747 1191 1828 euuangeiii
1205 1750 1283 1810 sicut
1297 1749 1433 1818 initium,
1456 1750 1497 1808 sic

200 1854 268 1914 unis
290 1861 334 1913 est
356 1851 498 1914 Christus.

283 1955 316 2016 E.
363 1953 395 2015 ln
420 1956 617 2035 tripertitione
640 1954 786 2016 linearum
809 1955 988 2035 tripertitum
1012 1972 1100 2015 omne
1122 1962 1210 2014 uetus
1231 1960 1445 2014 testamentum
1467 1953 1529 2011 ine

199 2054 280 2135 iege,
303 2055 459 2135 prophetis
482 2064 510 2117 et
532 2056 709 2135 iragiogratis
731 2057 847 2118 aduerti
869 2065 981 2136 potest,
1005 2074 1130 2136 quorum
1147 2057 1172 2116 si
1188 2074 1278 2116 causa
1301 2057 1496 2136 perquiritur,

200 2156 335 2219 Christus
357 2159 517 2219 inuenitur.

284 2259 318 2319 F.
363 2259 404 2320 iic
434 2261 538 2339 spiritu
567 2268 669 2321 sanctu
698 2263 815 2339 gemine
842 2260 977 2341 procedit
999 2259 1134 2327 dilectio,
1165 2259 1216 2320 sed
1240 2261 1398 2338 superior.
1422 2277 1496 2339 quae

201 2369 245 2422 est
267 2361 382 2432 diuina,
406 2380 523 2441 semper
545 2361 635 2422 dehet
657 2381 721 2423 esse
744 2361 928 2442 productior.

285 2463 318 2524 G.
349 2461 452 2524 Omnis
475 2463 656 2542 praedicatio
678 2463 716 2524 de
738 2482 831 2542 regno
854 2462 890 2525 ad
913 2482 1037 2542 regnum
1061 2462 1225 2543 procedere
1248 2463 1343 2524 debet
1365 2464 1528 2524 caritates

200 2583 385 2646 quacumque
407 2567 437 2625 iu
461 2574 544 2645 parte
566 2568 711 2626 mittatur.

285 2668 319 2728 11.
357 2667 574 2729 ddunationem
603 2667 729 2728 duorum
757 2667 934 2748 populorum
957 2686 992 2728 ex
1016 2667 1136 2730 diuerso
1165 2669 1355 2728 uenientium
1378 2686 1446 2729 esse
1467 2670 1495 2728 in

199 2767 316 2831 Christo
339 2787 426 2830 nemo
450 2771 516 2849 quis
539 2769 663 2831 dubitat.

283 2871 305 2932 1.
353 2872 462 2933 Sumite
485 2873 554 2933 iusti
576 2881 657 2933 recta
680 2879 726 2933 est
748 2880 778 2933 ct
800 2883 899 2933 rectus
922 2871 1012 2934 calles
1034 2874 1104 2934 iusti
1127 2872 1162 2932 ad
1187 2869 1414 2932 ambulandum.

284 2973 319 3033 11.
351 2973 522 3053 Suscipiunt
544 2993 559 3033 a
582 2973 643 3034 lieo
666 2984 780 3036 montes
802 2992 921 3053 pacem,
946 2983 978 3035 ut
1000 2976 1103 3035 uiuent
1125 2994 1159 3035 ex
1182 2973 1239 3034 tide
1262 2971 1370 3034 colles.

285 3075 317 3135 L.
347 3074 518 3136 IIumiliatio
542 3077 684 3152 liguratur
706 3077 826 3138 uirtutis
848 3075 966 3145 ChrIsti,
983 3076 1020 3136 de
1036 3095 1093 3157 qua
1109 3075 1179 3137 dicit
1194 3075 1415 3155 apostolus:
1440 3077 1498 3157 ‘qui

200 3196 266 3237 curu
290 3179 319 3238 iu
344 3176 437 3237 forma
462 3178 513 3239 Dei
536 3186 630 3247 esset,
658 3186 753 3239 seruet
781 3179 877 3259 ipsum
906 3179 1068 3239 exinaniuit
1095 3178 1220 3238 sormam
1241 3179 1324 3238 serui
1348 3179 1500 3257 accipiens

200 3278 228 3338 in
252 3277 472 3340 similitudmem
496 3279 647 3340 hominum
670 3280 766 3342 iactus
790 3287 820 3340 et
841 3279 974 3341 habitum
997 3283 1137 3341 inuentus
1159 3288 1192 3339 ut
1214 3279 1328 3339 homo!

283 3383 321 3443 11.
352 3380 538 3443 Praedicatiu
561 3381 597 3440 de
621 3380 736 3442 Christo
765 3399 844 3442 nunc
871 3380 968 3443 caelos
995 3382 1126 3457 attingit,
1155 3398 1222 3441 cum
1253 3380 1398 3441 diuinitas
1429 3384 1500 3449 eius.

200 3502 279 3545 nunc
301 3495 428 3552 terram,
457 3502 523 3543 curn
547 3482 734 3561 praedicatur
756 3483 939 3553 humanitas,
969 3502 1003 3544 ac
1025 3485 1069 3544 sic
1092 3481 1170 3543 unde
1192 3480 1272 3561 qtrutl
1297 3481 1416 3545 dictum
1441 3494 1534 3545 cetzo

199 3585 348 3645 ‘uidebitis
371 3585 491 3663 angelos
514 3584 566 3644 hei
594 3584 787 3647 ascendentes
809 3594 840 3646 et
861 3584 1076 3648 descendentes
1104 3602 1193 3664 super
1220 3583 1312 3645 filium
1344 3584 1501 3648 hominis?

284 3687 317 3747 N.
349 3687 428 3748 ilaec
452 3688 588 3764 figuratio
611 3689 828 3747 consummatio
850 3695 897 3747 est
918 3687 992 3765 legis
1015 3695 1045 3747 et
1067 3685 1289 3766 prophetarum.

284 3791 317 3849 0.
348 3787 433 3849 Ouile
456 3787 588 3866 designat
612 3786 733 3858 Christi,
763 3790 872 3869 quippo
900 3789 1021 3849 ecclesia
1051 3807 1105 3869 per
1134 3794 1225 3847 totum
1253 3787 1364 3849 orbern
1395 3791 1503 3852 ditiusn

199 3910 289 3952 uuum
313 3900 358 3952 cst
380 3889 472 3959 uuile,
497 3891 564 3970 quia
588 3908 665 3951 unus
688 3901 733 3951 cst
754 3899 863 3967 pastor.

283 3993 314 4053 P.
345 3994 395 4054 Vis
419 3992 609 4070 euuangciioa
633 3992 670 4051 de
692 3994 799 4072 spiritu
821 4000 923 4054 sanctu
946 3990 1041 4052 ualida
1064 4037 1247 4053 ......
1514 4008 1537 4046 s

283 4094 318 4165 Q.
347 4093 389 4153 lic
416 4092 539 4154 ecclesia
569 4111 696 4170 namque
730 4093 870 4155 haeretici
900 4102 929 4155 et
954 4094 1135 4155 schismatici
1164 4100 1288 4161 exeunt,
1327 4097 1411 4171 qrrod
1443 4116 1502 4157 nou

199 4197 301 4255 mirari
324 4194 480 4264 dehemus,
504 4197 643 4274 quoniam
666 4196 690 4254 si
714 4201 813 4255 essent
835 4214 869 4256 cx
893 4194 993 4266 nobis,
1017 4194 1250 4276 permansissent
1267 4197 1376 4273 utique
1400 4199 1503 4261 nohis·

199 4317 264 4358 cum
289 4305 412 4359 testante
437 4295 624 4376 apostolo,
649 4295 728 4375 quod
751 4296 825 4357 haec
847 4297 1025 4377 portendere
1048 4299 1187 4359 uidentur
1210 4298 1362 4375 figuratio.

265 4571 408 4630 irriuctiur]
429 4571 470 4620 An
488 4570 620 4633 ductio't
679 4570 808 4617 8trnxtiu
886 4568 1025 4631 9ilgrrruri
1078 4569 1259 4635 congregantis
1352 4573 1386 4621 10
1405 4588 1505 4639 sagene

199 4640 230 4687 16
248 4638 388 4703 agiograhs
473 4640 505 4687 21
524 4634 709 4701 qrraecurnquc]
727 4654 758 4687 m.
776 4637 809 4685 ΙΙ
832 4635 989 4699 (primatique.
1013 4640 1062 4688 sed
1083 4640 1190 4689 lineolae
1213 4653 1306 4687 erucae
1324 4647 1398 4691 ment.
1471 4645 1505 4693 24

198 4706 268 4754 ratiis
338 4708 371 4755 26
389 4709 470 4755 uirtus
540 4709 573 4755 35
591 4715 679 4754 sunum
699 4704 783 4754 ualida
807 4702 931 4768 .......]
954 4705 1086 4757 lareriice
1104 4722 1154 4756 non
1172 4708 1223 4756 aiei
1238 4706 1303 4756 haec
1321 4710 1378 4773 {epi
1393 4719 1503 4776 possum

1451 4784 1488 4816 uu

122 4864 130 4879 ,
198 4827 289 4874 ceteris
305 4826 442 4889 putredine
460 4825 562 4874 deletis:
581 4825 615 4872 ad
632 4840 660 4873 se
679 4840 695 4888 p
713 4839 755 4871 ero
773 4824 781 4870 1
802 4839 817 4871 u
836 4840 862 4871 re
931 4824 963 4873 36
981 4823 1084 4874 heretici
1103 4836 1127 4874 et
1144 4827 1282 4875 scismatici
1357 4830 1394 4879 38
1413 4842 1480 4881 reste
