3420 5378
574 368 613 419 m
631 365 715 421 nou.
734 365 1007 421 saesamsravu.
1371 364 1434 431 273

143 555 299 634 congelata
323 554 450 615 allicitur
473 562 503 614 et
524 557 632 615 iterum
655 554 716 615 sole
728 553 947 630 'colliquefacta
964 554 1088 614 reditio
1104 571 1220 633 aquam.
1258 553 1434 616 Concrcs·
1450 578 1470 620 p.
1485 568 1561 615 aoso
1610 549 1613 555 '

143 672 231 716 cere
253 657 273 715 i.
296 663 490 730 conuertere;
515 664 549 715 et
571 674 612 715 ex
634 656 757 716 eadem
781 675 806 719 s.
829 653 938 735 glacie:
962 655 1122 716 effluere
1146 674 1169 719 s.
1193 673 1300 735 aquam
1322 657 1341 716 i.
1365 671 1434 735 pro-

143 774 258 818 creare.
302 757 397 817 Dura
426 756 526 815 dictu
550 759 569 821 i.
592 755 628 817 ad
652 756 827 827 dicendum;
856 758 1004 835 gratius
1032 755 1238 818 delectabilius
1260 755 1371 826 leuius:
1396 765 1561 822 ntimo

143 875 221 919 cum
246 877 269 922 s.
293 857 368 918 solet
389 858 466 917 lieri.
511 857 844 936 Interrogantibus
866 858 973 919 nobis
999 865 1100 918 utrum
1122 876 1177 918 nos
1199 859 1361 937 quaesierit
1382 857 1434 919 ali·

117 960 224 1037 aquis.
275 957 541 1037 Respondetur
569 977 592 1023 s.
621 958 658 1018 ab
687 960 786 1039 aliquo
817 959 910 1020 bona
942 958 1092 1021 lortuna
1121 962 1141 1019 i.
1172 958 1268 1021 bouus
1301 968 1436 1021 euentus.
1451 973 1535 1025 etot.
1551 974 1576 1012 1⁰

143 1060 224 1122 Dura
248 1068 326 1120 osset
348 1058 440 1120 dictio
456 1061 480 1119 si
498 1059 648 1121 diceretur
663 1061 763 1119 ‘tiemo
786 1079 840 1121 nos
862 1062 1030 1139 quaesiuit'.
1076 1060 1133 1121 Sed
1156 1061 1254 1122 leuius
1275 1061 1435 1141 protertur,

144 1179 212 1222 cum
236 1160 344 1222 dicitur
366 1159 456 1221 ‘bona
478 1161 620 1223 lortuoa'.
665 1161 765 1222 Vnde
787 1163 808 1221 i.
830 1179 866 1221 ex
890 1160 945 1221 bac
967 1163 1170 1241 responsione.

229 1262 552 1332 accommodatum
592 1269 746 1341 acceptum
783 1279 958 1340 congruum.
1015 1263 1205 1324 Aduersus
1238 1263 1589 1331 stimulumpmncn

145 1361 280 1424 calces.
312 1362 439 1424 ‘Calces’
456 1373 567 1425 tractus
582 1382 681 1424 sermo
697 1383 712 1424 a
730 1362 842 1433 bobus,
866 1365 917 1443 qui
932 1362 1075 1425 stimulati
1098 1363 1254 1425 calcitrant
1276 1373 1306 1424 et
1326 1366 1436 1426 iterum

108 1478 134 1517 ¹⁰
147 1473 330 1543 punguntur.
374 1465 607 1527 Prouerbialiter
630 1473 726 1525 autem
749 1471 849 1543 potest
870 1465 905 1526 ad
929 1464 1058 1544 aliquem
1082 1465 1224 1527 rebellem
1246 1463 1363 1535 reterri,
1387 1466 1437 1544 qui

108 1551 114 1561 ’
145 1562 183 1625 ab
206 1564 304 1645 aliquo
326 1567 497 1646 increpatus
520 1565 654 1628 calcitrat
674 1564 726 1627 sed
749 1568 857 1626 iterum
879 1614 1047 1628 .......
1069 1570 1221 1646 pungitur.
1265 1567 1308 1627 Et
1329 1565 1437 1647 lupus

145 1668 182 1727 in
204 1664 342 1727 tabula.
387 1666 463 1747 Lupi
493 1675 595 1728 natura
624 1676 684 1737 est,
714 1676 760 1737 ut,
784 1669 810 1728 si
832 1668 983 1729 bominem
1006 1667 1131 1738 uiderit,
1161 1677 1318 1747 antequam
1340 1666 1378 1727 ab
1402 1685 1437 1727 eo

146 1765 301 1833 uideatur.
331 1786 434 1828 uocem
463 1767 542 1831 illius
570 1769 699 1831 auferat:
734 1770 777 1831 sic
799 1768 938 1831 homines
960 1767 1069 1830 malum
1092 1768 1129 1830 dc
1152 1768 1250 1849 aliquo
1273 1768 1437 1849 loquentes,

145 1870 261 1948 ipsum,
293 1868 330 1929 de
353 1886 411 1946 quo
434 1868 606 1950 loquuntur,
636 1871 661 1928 si
683 1872 879 1949 superuenire
901 1870 1047 1941 uiderint,
1076 1889 1175 1932 sermo
1202 1887 1306 1932 eorum
1330 1869 1437 1938 delicit,

110 1983 134 2023 1⁶
148 1978 178 2030 ot
201 1978 270 2030 tunc
294 1973 508 2032 conuenienter
531 1970 587 2032 boc
608 1969 801 2050 prouerbium
825 1979 921 2049 potest
946 1972 1004 2033 dici
1027 1972 1127 2050 ‘lupus
1148 1973 1179 2033 in
1201 1970 1323 2033 labula’.
1367 1970 1437 2031 Ho·
1452 1970 1536 2021 1¹·⁴⁰2·
1553 1970 1577 2008 ¹³

145 2070 249 2132 stilis
271 2071 402 2132 irrisio
424 2075 444 2132 i.
466 2092 542 2152 quae
563 2070 601 2132 ab
623 2072 708 2133 hoste
729 2071 866 2137 insertur.
910 2073 953 2133 Vt
975 2091 1018 2134 en
1040 2090 1150 2152 agros
1172 2074 1192 2132 i.
1217 2091 1287 2133 ecce
1307 2089 1436 2151 campos.

145 2170 242 2233 Verba
265 2170 404 2233 Camillae
425 2183 495 2234 sunt
515 2171 686 2235 insultantis
708 2174 824 2234 cuidam
847 2174 1058 2243 Troianorum,
1088 2192 1177 2253 quem
1200 2173 1359 2235 interiecit.
1396 2173 1438 2233 Et
1452 2183 1473 2224 Ρ·
1486 2173 1537 2222 ⁴⁰²»
1551 2174 1576 2212 ¹⁴

145 2291 249 2353 quam
271 2292 295 2333 s.
318 2272 507 2353 Hesperiam
531 2272 631 2335 bello
653 2276 672 2334 i.
696 2292 750 2353 per
767 2274 892 2345 bellum;
916 2273 1078 2337 Troiane
1099 2277 1230 2356 petisti
1254 2279 1274 2338 i.
1289 2275 1436 2348 inuasisti.
1452 2274 1537 2326 ¹¹·⁴⁰⁹›
1552 2275 1577 2313 ¹⁵

145 2375 366 2455 llespcriam
388 2377 407 2434 i.
432 2376 557 2445 ltaliam;
582 2377 715 2436 metire
738 2378 758 2435 i.
782 2394 934 2445 mensura;
957 2379 1086 2438 iacens
1108 2397 1132 2441 s.
1155 2383 1300 2440 mortuus.
1454 2376 1578 2428 r·⁴⁰²v¹⁶

106 2491 134 2531 20
230 2479 415 2538 astismos
443 2485 501 2537 est
527 2487 657 2556 tropus
686 2477 883 2558 multiplex
907 2481 927 2538 i.
952 2478 1058 2540 multas
1080 2481 1196 2558 species
1218 2476 1346 2545 habens;
1369 2475 1575 2556 pu·t²·⁴⁰²›¹⁷

148 2584 249 2639 tatur
278 2596 301 2640 s.
332 2595 347 2637 a
376 2577 551 2639 doctoribus
578 2577 689 2638 dictum
722 2596 809 2639 omne
837 2582 864 2639 i·
894 2581 989 2640 omnis
1018 2580 1118 2640 dictio.
1171 2580 1308 2641 Faceta
1336 2575 1436 2655 lepida

145 2678 287 2747 iocunda;
311 2678 529 2740 urbanitate
550 2682 570 2738 i.
596 2679 773 2757 eloquentia.
811 2680 922 2742 Vrbani
944 2681 1079 2742 homines
1100 2682 1120 2745 i.
1144 2681 1193 2760 qui
1216 2681 1246 2739 in
1269 2676 1438 2739 ciuitatibus

146 2780 295 2850 habitant,
320 2779 538 2859 eloquentiores
561 2780 656 2842 solent
677 2782 756 2850 lieri,
786 2798 875 2859 quam
903 2783 1006 2843 rustici
1031 2783 1051 2845 i.
1073 2780 1186 2841 uillani.
1229 2779 1301 2840 lnde
1329 2778 1437 2839 ‘urba-

145 2883 239 2943 nitas’
263 2900 318 2961 pro
341 2880 510 2959 eloquentia
532 2882 661 2961 ponitur,
686 2883 870 2943 ‘rusticitas'
894 2901 966 2943 uero
990 2902 1005 2942 c
1029 2889 1130 2943 contra
1158 2899 1213 2961 pro
1236 2879 1435 2960 simplicitate.

107 2982 358 3061 uuxpotitum
388 2981 538 3044 elimatum
573 2992 755 3046 exornatum.
807 2985 848 3044 Vt
876 2991 933 3044 est
960 2981 1054 3045 illud
1083 3003 1107 3045 s.
1137 2980 1315 3060 exemplum.
1366 2979 1590 3052 Quia-⁴⁰²›1⁸·¹⁹

147 3078 300 3145 Bnuiur'n
328 3101 398 3144 non
426 3084 521 3155 odit,
550 3094 644 3146 amet
671 3095 729 3145 tua
758 3087 923 3147 carmina
951 3084 1076 3146 llaeui.
1122 3084 1230 3145 Bauius
1253 3090 1281 3142 et
1303 3081 1437 3143 Maeuius

147 3184 206 3246 duo
229 3185 349 3265 pessimi
372 3193 479 3264 poetae
501 3186 638 3257 luerunt,
663 3189 714 3264 qui
736 3185 931 3247 detrahebant
953 3185 1090 3263 Virgilio,
1119 3184 1228 3264 quibus
1249 3185 1314 3262 ipse
1341 3183 1437 3244 lacete

147 3285 279 3348 detrabit
300 3286 415 3347 dicens:
448 3287 516 3365 ‘qui
539 3288 662 3349 Bauium
685 3307 743 3348 non
767 3288 841 3358 odit,
871 3297 950 3348 amet
973 3296 1022 3349 tua
1046 3287 1176 3347 carmina
1198 3285 1322 3353 blacui',
1343 3286 1363 3344 i.
1388 3284 1436 3363 qui

148 3406 207 3450 non
230 3387 293 3448 odit
313 3405 421 3463 ununa,
445 3390 485 3449 sit
507 3389 534 3448 ei
556 3406 611 3469 pro
633 3407 742 3467 poena,
767 3397 798 3451 ut
820 3388 922 3468 diligat
944 3387 1064 3449 alterius
1085 3389 1216 3447 carmina
1238 3387 1256 3446 i.
1279 3385 1386 3446 blaeuii
1408 3395 1439 3445 et

108 3490 235 3550 solaciat
258 3497 360 3552 contra
384 3497 520 3550 naturam
543 3492 619 3550 sicut
640 3493 788 3571 sequitur:
812 3498 921 3570 atquo
942 3490 1037 3550 idem
1060 3492 1081 3549 i.
1105 3508 1133 3549 u.
1158 3507 1183 3549 e.
1207 3505 1245 3547 m.
1269 3486 1300 3547 b.

232 3591 352 3652 blinus
380 3599 489 3652 notae
518 3594 571 3651 roi
602 3595 620 3652 i.
648 3595 831 3672 incognitam
861 3610 953 3671 quac
981 3592 1098 3668 magis
1127 3597 1213 3651 nota
1245 3596 1301 3650 est
1328 3589 1347 3647 i.
1370 3587 1574 3667 pusi-⁴⁰22

149 3695 284 3772 cognita,
314 3692 432 3771 quando
455 3691 596 3754 uidelicet
618 3695 713 3772 aliqua
736 3713 786 3755 res
815 3712 869 3773 por
896 3712 929 3753 se
957 3693 1105 3770 incognita
1134 3710 1189 3770 per
1216 3688 1438 3751 similitudinem

148 3795 272 3856 alterius
305 3795 349 3855 rei
382 3797 519 3872 cognitae
556 3794 784 3859 demonstratur.
827 3794 929 3855 lcon
967 3793 1081 3855 Graece
1117 3791 1280 3853 similitudo
1317 3790 1576 3851 dirimendae

148 3896 287 3957 ‘leonas'
320 3903 416 3955 autem
455 3896 580 3957 dicimus
618 3904 728 3959 statuas
764 3913 903 3975 gypseas:
941 3911 1051 3973 gypsus
1078 3911 1151 3953 uero
1174 3900 1219 3953 est
1240 3900 1318 3954 terra
1341 3897 1437 3961 tenax,

105 4006 134 4047 ³⁵
149 3997 228 4059 unde
251 4004 363 4057 statuae
386 3999 468 4057 liunt.
514 3997 575 4057 Vel
598 4016 720 4059 eorum
744 4017 768 4058 s.
792 3995 1004 4057 membrorum.
1049 3994 1287 4073 Comparatio
1308 3994 1328 4052 i.
1345 3989 1438 4072 quali·
1452 4005 1474 4046 n·
1488 3995 1538 4043 ⁴⁰²›
1552 3994 1577 4034 ²³

149 4108 193 4160 tas
215 4107 245 4160 et
266 4099 423 4177 quantitas.
470 4098 510 4158 Vt
532 4117 570 4157 os
593 4097 768 4158 humeros
783 4095 795 4178 ΙΙ
810 4093 874 4156 214
889 4095 900 4177 V
917 4097 983 4158 deo
1005 4093 1151 4155 similis.
1196 4094 1259 4155 lloc
1281 4093 1318 4155 de
1339 4096 1437 4155 Aenea
1452 4096 1578 4148 r·⁴⁰²›²⁴

100 4212 108 4221 ‘
148 4203 180 4261 in
202 4199 362 4278 Virgilio
391 4199 514 4276 legitur,
546 4201 596 4275 qui
619 4218 687 4261 cum
711 4199 897 4278 apparuisset
919 4197 1039 4265 liidoni,
1070 4203 1133 4258 erat
1154 4194 1260 4256 similis
1281 4196 1347 4256 deo.
1392 4192 1438 4255 Os

147 4304 167 4363 i.
190 4322 244 4382 per
273 4321 306 4363 os
329 4309 359 4361 ot
386 4318 440 4379 per
468 4300 619 4361 humeros.
665 4300 721 4360 Per
749 4318 783 4360 os
811 4307 905 4360 totum
935 4315 1045 4378 corpus
1072 4294 1212 4375 intellige.
1256 4293 1439 4357 Parabole

149 4405 261 4465 Graece
289 4400 428 4481 parabola
457 4402 559 4462 Latine
581 4403 601 4461 i.
625 4400 798 4462 similitudo.
843 4401 1005 4477 biugitus
1032 4400 1153 4478 proprie
1184 4397 1271 4459 bouis
1299 4403 1358 4467 est,
1386 4394 1437 4456 sed
1453 4398 1577 4450 r·⁴¹⁰²‚²⁰

105 4504 197 4565 ⁴⁰liic
219 4505 347 4565 bominis
370 4503 541 4565 translatiue
563 4501 634 4562 dixit
663 4503 820 4580 mugitum,
850 4503 918 4579 quia
945 4503 1022 4561 sicut
1049 4499 1103 4560 bos
1131 4500 1274 4577 mugitum
1304 4496 1367 4566 dat,
1396 4497 1439 4556 sic

216 4760 335 4808 lunum
355 4774 400 4822 pro
419 4774 449 4805 nn
470 4774 517 4804 nes
588 4758 617 4805 ll
638 4757 701 4805 Post
719 4755 832 4803 ‘iterum’
851 4758 946 4820 aliquot
965 4754 1087 4805 reocolmln
1104 4759 1269 4803 evanuerunt.
1341 4752 1372 4800 lb
1389 4749 1439 4798 dici

147 4839 173 4878 et
189 4827 266 4892 lupus
336 4827 510 4877 tonnitorum·
580 4827 613 4874 26
632 4824 699 4872 meni
750 4827 858 4883 menius,
875 4827 912 4873 sle
929 4838 1028 4888 semper
1084 4823 1117 4872 33
1135 4823 1249 4886 gipsens.
1267 4821 1359 4885 gipsus
1380 4831 1439 4865 itero

174 4918 270 4960 timu.
285 4927 338 4960 unu.
352 4918 433 4960 suurn.
1205 4905 1237 4955 18
