3466 5422
213 325 360 374 cxxml
480 309 670 362 AVCTORES
692 308 860 362 aueum
876 307 927 359 Du
945 304 1239 360 ORTHOGRAPHIA.

213 519 271 581 que
295 498 477 560 deseruiunt.
522 498 580 560 Sed
600 517 637 559 ne
661 507 742 560 tanto
757 497 835 560 bono
852 499 971 559 mutatis
986 495 1096 556 litteris
1110 498 1273 576 scriptores
1288 496 1381 557 uerba
1397 499 1508 560 uitiosa

214 605 413 682 permisceant
435 610 484 662 aut
506 600 673 662 ineruditus
695 601 869 662 emendator
891 601 1005 660 nesciat
1027 605 1125 659 errata
1154 600 1322 676 corrigere,
1352 599 1509 679 ortbogro-

214 704 288 784 phos
317 705 455 784 antiquos
482 701 598 781 legant,
629 702 707 764 idest
729 702 843 763 Veiium
874 702 1005 778 Longum
1036 700 1171 761 Curtium
1193 699 1383 763 Valerianum
1412 702 1510 781 Papu-

213 809 331 867 rianum
360 806 569 867 Adamantium
597 805 771 884 Martyrium
799 805 836 865 de
858 823 878 864 u
907 812 937 864 et
959 803 993 873 b,
1029 802 1161 863 eiusdem
1194 802 1230 864 do
1264 807 1372 883 primis
1399 806 1511 867 mediis

214 917 301 988 atque
330 907 443 969 ultimis
471 906 605 987 syllabis,
635 906 770 968 eiusdem
798 907 834 968 de
857 906 876 965 b
898 907 999 967 littera
1027 906 1177 967 trifariam
1206 908 1238 966 in
1267 909 1388 969 nomine
1410 910 1536 986 positas

214 1018 244 1070 et
266 1009 418 1089 Eutychen
441 1009 477 1070 de
501 1011 700 1089 aspiratione,
730 1008 782 1069 sed
812 1016 842 1069 et
870 1007 979 1068 Focam
1007 1006 1043 1067 de
1072 1006 1240 1069 diiierentia
1269 1011 1405 1087 generis,
1433 1028 1510 1089 quos

214 1131 269 1188 ego
291 1118 399 1190 quanta
421 1113 505 1190 potui
534 1109 667 1173 studiosa
695 1112 868 1172 curiositate
892 1110 997 1189 collegi
1018 1117 1048 1169 et
1070 1127 1107 1169 ne
1130 1112 1299 1190 quempiam
1328 1119 1508 1172 memorato·

213 1232 280 1273 rum
303 1213 440 1274 codicum
463 1212 633 1275 obscuritas
655 1213 795 1275 derelicta
818 1212 968 1281 turbaret,
998 1213 1137 1290 quoniam
1166 1212 1354 1292 antiquarum
1376 1213 1509 1277 declina-

213 1318 329 1377 tionum
353 1317 552 1393 permixtione
576 1334 631 1395 pro
655 1318 781 1377 maxima
806 1323 889 1395 parte
912 1315 1029 1375 contusi
1052 1319 1136 1382 sunt,
1160 1331 1266 1392 magno
1281 1314 1380 1376 studio
1395 1313 1509 1377 laboris

214 1417 351 1488 incubui,
377 1426 408 1478 ut
431 1420 462 1478 in
484 1417 560 1478 libro
584 1426 770 1498 sequestrato
793 1426 880 1497 atque
897 1417 1073 1495 composito,
1097 1417 1146 1495 qui
1162 1416 1338 1479 inscribitur
1354 1417 1390 1478 de
1406 1416 1509 1477 ortbo·
1524 1428 1549 1469 ¹⁰

213 1520 353 1599 graphia,
384 1519 420 1579 ad
444 1537 497 1580 uos
527 1518 687 1581 deiioratae
710 1519 830 1598 regulae
854 1519 1047 1600 peruenirent
1069 1525 1100 1577 et
1122 1516 1273 1579 dubietate
1296 1519 1410 1582 subiate
1432 1517 1509 1579 libe·

216 1623 278 1682 rior
306 1623 423 1681 animus
451 1623 530 1681 uiam
560 1621 779 1682 emendationis
807 1621 970 1682 incederet.
1014 1618 1185 1680 Diomedem
1214 1637 1332 1701 quoque
1360 1628 1389 1681 et
1410 1619 1509 1681 Theo·

214 1724 334 1784 ctistum
358 1722 453 1802 aliqua
477 1722 578 1784 detali
596 1731 659 1783 arte
675 1725 889 1802 conscripsisse
905 1724 1120 1802 comperimus,
1144 1722 1235 1802 quisi
1251 1723 1366 1783 inuenti
1384 1722 1511 1791 inerint,-

216 1843 270 1886 uos
298 1843 416 1905 quoque
446 1843 550 1885 eorum
579 1824 721 1886 deflorata
751 1825 891 1902 colligite.
936 1825 1023 1886 Forte
1052 1833 1082 1883 et
1110 1823 1183 1883 aiios
1211 1826 1348 1885 inuenire
1377 1824 1509 1904 possitis,

216 1945 270 2006 per
293 1946 368 2006 quos
391 1928 496 1987 notitia
520 1935 620 1988 uestra
644 1929 743 2005 potius
766 1929 940 1988 instruatur.
1522 1938 1548 1979 1⁵

299 2028 350 2090 isti
373 2036 486 2098 tamen,
512 2030 563 2106 qui
587 2032 743 2090 memorati
766 2036 849 2099 sunt,
873 2031 899 2090 si
923 2030 1044 2089 assiduo
1066 2028 1162 2089 studio
1185 2027 1366 2106 relegantur,
1389 2046 1509 2089 omnem

216 2130 303 2192 uobis
326 2130 484 2209 caliginem
508 2132 705 2207 ignorationis
727 2131 901 2201 abscidunt,
926 2140 971 2199 ut,
995 2131 1073 2210 quod
1096 2130 1240 2192 bactenus
1262 2132 1429 2209 ignoratum
1452 2137 1508 2197 est,

217 2232 364 2293 lrabeatur
386 2250 422 2291 ex
446 2234 572 2293 maxima
600 2242 685 2313 parte
712 2236 911 2295 notissimum.
957 2232 1011 2293 iiis
1039 2234 1130 2294 etiam
1153 2231 1320 2293 addidimus
1342 2233 1375 2292 in
1396 2231 1509 2292 codici·

218 2334 273 2394 bus
294 2333 503 2413 cooperiendis
525 2333 627 2395 doctos
649 2335 791 2406 artiiiccs,
821 2344 854 2397 ut
881 2335 1049 2396 litterarum
1078 2352 1231 2397 sacrarum
1258 2332 1510 2413 pulchritudinem

216 2438 308 2497 iacies
330 2434 460 2513 desuper
483 2435 589 2497 deeora
613 2439 752 2508 uestiret,
782 2437 949 2517 exemplum
978 2436 1050 2497 iilud
1073 2435 1240 2498 dominicae
1263 2436 1451 2512 egerationts
1472 2454 1508 2495 ex
1523 2448 1550 2487 2⁰

217 2541 316 2618 aliqua
337 2544 421 2617 parte
445 2537 569 2599 iorsitan
593 2539 755 2607 imitantes,
785 2540 836 2619 qui
859 2558 925 2608 eos,
956 2558 1031 2618 quos
1053 2538 1089 2599 ad
1112 2557 1215 2599 cenam
1238 2539 1408 2598 aestimauit
1431 2538 1510 2596 inui-

217 2640 320 2701 tandos
342 2641 373 2700 in
396 2638 491 2717 gioria
514 2639 651 2701 caelestis
666 2642 812 2709 conuiuii,
837 2640 919 2701 stolis
940 2639 1124 2719 nuptialibus
1145 2640 1278 2718 operuit,
1302 2637 1413 2719 quibus
1434 2638 1510 2699 mul·

216 2742 334 2820 tipiices
360 2743 477 2818 species
504 2742 685 2804 iacturarum
719 2745 749 2803 in
782 2761 839 2803 uno
867 2743 970 2803 codice
999 2743 1147 2822 depictas,
1178 2743 1208 2802 ni
1235 2741 1336 2809 iaiior,
1368 2740 1510 2800 decenter

216 2846 435 2923 expressimus,
468 2852 500 2905 ut
521 2845 638 2926 qualem
667 2843 805 2906 maluerit
833 2844 984 2906 studiosus
1009 2846 1171 2923 tegumenti
1193 2846 1335 2911 sormam,
1364 2843 1429 2921 ipse
1451 2839 1510 2901 sibi

217 2948 309 3026 possit
330 2944 453 3024 eligere.
499 2946 675 3008 Parauimns
704 2948 793 3008 etiam
821 2949 978 3008 nocturnis
1005 2946 1118 3024 uigiliis
1146 2945 1335 3006 mechanicas
1361 2943 1550 3013 lucernas&

217 3050 454 3108 conseruatrices
477 3047 718 3110 inluminantium
740 3048 941 3119 flammarum,
966 3050 1045 3126 ipsas
1060 3046 1119 3108 sibi
1136 3049 1303 3108 nutrientes
1326 3043 1508 3119 incendium,

217 3167 291 3229 quae
315 3149 444 3210 humano
468 3151 636 3210 ministerio
652 3159 787 3212 cessante
802 3151 917 3231 prolixe
933 3149 1101 3212 custodiant
1117 3148 1261 3210 uberrimi
1277 3147 1400 3208 luminis
1415 3144 1511 3207 abun·

218 3249 420 3312 deotissimam
450 3250 630 3321 claritatem,
662 3251 713 3314 ubi
735 3254 792 3314 olei
814 3252 964 3332 pinguedo
988 3271 1046 3312 non
1075 3251 1189 3320 delicit,
1220 3250 1357 3329 quamuis
1384 3247 1511 3309 flammis

219 3352 395 3413 ardentibus
418 3354 528 3431 iugiter
551 3361 709 3414 torreatur.
755 3355 812 3416 Sed
836 3373 891 3415 nec
913 3354 1053 3415 borarum
1073 3353 1208 3414 modulos
1230 3354 1309 3432 passi
1333 3369 1436 3413 sumus
1457 3368 1511 3411 uos

219 3454 365 3516 ullatenus
393 3456 548 3533 ignorare,
579 3459 629 3536 qui
657 3455 692 3516 ad
720 3474 844 3534 magnas
872 3457 1016 3517 utilitates
1044 3454 1167 3517 lrunrani
1196 3457 1316 3530 generis
1345 3459 1550 3513 noscunturu

219 3559 345 3617 inuenti.
390 3555 578 3635 Quapropter
601 3556 786 3633 horologium
811 3556 897 3618 uoltis
920 3577 1027 3634 rmum,
1051 3559 1128 3638 quod
1153 3556 1223 3617 selis
1245 3557 1362 3617 claritas
1385 3553 1509 3631 indicet,

219 3676 412 3739 praeparasse
435 3676 614 3737 cognoscor,
639 3658 764 3719 alterum
787 3677 860 3719 uero
882 3659 1026 3739 aquatile,
1050 3659 1126 3737 quod
1144 3658 1192 3719 die
1208 3668 1354 3737 noctuque
1370 3657 1512 3717 horarum

218 3762 332 3839 iugiter
354 3758 468 3821 indicat
489 3762 701 3840 quantitatem,
725 3762 793 3840 quia
817 3762 991 3842 trequenter
1014 3760 1162 3822 nonnullis
1178 3760 1285 3821 diebus
1304 3758 1375 3819 solis
1391 3759 1512 3819 claritas

220 3861 325 3923 abesse
361 3863 552 3941 cognoscitur
589 3865 725 3943 miroque
755 3862 842 3923 modo
872 3865 903 3923 in
927 3865 1016 3924 terris
1052 3880 1126 3943 aqua
1162 3864 1295 3940 peragit,
1333 3860 1411 3939 quod
1441 3860 1513 3921 solis

220 3965 375 4026 tlammeus
397 3967 483 4043 uigor
506 3965 635 4045 desuper
656 3965 825 4026 modulatus
848 3968 988 4026 excurrit.
1034 3964 1163 4044 itaquae
1187 3971 1291 4025 tratrrra
1314 3962 1410 4023 diuisa
1432 3970 1510 4031 sunt,
1524 3970 1550 4013 ³⁵

223 4120 228 4125 -
238 4120 437 4127 ——.--—-—-..-

286 4203 455 4254 luiciosaii
523 4203 740 4253 ‘dirrernditesri
794 4201 963 4268 ortogrnplros
984 4200 1002 4250 Β
1071 4201 1258 4266 blorrgiumii
1327 4199 1477 4249 curciumB

219 4273 381 4338 papinianum
401 4272 420 4320 B
505 4273 521 4321 b
539 4271 636 4321 sillabis
656 4272 674 4319 B
735 4269 855 4319 trifariam
877 4272 994 4319 Geretius
1012 4267 1096 4319 litterd
1113 4268 1234 4334 triplrarie
1252 4270 1277 4316 in
1298 4265 1370 4316 nomi
1390 4270 1412 4315 A
1430 4266 1511 4316 littera

221 4342 315 4390 trii'ario
334 4341 359 4388 in
379 4340 517 4388 nomineii
587 4338 756 4389 derrticenli
837 4340 964 4400 lquanto
984 4339 1006 4385 Α
1024 4347 1145 4400 quantum
1167 4337 1285 4386 Geretius
1353 4339 1512 4400 iipermpx-

1351 4416 1359 4449 t

220 4459 326 4509 tieneB
396 4460 500 4523 proprie
519 4458 715 4523 perreconlusn
734 4459 756 4506 d
842 4461 873 4508 10
893 4457 1058 4523 ortogroplxia
1077 4456 1096 4504 B
1184 4458 1213 4505 11
1234 4456 1362 4520 delierarq
1386 4452 1510 4519 reguqu

220 4528 341 4576 deiiorme
360 4527 446 4592 regule
464 4528 486 4575 Α
574 4530 604 4576 13
623 4525 799 4591 scripsisseB
870 4528 901 4575 ib
920 4524 1051 4576 noticiaB
1140 4526 1169 4573 il
1188 4524 1341 4573 abscindunt
1360 4523 1479 4571 umerus

221 4599 364 4645 uctenusA
435 4595 643 4645 laudetenuae
711 4596 891 4661 eloquerer.
945 4594 1090 4644 aestimauit
1103 4593 1221 4642 Geretr'us
1239 4593 1374 4641 destituant
1393 4593 1414 4637 Α
1433 4589 1512 4639 aesti-
1553 4604 1557 4611 ·
1607 4608 1611 4615 ¹

222 4665 310 4712 matii
379 4665 411 4712 22
430 4662 567 4713 celestisB
637 4663 754 4726 operiunt
772 4667 794 4711 Α
862 4664 895 4711 23
913 4660 985 4711 fallar
1004 4665 1023 4709 :i
1076 4665 1192 4709 decenter
1209 4662 1298 4710 emb
1378 4660 1411 4707 24
1430 4670 1511 4706 tecum

222 4733 297 4779 ruenti
318 4736 336 4779 :t
407 4733 440 4780 26
458 4731 653 4779 illuminantium
673 4730 692 4777 Β
745 4730 940 4792 incendiumque
959 4732 982 4778 Α
1032 4728 1246 4778 celeberrimos
1300 4729 1332 4776 29
1351 4725 1470 4775 modulus
1489 4727 1513 4773 A

222 4802 252 4847 3i
272 4800 417 4863 orologium
436 4798 455 4846 Β
508 4800 540 4849 32
558 4798 668 4859 aquatile
685 4798 770 4847 codiee
789 4802 808 4847 Λ
845 4797 977 4846 irorruuA
1029 4800 1131 4847 3311011
1150 4797 1176 4846 in
1195 4795 1278 4846 illisii
1334 4798 1367 4845 35
1386 4790 1512 4855 itaqneA
