3420 5378
231 311 294 375 212
634 312 870 369 couucurvu
888 314 1134 369 srusroccusc

231 503 407 582 significant.
453 504 559 564 ‘lutro’
583 513 612 564 et
634 504 739 565 ‘toras'
764 512 793 564 et
815 504 908 565 ‘illuc’
933 505 968 565 ad
992 502 1088 566 locum
1110 500 1199 586 naut
1216 502 1228 586 ΙΙ
1265 551 1515 567 ........

236 653 806 668 .................
824 605 895 667 illuc
917 608 1127 686 properantes,
1152 609 1226 668 etio
1251 606 1410 686 psalmo:
1434 606 1522 667 illue

231 710 326 770 enim
356 707 620 771 ascenderunt.
669 708 873 768 Potest-euim
908 710 1002 789 accipi
1030 709 1067 769 de
1096 709 1198 770 tuturo
1224 718 1254 769 et
1280 708 1319 769 de
1347 710 1522 788 praetecum

230 807 314 870 ‘illic'
340 828 412 871 uero
435 812 466 870 in
490 810 554 870 loco
577 819 606 870 ει
628 818 674 869 εει
695 809 830 870 similiter
853 811 1007 898 praeteriti
1030 819 1060 870 ει
1080 811 1181 871 laturi.
1212 809 1303 879 ‘llic',
1321 809 1443 889 quando
1458 828 1523 890 pro·

229 930 337 973 nomeu
361 920 422 981 εει,
446 912 622 990 corripitur;
646 909 824 972 aduerbium
849 930 921 972 uero
943 910 1132 990 producitur,
1157 920 1190 973 ut
1213 922 1341 992 poeta:
1534 930 1545 969 a

338 1014 404 1075 llic
427 1015 498 1081 uir,
524 1013 583 1072 hic
606 1020 675 1081 εει,
699 1012 769 1073 tibi
792 1030 898 1092 quem
922 1014 1093 1091 promitti
1115 1016 1267 1093 saepius
1289 1014 1412 1076 audis.

76 1133 125 1180 aaa,
140 1131 172 1170 aa.
190 1130 216 1168 et
230 1115 359 1184 Hodie,
384 1132 525 1194 praesens
548 1122 594 1173 est
608 1116 691 1193 quasi
708 1113 763 1179 hoc
780 1114 837 1174 die.
882 1113 1013 1194 Nuper,
1038 1133 1180 1192 praesens
1202 1124 1247 1176 εει
1269 1123 1299 1176 ει
1323 1117 1526 1192 praeteritum,

230 1217 259 1274 ·i·
284 1219 401 1276 nouiter
428 1224 459 1275 ει
485 1217 567 1275 uenit
595 1235 610 1275 a
640 1218 772 1284 nomine,
803 1216 881 1294 quod
911 1227 956 1277 est
983 1234 1115 1295 nuperus
1143 1236 1175 1278 ra
1204 1236 1285 1287 rum,
1317 1220 1349 1277 ·i·
1373 1235 1474 1279 nouus
1492 1235 1526 1278 ua

229 1336 310 1377 auru.
341 1316 562 1394 Aliquando,
580 1316 616 1376 de
633 1319 793 1396 praeterito
810 1327 841 1378 et
863 1318 963 1378 luturo
987 1320 1139 1399 accipitur,
1165 1327 1197 1380 ut
1219 1317 1396 1397 ‘aliquando
1421 1318 1526 1379 lactum

229 1429 273 1477 est
297 1419 374 1486 lroc’,
404 1427 434 1478 et
456 1419 628 1498 ‘aliquando
651 1420 700 1479 liet
722 1419 801 1488 hoc',
832 1426 861 1479 ει
883 1427 929 1479 εει
950 1421 1147 1499 compositum
1170 1439 1205 1481 ex
1234 1421 1310 1481 alius
1338 1429 1369 1481 et
1398 1420 1558 1500 quantun

230 1521 261 1580 lt.
287 1520 333 1580 lla
357 1522 517 1596 rrurneri,
542 1522 571 1580 ·i·
595 1520 643 1580 dic
667 1521 739 1581 milri
764 1520 906 1582 aduerbia
930 1524 1056 1584 numeri.
1095 1523 1162 1583 ll..
1191 1570 1197 1582 .
1226 1571 1233 1584 .
1262 1571 1267 1584 .
1297 1570 1303 1583 .
1340 1570 1347 1583 .
1382 1570 1390 1584 .
1428 1520 1527 1591 .bis,

228 1640 243 1680 a
268 1620 392 1683 duobus.
436 1622 596 1683 Sciendum
621 1631 678 1691 εει,
706 1625 776 1702 quia
798 1622 938 1684 aduerbia
962 1622 1058 1685 tribus
1081 1625 1177 1686 modis
1200 1624 1372 1685 diriuautur
1396 1642 1414 1684 a
1438 1627 1529 1686 nomi·

228 1723 330 1784 uibus:
353 1742 443 1784 sensu
466 1732 496 1784 ct
518 1724 699 1794 litteratura,
722 1727 800 1784 sicut
822 1734 867 1785 ter
889 1744 905 1785 a
929 1725 1034 1801 tribus,
1058 1735 1165 1804 quater·
1187 1744 1203 1786 a
1227 1733 1386 1804 quattuor;
1421 1727 1529 1787 littera·

229 1837 293 1887 tura
318 1834 347 1887 et
368 1845 428 1886 nou
450 1844 548 1895 seusu,
572 1829 649 1886 sicut
670 1825 766 1893 modo,
792 1828 821 1885 ·i·
839 1844 927 1895 nunc,
951 1829 1115 1896 auomine,
1139 1827 1217 1907 quod
1233 1834 1279 1887 est
1294 1827 1421 1895 modus:
1445 1845 1528 1888 serrsu

228 1938 259 1989 et
280 1947 340 1989 non
363 1929 537 1996 litteratura,
562 1929 638 1989 sicut
658 1927 750 1988 serarel
773 1927 810 1987 ab
834 1947 901 1997 rruo,
927 1927 972 1986 bis
994 1948 1010 1989 a
1034 1927 1161 1988 duobus.
1199 1926 1289 1997 Non,
1316 1938 1347 1990 ει
1362 1931 1458 1991 etiam
1473 1928 1559 1989 duou

227 2029 369 2090 aduerlria
399 2039 467 2089 sunt
494 2030 655 2098 contraria;
685 2047 776 2089 uirum
802 2038 903 2107 negat,
934 2029 1058 2091 alterum
1082 2031 1216 2090 altirmat.
1262 2030 1327 2100 lin,
1359 2030 1528 2110 Virgilium.

125 2153 174 2200 see,
188 2152 213 2190 es
228 2131 335 2199 Ecce,
360 2131 552 2192 Priscianum.
600 2133 757 2202 Vtinam,
781 2133 837 2191 ‘ut'
860 2131 1035 2193 aduerlrium
1052 2140 1096 2192 est
1110 2130 1329 2201 similitudinis,
1352 2131 1461 2195 addita
1475 2137 1484 2194 i
1500 2134 1528 2193 dt

228 2235 269 2292 nti
298 2244 328 2292 et
356 2242 401 2293 est
429 2231 646 2301 similitudinis,
676 2232 788 2293 adiecta
818 2251 885 2293 nam
914 2233 945 2294 lit
973 2236 1086 2294 utinam
1110 2242 1140 2293 et
1162 2235 1269 2294 transit
1292 2236 1324 2294 iu
1349 2233 1525 2295 aduerbium

125 2358 174 2402 nn,
188 2356 213 2393 eo
227 2333 363 2414 optandi,
388 2342 420 2394 ut
442 2336 553 2396 ruinam
575 2335 716 2413 legerem.
760 2335 866 2405 licia,
892 2356 925 2396 ·s·
950 2336 1042 2396 irater
1051 2382 1520 2400 ..............

234 2482 626 2498 ............
661 2432 675 2516 ΙΙ
693 2432 753 2497 128
769 2433 781 2517 ΙΙ
797 2436 934 2498 adiuncta
957 2444 1002 2498 ter
1026 2445 1054 2497 et
1076 2443 1212 2515 correpta
1236 2439 1254 2505 i,
1277 2444 1311 2497 ut
1334 2438 1428 2500 tortis
1451 2438 1556 2505 torus

124 2540 295 2609 amarioris
328 2539 456 2598 lortlter.
507 2538 672 2609 llultum,
708 2538 832 2607 dormit;
871 2557 1014 2617 parturn,
1044 2538 1161 2616 uigilat;
1198 2539 1364 2607 minime,
1403 2538 1524 2602 laborat.

228 2640 345 2700 llinime
369 2648 399 2699 et
421 2640 574 2699 miuimmu
597 2648 626 2699 et
648 2642 770 2700 minimo
792 2639 870 2700 idem
893 2648 951 2707 est,
981 2639 1032 2700 sed
1064 2642 1183 2701 minime
1207 2648 1305 2717 potest
1329 2659 1400 2701 csse
1423 2642 1525 2703 aduer-

124 2767 174 2809 sae,
188 2767 213 2803 es
228 2742 307 2801 laium
323 2740 466 2820 negandi,
483 2743 559 2802 sicut
574 2752 603 2801 et
618 2760 687 2802 non.
718 2741 905 2811 Forsitan,
922 2742 1004 2821 pluet
1019 2741 1123 2809 hodie;
1145 2742 1320 2815 tortasse,
1339 2759 1414 2804 nora.
1445 2743 1525 2805 l‘er·

227 2844 385 2911 socialia,
411 2844 550 2904 dicuntur
566 2843 641 2903 lraec
663 2842 814 2912 aduerbia,
838 2860 874 2903 co
897 2842 975 2922 quod
1000 2862 1141 2922 personas
1163 2842 1371 2905 demonstrant
1395 2854 1428 2907 ει
1449 2864 1524 2907 com·

227 2952 377 3024 ponuntur
405 2964 439 3003 ex
469 2947 606 3023 personis
628 2945 837 3024 pronominum
861 2953 890 3004 et
912 2946 1003 3005 ‘cum’
1026 2944 1253 3024 praepositione.
1299 2943 1405 3007 ‘Cum'
1428 2954 1553 3008 nunna

227 3045 371 3106 debuerat
393 3048 549 3124 praeponi,
578 3045 630 3106 sed
660 3064 748 3106 causa
777 3045 942 3125 euphoniae
971 3046 1018 3106 lric
1047 3047 1250 3127 postponitur:
1279 3049 1427 3110 sonorius
1450 3051 1522 3109 enim

227 3157 270 3207 est
294 3165 419 3216 mecum,
443 3165 529 3225 quam
545 3166 611 3209 cum
629 3166 684 3207 me.
730 3148 883 3217 llecum,
905 3146 1007 3225 legunt
1023 3151 1117 3227 pueri.
1146 3147 1296 3217 Tecum,
1314 3150 1521 3211 recordantur.

125 3277 172 3321 zara,
187 3278 212 3313 a»
227 3249 371 3318 Secum,
387 3249 470 3310 sedet
491 3247 540 3309 ille
558 3251 586 3309 ·i·
603 3248 693 3309 solus.
736 3249 848 3320 liena,
873 3250 1112 3327 utVirgilius:

507 3350 617 3420 lleus,
642 3352 811 3421 iuuenes,
837 3359 1045 3411 monstrate
1069 3370 1234 3413 mearum.

225 3452 313 3513 ‘lleu'
337 3450 512 3511 aduerlrium
535 3461 580 3512 εει
601 3452 826 3532 respondentis,
844 3460 892 3513 ut:
916 3451 985 3512 ‘heu
1009 3452 1078 3530 quid
1103 3471 1150 3513 me
1172 3455 1252 3514 uisi’
1299 3454 1353 3515 list
1378 3464 1409 3516 et
1434 3458 1551 3519 iuter-u

124 3583 172 3629 se,
187 3583 213 3619 :n
227 3554 314 3613 iectio
330 3551 468 3620 dolentis,
490 3560 522 3612 ut
536 3553 607 3614 ‘heu
623 3554 717 3614 milri'.
748 3555 937 3623 Seorsum,
962 3553 1067 3614 sedent
1081 3556 1228 3623 iuniores;
1251 3558 1382 3616 ‘orsum'
1400 3557 1522 3619 dicimus

224 3657 254 3714 in
279 3662 409 3734 partem,
433 3652 502 3713 inde
524 3658 712 3734 componitur
733 3675 882 3725 seorsum,
908 3657 936 3714 ·i·
961 3657 1129 3734 separatim,
1154 3657 1230 3716 sicut
1251 3659 1281 3715 in
1306 3660 1520 3737 euangelio:

225 3756 266 3815 Et
293 3757 441 3835 accepit
469 3773 545 3815 eum
573 3754 747 3818 deturba
772 3774 950 3817 seorsum.
995 3757 1142 3828 Quorsum
1165 3773 1301 3836 quoque,
1331 3758 1521 3823 dextrorsum

223 3858 426 3918 sinistrorsum
449 3856 518 3918 inde
541 3867 767 3936 componuntur.
813 3858 967 3937 Edepol,
992 3860 1020 3917 ·i·
1045 3876 1099 3937 per
1127 3858 1228 3919 aedem
1252 3859 1399 3931 Pollucis,
1426 3865 1456 3922 ·i·
1471 3880 1522 3942 per

225 3958 366 4038 templum
390 3957 528 4020 Pollucis.
573 3959 712 4027 Castor,
737 3977 791 4039 per
813 3959 934 4019 domum
956 3959 1095 4021 Castoris.
1140 3961 1243 4021 Castor
1270 3968 1300 4021 et
1329 3961 1438 4025 Pollux
1465 3964 1552 4025 duod

224 4062 333 4121 iratres
360 4060 480 4122 luerunt
508 4060 560 4122 ulit
584 4060 674 4130 louis,
705 4080 758 4140 per
780 4079 855 4140 quos
877 4062 990 4140 antiqui
1012 4060 1158 4122 iurabant.
1203 4061 1239 4120 Et
1261 4070 1333 4123 suut
1354 4067 1472 4141 gemini
1491 4067 1520 4125 ia

225 4161 321 4231 caelo,
348 4165 375 4221 ·i·
400 4163 496 4224 clarae
518 4162 631 4224 stellae.
676 4162 825 4232 llerelo,
843 4164 872 4223 ·i·
890 4180 944 4240 per
960 4162 1126 4238 Herculem,
1149 4164 1201 4242 qui
1223 4172 1268 4224 est
1290 4165 1411 4227 medius
1426 4167 1520 4235 lidius,

293 4452 306 4498 1
325 4451 413 4499 I’m'ara
429 4452 540 4515 popinae
558 4454 608 4500 127
626 4451 704 4501 uerba
720 4452 857 4515 putredine
874 4452 1048 4515 deperierunt.
1134 4446 1257 4518 aposta]
1286 4453 1369 4519 Verg.
1392 4456 1459 4511 Aes.
1481 4455 1521 4507 Vt

226 4520 273 4565 791
344 4521 373 4566 ll
395 4519 456 4567 Post
474 4519 595 4567 aduerbio
614 4519 711 4567 numeri
729 4520 849 4568 nonnulla
865 4519 945 4568 uerbo
967 4525 1135 4576 euanuerunt,
1152 4519 1280 4580 sortasse:
1302 4522 1383 4572 semel
1407 4525 1440 4574 ab
1463 4539 1519 4581 uno,

224 4585 257 4647 ef.
278 4588 309 4634 15
413 4588 444 4635 19
462 4587 526 4636 Ροει
544 4586 620 4635 irater
637 4589 733 4651 aliquot
750 4589 833 4636 tineae
851 4588 915 4637 adeo
934 4588 1069 4651 putredine
1087 4588 1239 4638 obscuratae
1260 4596 1335 4647 sunt,
1358 4598 1387 4640 ut
1406 4595 1457 4643 ian
1474 4594 1521 4659 ispi

224 4662 363 4717 nequeant:
382 4654 468 4715 iniis,
489 4669 553 4719 quae
570 4671 596 4718 p,
616 4658 665 4704 128
681 4655 799 4719 proxime
817 4660 1021 4718 antecesserant,
1041 4656 1073 4705 de
1090 4653 1220 4706 adaerbiis
1237 4658 1373 4720 qualitatis
1391 4676 1430 4711 ex
1446 4662 1520 4712 aoni-

224 4719 296 4769 nidus
312 4721 446 4770 adieetiuis
463 4722 565 4771 diuersa
584 4723 737 4772 terminandi
752 4723 852 4772 ratione
870 4722 1079 4773 descendentibus
1096 4731 1178 4774 actum
1193 4723 1275 4786 samse
1297 4733 1383 4790 patet.
1489 4731 1519 4779 et

224 4784 339 4856 minime]
358 4787 392 4850 af.
410 4788 476 4842 Dan.
492 4805 520 4855 p.
539 4792 600 4855 362,
618 4793 653 4839 28
670 4807 723 4840 cum
741 4791 827 4842 arlrtot.
896 4790 929 4841 28
946 4788 1084 4857 Virgilius]
1105 4793 1170 4844 Aea.
1189 4790 1205 4841 I
1225 4793 1278 4842 321
