3420 5378
657 267 862 322 uxcunPrA.
1345 267 1404 331 197

110 475 144 519 ac
166 456 271 518 iormis
294 456 376 518 uelut
397 455 572 536 quibusdam
596 456 685 516 certis
707 453 851 518 limitibus
875 457 1100 519 determinatur.
1132 457 1235 518 Modus
1250 458 1329 518 euim
1347 476 1405 518 nou

110 557 207 628 aliud,
231 578 318 638 quam
341 568 453 620 certam
477 574 647 619 mensuram
670 559 825 636 significat.
986 558 989 566 “

194 661 272 721 ibid.
316 661 354 722 lit
376 661 449 721 dicit
470 660 671 739 Virgilius:
705 658 822 721 Primus
845 669 874 721 et
896 661 1075 722 fortissimus
1102 659 1281 722 indicatiuus
1309 662 1405 721 nomi·

109 770 206 831 natur,
236 779 324 841 quern
353 768 467 823 rectum
496 780 532 822 ex
556 759 694 822 omnibus
722 760 806 822 multi
835 770 955 831 uocant,
986 771 1102 822 ceteros
1124 770 1223 823 autem
1247 760 1404 842 procliuos.

81 863 164 925 sllic
186 862 270 925 solus
293 882 328 923 ex
351 863 491 925 omnibus
514 863 673 923 testimonii
696 871 785 940 caput
807 861 864 923 sibi
892 862 1046 924 uendieat:
1076 863 1114 923 ob
1143 864 1200 924 hoe
1228 862 1405 925 indicatiuus

106 965 229 1040 dicitur,
260 967 327 1044 quia
357 973 386 1024 et
415 982 491 1042 quae
520 974 583 1026 acta
612 970 682 1024 sunt
704 973 733 1025 et
755 981 831 1042 quae
859 972 987 1042 aguntur
1016 974 1047 1027 et
1074 983 1149 1043 qnae
1178 972 1319 1042 agentur,
1350 984 1406 1045 per

106 1070 204 1147 ipsum
226 1067 409 1133 indicantur.
436 1075 467 1126 ut
490 1065 558 1126 uido
581 1065 679 1127 uidaui
701 1064 820 1126 uidabo.

192 1169 271 1230 ibid.
301 1166 338 1228 Et
352 1168 423 1228 dicit
437 1167 633 1246 Virgilius:
658 1167 853 1246 lmperatiuus
874 1167 1024 1228 secundus
1046 1175 1105 1238 est,
1129 1186 1287 1248 perquem
1304 1187 1403 1239 omne,

107 1269 188 1351 quod
211 1270 288 1332 cilici
310 1269 414 1338 debet,
437 1270 610 1348 imperatur,
634 1277 666 1329 ut
689 1267 765 1328 uida.
804 1269 889 1330 lluuc
905 1276 934 1330 et
954 1271 983 1331 in
1008 1271 1103 1350 capite
1125 1270 1210 1331 multi
1233 1270 1402 1333 adsumunt.

68 1385 95 1425 10
186 1367 200 1455 ΙΙ
214 1367 341 1454 trab]
371 1373 407 1431 Vt
428 1368 610 1449 Virgilius
639 1370 724 1437 dicit:
764 1370 1073 1451 Optatiuusdicitur,
1104 1390 1276 1452 perquem
1305 1390 1402 1442 omne,

107 1472 188 1551 quod
219 1471 451 1552 concupiscibile
473 1474 525 1542 sit,
555 1479 682 1552 optatur,
713 1471 791 1531 unde
820 1483 849 1533 et
876 1471 1050 1534 aduerbium
1081 1472 1201 1553 optandi
1229 1476 1403 1555 frequenter

106 1574 249 1642 adsumit,
273 1572 329 1633 boc
352 1582 397 1635 est
411 1575 538 1643 utinam,
562 1574 646 1634 cuius
662 1582 707 1634 est
722 1589 828 1634 sensus
845 1572 990 1635 ‘uellem'.
1028 1575 1087 1636 Sed
1111 1573 1246 1637 oboritur
1269 1577 1402 1654 quaestio

106 1694 168 1738 nou
190 1675 326 1744 minima.
350 1674 429 1755 quod
454 1675 510 1737 boc
532 1674 708 1736 aduerbium
732 1678 812 1737 omni
836 1694 982 1756 personae
1005 1678 1145 1737 conuenit
1167 1679 1325 1746 ‘utinam',
1349 1678 1401 1738 sed

64 1826 68 1831 .
106 1776 164 1838 boc
192 1776 364 1845 dicendum,
394 1776 471 1854 quod
500 1775 556 1838 boc
585 1774 760 1838 aduerbium
789 1778 827 1836 ita
857 1779 937 1838 omni
965 1796 1109 1856 personae
1138 1777 1338 1858 coaptabitur,
1372 1789 1403 1840 ut

67 1879 199 1940 caluerit
220 1878 294 1939 ordo
316 1896 527 1957 personarum,
551 1886 584 1939 ut
606 1881 660 1938 sit:
689 1879 819 1939 ‘utinam
843 1878 994 1940 uidarem’
1016 1897 1072 1959 pro
1095 1878 1219 1941 ‘uellem
1228 1882 1248 1948 ',
1272 1881 1401 1942 ‘utinam

105 1980 236 2042 uideres'
260 1998 315 2059 pro
338 1979 465 2048 ‘uelles'‚
490 1981 613 2041 ‘utinam
637 1980 764 2041 uldaret'
787 1998 842 2059 pro
864 1978 977 2041 ‘uellet'
1002 1987 1031 2040 et
1053 1983 1097 2040 sic
1119 2000 1174 2060 per
1189 1989 1296 2041 cetera.
1343 1982 1402 2043 Cur

56 2157 60 2163 .
105 2081 279 2144 nonhabet
305 2083 453 2161 optatiuus
481 2081 584 2142 modus
614 2079 732 2141 solitum
762 2098 919 2141 numerum
950 2083 1135 2162 temporum?
1181 2082 1256 2143 llicit
1279 2083 1402 2161 Virgi-

105 2181 195 2245 lius:
233 2183 330 2255 Quare
353 2185 502 2262 optatiuus
526 2182 630 2243 modus
653 2200 713 2243 non
737 2181 858 2243 solitum
880 2189 1049 2262 temporum
1073 2202 1231 2245 numerum
1254 2183 1399 2265 suppleat,

104 2287 182 2347 sicut
203 2285 382 2345 indicatiuus
405 2291 434 2344 et
457 2285 678 2353 coniunctiuus,
703 2284 754 2344 sed
778 2292 890 2345 tantum
914 2287 991 2344 trina
1015 2285 1211 2346 declinatione
1234 2287 1401 2348 coniunctis

66 2386 258 2448 sodumtaxat
280 2384 396 2446 duobus
417 2386 446 2444 in
472 2404 562 2446 unurn
590 2384 775 2465 temporibus
801 2387 846 2445 sie
868 2386 1015 2447 ilectituri
1059 2387 1116 2447 Sed
1140 2387 1213 2446 baec
1235 2388 1310 2448 ratio
1333 2386 1400 2447 bre·

106 2489 184 2549 uiter
206 2487 330 2549 dicenda
354 2496 413 2555 est,
436 2486 515 2565 quod
538 2486 605 2546 ideo
628 2485 683 2545 boc
706 2486 793 2547 modo
815 2489 858 2547 sic
883 2489 1008 2556 utimur,
1039 2488 1116 2564 quod
1141 2486 1267 2569 amplius
1289 2488 1400 2548 Latini-

105 2590 157 2651 tati
181 2607 240 2650 non
263 2590 402 2667 suppetit.

190 2692 267 2752 ibid.
304 2689 460 2762 Quomodo
489 2688 579 2750 babet
605 2691 814 2751 coniunctiuus
844 2689 947 2751 modus
970 2692 1121 2771 tempora?
1164 2690 1248 2769 npud
1271 2691 1401 2753 Graecos

105 2792 263 2853 coniuncta
294 2800 427 2872 tempora
455 2790 559 2861 babet,
589 2790 666 2870 apud
696 2808 749 2852 nos
772 2790 867 2852 diuisa
890 2789 980 2851 habet
1007 2793 1121 2860 omnia,
1153 2792 1205 2852 sed
1235 2792 1398 2854 secuudum

66 2913 93 2955 ss
107 2892 305 2972 Virgilium
328 2891 442 2953 duabus
465 2894 562 2954 causis
584 2893 694 2953 dicitur
716 2893 938 2961 coniunctium,
963 2900 996 2953 ut
1017 2895 1083 2972 ipse
1106 2892 1189 2953 dicit:
1228 2894 1399 2955 Coniuncti-

105 3013 162 3058 uus
185 2995 289 3056 modus
317 2993 391 3056 duas
420 2993 458 3053 ob
486 3012 589 3055 causas
619 2995 661 3054 sic
693 3001 817 3054 uocatur
851 2991 898 3054 uel
932 3000 1054 3074 propter
1089 2995 1260 3056 coniunctas
1289 3003 1398 3075 partes,

51 3156 55 3164 ,
104 3096 223 3174 quando
246 3095 456 3175 adiunguntur,
480 3105 511 3155 ut
534 3094 675 3156 ‘seilicet'
699 3097 894 3174 ‘quanquam'
916 3095 1077 3175 ‘utramuis’
1101 3094 1287 3175 ‘quamlibet’
1311 3098 1395 3159 ‘nisi’

105 3199 178 3260 ‘sio’
201 3198 248 3258 uel
277 3206 399 3278 propter
420 3215 457 3258 ea
479 3198 558 3272 quod
584 3197 613 3257 in
642 3214 793 3257 caseorum
823 3199 1027 3276 conpositione
1056 3199 1264 3258 coniunctiuus
1293 3198 1399 3261 modus

104 3298 295 3379 praecedenti
318 3298 482 3361 indicatiuo
505 3298 674 3380 copulatur,
698 3305 730 3358 ut
752 3301 829 3359 ‘cum
853 3299 993 3360 uideam'.

65 3422 92 3462 so
183 3396 308 3482 ]]l.23⁸
326 3398 338 3482 (1
377 3401 479 3462 Vtrum
512 3408 608 3482 potest
635 3401 800 3461 induitiuus
827 3398 891 3466 loco
914 3402 1043 3461 nominis
1066 3402 1147 3461 esse?
1192 3401 1305 3462 Potest:
1339 3410 1400 3463 tres

104 3503 185 3564 enim
208 3520 294 3563 casus
315 3502 419 3570 babet,
449 3502 663 3564 nominatiuum
687 3503 887 3562 accusatiuum
911 3500 1146 3582 ablatiuumque,
1170 3511 1201 3563 ut
1223 3503 1298 3564 dicit
1320 3505 1398 3564 Vir-

104 3601 239 3683 gilius:
276 3603 442 3665 Induitiuus
464 3603 569 3665 modus
592 3624 608 3665 a
631 3602 853 3683 quibusdam
877 3605 1142 3665 communicatiuus
1165 3606 1318 3674 uocitatum
1342 3623 1398 3684 pro

104 3723 140 3768 eo
163 3702 317 3775 uidelicet,
342 3704 420 3782 quod
443 3703 491 3766 uel
513 3706 628 3765 nomini
657 3704 705 3765 uel
727 3703 822 3766 uerbo
845 3704 891 3765 uel
915 3705 1053 3767 omnibus
1074 3707 1211 3785 personis
1233 3706 1395 3768 uerborum

171 3998 187 4046 3
204 3991 344 4060 Virgilius]
365 3993 463 4043 Primus
474 3995 531 4045 -5
546 3992 666 4043 uendicot
682 4009 732 4044 aon
750 3999 842 4044 extant
853 3995 925 4057 apud
931 3994 1035 4045 Maium.
1105 3993 1289 4044 blndicetiuus
1303 3994 1334 4044 ob
1347 3994 1396 4045 boc

102 4061 197 4112 dicitur
215 4062 301 4112 Maius
316 4079 343 4126 p.
358 4063 408 4111 llo
480 4058 651 4127 8Virgilius]
671 4061 730 4112 Non
747 4068 821 4111 eoetct
838 4063 910 4126 apud
926 4061 1029 4112 Maium.
1100 4076 1176 4126 perq
1198 4059 1273 4112 omni
1288 4077 1309 4132 q
1327 4064 1397 4112 effeci

101 4132 165 4182 lint
183 4129 269 4180 uidem
321 4126 471 4196 adsumunt]
492 4131 531 4180 Ile
548 4132 675 4179 sententia
693 4131 726 4192 es.
750 4129 882 4195 Virgilium
899 4129 966 4180 Maii
982 4147 1008 4194 p.
1026 4131 1076 4179 53.-
1098 4130 1132 4178 its
1150 4140 1179 4178 ut
1195 4130 1227 4179 ab
1244 4130 1398 4197 imperatiuo

102 4197 180 4248 modo
198 4197 393 4248 declinationem
411 4198 482 4248 uerbi
501 4196 687 4250 exordirentur.
759 4199 790 4249 to
808 4194 944 4263 Virgilius]
966 4199 1044 4247 Deest
1060 4199 1131 4261 apud
1143 4197 1245 4248 Maium.
1297 4199 1398 4265 optaui-

102 4280 160 4316 mus
248 4268 278 4315 11
296 4266 442 4330 concupisci
462 4264 511 4314 uile
580 4265 684 4315 eduerbi
704 4260 754 4330 opt‘
771 4280 803 4313 sn
874 4267 904 4315 12
922 4265 1007 4315 uellim
1026 4281 1047 4317 s.
1066 4265 1179 4314 oboritur
1196 4267 1296 4327 questio
1367 4270 1399 4318 13

100 4333 322 4449 ᾳΙινιιᾱιιῗιΙιίιιιιι
374 4333 420 4383 sed
438 4333 455 4382 h
472 4332 736 4450 dicendbbn'qwdb
785 4335 832 4450 dib
850 4332 949 4450 ιιιΙΙίιιιὁ
1004 4333 1037 4382 16
1055 4331 1126 4382 uellis
1179 4333 1249 4383 uellit
1299 4344 1399 4384 coetero

81 4399 369 4537 ·1¹‚ln'tt'l¹tbl⁰”
386 4403 731 4533 2d0l2tti⁶0n“²“''²nfa
751 4416 789 4517 {i
803 4415 932 4534 tutti?
951 4405 1236 4519 “titillent
1304 4403 1397 4535 ibib

101 4538 135 4588 36
152 4534 301 4602 Virgilium]
320 4537 378 4588 Non
396 4543 471 4587 extat
488 4539 559 4600 opud
569 4535 665 4585 Maium
716 4533 827 4585 ooniuir'e'
842 4537 919 4586 modo
990 4537 1139 4603 eapropter
1156 4537 1181 4585 in
1200 4551 1318 4587 cesorum
1337 4551 1398 4586 con-

101 4605 270 4672 possitionem
338 4604 522 4670 eucopoteron
540 4615 631 4653 utcon
651 4604 749 4653 uideam
802 4607 835 4656 30
853 4614 938 4670 potest
956 4615 980 4653 et
997 4603 1059 4655 illl
1077 4604 1144 4655 enim
1206 4608 1238 4657 31
1258 4602 1397 4671 Virgilius]

102 4674 184 4738 Apud
199 4673 296 4724 Maium
312 4675 349 4724 nii
365 4675 415 4790 agei
430 4673 477 4724 boc
493 4679 568 4722 extat
585 4689 611 4736 p.
632 4674 693 4722 tto:
713 4671 856 4722 luilnitiuus
874 4688 889 4721 a
908 4672 1062 4734 quibusdem
1080 4673 1309 4723 communicatione
1327 4674 1397 4723 uoci-

102 4749 182 4790 tstur.
250 4744 283 4792 33
302 4756 316 4790 a
334 4743 376 4804 qui
397 4755 438 4790 sm
