3420 5378
516 317 736 371 HIERONYMO
754 315 969 369 AVGVS'I'INO.
1279 331 1386 379 oculu

183 504 241 564 His
262 505 421 566 addendus
441 506 550 565 tertius
570 507 655 566 locus
676 508 707 566 in
729 515 813 566 arte
838 521 1022 582 anonyma
1044 503 1234 565 bernensi
1253 507 1319 567 cod.
1339 513 1394 565 123

94 606 124 680 s.
150 612 232 681 111⁰,
262 609 351 669 buius
378 608 451 667 libri
471 625 505 683 p.
530 612 601 673 tao,
626 614 662 666 12
687 615 839 680 seruatus,
869 625 955 683 quem
982 614 1012 668 et
1033 609 1129 684 msam
1152 609 1268 669 Keilius
1289 610 1311 667 l.
1333 609 1394 667 le

96 711 203 770 codice
225 710 444 785 Bomberpensi
463 709 566 780 edidit,
589 716 619 769 et
639 717 776 786 quartus,
800 726 885 784 quem
906 711 1016 770 ibidem
1032 711 1149 771 Keilius
1170 727 1187 768 e
1207 710 1313 770 codice
1334 710 1392 770 Va-

83 812 264 872 lentiniano
292 811 329 871 Ill
349 818 376 870 t.
401 818 418 869 3
442 812 560 887 publici
584 813 660 871 iuris
682 809 770 883 secit.
814 810 906 872 Hunc
932 813 1041 885 ipitur,
1069 814 1141 886 quia
1163 813 1258 872 Keilii
1276 782 1394 871 libellus

96 930 206 975 uereor
228 920 260 974 ut
282 915 313 972 iu
337 916 467 974 omninum
489 915 623 973 auorum
646 914 803 973 doctorum
824 929 932 974 manus
956 915 1119 989 pemenire
1137 915 1282 992 potuerit,
1306 910 1393 987 infra

97 1021 250 1091 repetam:
1023 1090 1026 1095 ν

183 1115 391 1195 Paperinns
419 1115 502 1186 elicit,
532 1116 610 1194 ‹pnod
640 1118 818 1195 ‘optimum'
843 1125 872 1177 et
893 1118 1089 1179 ‘nannum’
1119 1135 1172 1196 per
1202 1118 1273 1177 uin
1297 1116 1391 1178 media

99 1215 209 1298 syllaba
232 1216 441 1278 scribebantur
464 1218 540 1298 apud
564 1228 698 1280 ueteres:
722 1218 774 1279 sed
797 1236 902 1279 sonum
926 1221 935 1279 i
959 1218 1109 1280 habebant
1131 1217 1285 1295 (habehat,
1307 1236 1391 1280 corr.

99 1320 243 1398 IIeilius);
266 1318 332 1378 ideo
356 1319 363 1378 i
386 1318 526 1380 scribitur
549 1321 577 1380 in
594 1319 641 1380 tns
656 1319 834 1381 nominibus.
881 1323 917 1381 vt
937 1323 1002 1399 ipse
1018 1320 1104 1381 elicit:
1128 1318 1258 1381 llittera
1281 1321 1311 1379 in
1326 1317 1392 1380 loco

101 1439 118 1481 n
142 1422 258 1482 litterae
282 1422 386 1497 posita,
411 1423 487 1482 sient
502 1423 673 1501 ‘optimum’
696 1430 726 1482 et
748 1425 931 1483 ‘maximum'
956 1422 1091 1489 dlcimns.
1114 1440 1188 1503 quae
1205 1423 1292 1500 (quia,
1308 1439 1391 1484 corr.

99 1523 226 1597 Keilius)
249 1524 362 1600 antiqui
386 1525 562 1602 ‘optumum’
586 1524 780 1584 ‘maxumum'
804 1522 949 1585 dicebant.

182 1626 245 1686 Sed
265 1627 369 1685 ultima
391 1626 486 1685 uerba
500 1634 649 1702 corrupta
663 1635 748 1687 sunt:
770 1642 842 1686 uam
856 1628 1049 1688 scribendum
1064 1626 1227 1688 secuudum
1243 1644 1289 1695 ea,
1313 1643 1392 1702 quae

98 1735 338 1789 antecesserunt:
367 1744 447 1802 quae
473 1729 593 1802 antiqui
619 1728 795 1806 ‘optumum’
826 1730 1024 1790 ‘maxumum’
1058 1729 1293 1802 scribebant,
1327 1729 1391 1788 sed

99 1830 311 1906 ‘optimum'
341 1829 571 1889 ‘maximum'
600 1830 748 1891 dicebant.
798 1829 842 1890 Iis
869 1846 958 1903 uero,
989 1847 1068 1906 quae
1095 1833 1133 1890 de
1159 1833 1216 1891 isto
1238 1831 1392 1906 Peperine

98 1935 217 1994 IIeitius
238 1933 415 2008 disputauit,
440 1948 500 1991 non
522 1931 617 1992 babeo
639 1933 721 2006 quod
742 1932 872 2004 addam,
897 1934 958 1991 nisi
976 1931 1048 2006 boc,
1072 1935 1173 1993 uirum
1192 1935 1390 2008 praestantis-

97 2037 203 2095 dmum
220 2034 358 2108 sortasse
378 2034 579 2104 confidentius
600 2034 734 2094 debuisse
754 2035 944 2106 contendere,
968 2035 1094 2094 eundem
1116 2051 1179 2094 esse
1199 2035 1347 2095 bominem
1362 2042 1391 2094 et

98 2138 281 2213 Puperinum
304 2141 437 2195 nostrum
459 2144 487 2195 et
509 2135 718 2212 Papirianum,
743 2153 783 2196 ex
797 2138 883 2196 euius
897 2137 1119 2214 ortboprapbia
1139 2145 1288 2215 excerpta
1310 2138 1392 2198 dedit

98 2238 304 2299 Cassiodorus.
349 2237 429 2297 Nam
450 2255 510 2298 non
533 2238 672 2310 aduncis
695 2238 853 2298 doctrinae
880 2246 966 2312 suut,
995 2255 1074 2314 quae
1101 2239 1251 2315 Paperiui
1274 2241 1392 2300 nomine

97 2328 369 2413 circumferuntur,
391 2342 572 2414 praesertim
594 2355 672 2416 quoe
694 2340 731 2398 de
752 2337 950 2416 circumflexo
971 2348 1097 2402 accentu
1117 2349 1147 2401 et
1167 2343 1206 2401 de
1227 2342 1391 2416 ‘optumus’

93 2442 202 2518 forma
224 2459 245 2502 a
266 2442 420 2503 ueteribus
440 2449 591 2518 usurpato
613 2443 696 2502 dieta
717 2449 786 2502 suut
807 2459 862 2502 nec
884 2459 942 2503 non
967 2460 1046 2517 uuae
1072 2443 1110 2503 de
1130 2447 1281 2504 nominum
1301 2449 1391 2517 utque

93 2547 333 2622 participiorum
355 2544 528 2620 differentia
549 2544 699 2605 subtiliter
721 2544 897 2620 disputouit.
942 2544 1062 2620 Neque,
1092 2550 1126 2604 ut
1153 2546 1191 2605 dc
1206 2545 1316 2604 crebre
1338 2561 1390 2604 no

97 2649 209 2707 minum
231 2648 429 2706 inmutatione
449 2646 648 2706 librariorum
663 2647 852 2720 neplepentia
874 2649 922 2706 uel
935 2654 1101 2722 temporum
1116 2662 1199 2706 more
1208 2652 1390 2721 perpetrato

98 2754 233 2822 taceam,
262 2749 375 2808 nullius
400 2747 459 2807 bac
486 2749 519 2807 in
553 2764 647 2807 eausa
680 2750 821 2808 momenti
845 2765 908 2809 esse
935 2748 1072 2821 uidetur,
1110 2748 1192 2823 quod
1216 2749 1249 2806 in
1275 2748 1392 2822 aliquot

98 2845 255 2910 Pn'ser'ane'
268 2849 422 2910 codicibus
437 2849 456 2908 I
463 2866 498 2924 p.
515 2856 561 2923 3t,
582 2856 598 2907 2
613 2849 776 2925 Papiriaui
788 2866 894 2910 nomen
910 2850 1121 2924 ‘peperianus’
1136 2852 1281 2924 scriptum
1297 2856 1347 2908 est.
1356 2845 1390 2928 *)

183 2986 404 3062 Hieronymi
430 2988 550 3045 nomine
572 2987 769 3061 praescripto
802 2987 861 3046 duo
887 2993 995 3046 extant
1022 2987 1084 3045 loci
1106 2984 1136 3058 s.
1165 2990 1200 3043 9⁶
1226 2992 1255 3046 et
1279 2985 1307 3058 f.
1337 2981 1391 3043 27ι

100 3087 153 3160 (de
174 3088 352 3162 aduerbio).·

184 3188 204 3248 l.
227 3185 266 3248 9·
294 3187 376 3248 Vnde
404 3187 541 3248 accidunt
568 3188 730 3250 accidentia
759 3187 893 3269 partibus
923 3190 1085 3250 orationis?
1122 3188 1187 3251 Non
1211 3208 1247 3250 ex
1269 3189 1389 3276 iugenio

79 3274 239 3370 'sapientis
261 3289 398 3361 hominis,
421 3282 526 3351 sedin
549 3298 654 3352 natura
673 3292 799 3370 partium
821 3298 908 3371 atque
931 3299 1133 3352 creaturarum
1150 3297 1227 3360 sunt,
1252 3298 1284 3351 ut
1305 3288 1389 3350 llic·

99 3410 275 3473 ronymus
304 3390 390 3453 dicit:
426 3392 596 3453 incidentia
625 3394 858 3470 uniuscuiusque
892 3394 986 3474 partis
1014 3411 1072 3453 non
1101 3393 1286 3454 extrinsecus
1314 3393 1390 3453 acci·

99 3493 181 3563 dunt,
205 3493 453 3575 quemadmodum
475 3493 567 3556 labris
590 3503 619 3555 et
641 3495 734 3574 frigus
755 3496 878 3565 homini,
903 3514 978 3576 quae
995 3497 1179 3557 extrinsecus
1202 3494 1339 3555 accidunt
1362 3503 1391 3554 et

73 3613 189 3674 esaepe
213 3595 372 3670 recedunt,
409 3597 460 3657 sed
489 3597 641 3677 plenitudo
664 3608 694 3659 et
715 3599 861 3678 perfectio
891 3600 1124 3676 uniuscuiusque
1147 3598 1240 3677 partis
1262 3613 1389 3677 persua

99 3698 263 3759 accidentia
279 3696 460 3776 intellegitur
479 3707 566 3780 atque
582 3699 754 3760 dinoscitur.
790 3698 970 3760 Nonnulli
994 3719 1066 3762 uero
1089 3707 1201 3778 putant,
1218 3697 1297 3777 quod
1313 3699 1389 3759 acci·

100 3798 199 3862 deutia
223 3801 349 3880 partium
374 3801 517 3860 orationis
539 3802 723 3861 extrinsecus
745 3801 897 3869 accidunt,
926 3801 978 3862 setl
1001 3801 1142 3862 lallnntur
1165 3800 1220 3860 hoc
1242 3799 1388 3881 putando:

100 3920 168 3964 nam
184 3903 316 3963 nomina
345 3901 540 3963 accidentium
569 3910 599 3961 et
626 3910 785 3982 potestates
816 3905 943 3984 partium
973 3903 1049 3965 item
1074 3901 1217 3981 eolligunt
1237 3904 1389 3981 insepara-

100 4002 208 4065 biliter.

103 4123 330 4134 ----

166 4193 182 4242 2
200 4192 284 4255 adque
335 4190 501 4254 hieronymus
569 4189 808 4258 annitentem.
828 4193 983 4258 Aupuatinus
1000 4194 1027 4243 ln
1045 4201 1102 4243 arte
1120 4208 1245 4257 monumen
1263 4189 1392 4242 Berneuri

97 4276 125 4326 p.
143 4263 186 4323 ot,
204 4262 238 4310 ib
254 4275 309 4326 seq.
413 4259 530 4321 bnthue
548 4259 703 4325 denoscitur,
722 4276 789 4311 corr.
809 4261 864 4310 din·
934 4279 959 4324 q.
976 4261 1130 4326 accidentia,
1149 4277 1218 4316 corr.
1236 4261 1307 4323 quod
1374 4261 1390 4310 8

99 4324 230 4430 eollltgunt

166 4531 193 4595 *)
214 4535 259 4584 Ad
272 4533 396 4598 Peperine·
412 4535 491 4583 locum
507 4533 570 4594 Μ·
588 4539 736 4596 excerptum
751 4534 842 4582 Petrus
854 4535 947 4583 Iloniel
962 4533 1026 4584 boec
1042 4532 1151 4597 marpini
1167 4534 1319 4598 adscripsit:
1337 4535 1390 4582 ‘An

98 4612 137 4651 ent
159 4603 202 4664 qui
227 4602 305 4666 uulgo
328 4601 446 4667 Papirius
469 4600 663 4650 Praetextatus?
701 4601 761 4650 ΜὶΙιί
787 4617 849 4650 sane
876 4602 996 4650 uidetur)
1033 4600 1118 4661 Quinti
1139 4603 1266 4652 cuiusdam
1288 4602 1392 4666 Papirii

96 4669 264 4735 properantum
281 4685 363 4734 nuper
380 4686 415 4720 ete
432 4670 520 4719 codiee
541 4668 667 4718 Vaticano
686 4671 743 4721 Pal.
764 4672 832 4719 1753
850 4685 917 4721 saec.
938 4669 982 4718 IX
1003 4671 1085 4720 denuo
1108 4671 1188 4720 edidit
1211 4671 1391 4720 Wilmannaiua

97 4754 160 4788 mus.
178 4738 257 4787 Ilien.
277 4736 383 4787 XXIII
396 4755 424 4802 p.
443 4739 502 4786 ibt.
539 4737 577 4786 De
603 4737 704 4801 I’npirii
726 4739 844 4801 onolopia
867 4738 902 4801 cf.
920 4753 1001 4803 supro
1017 4738 1103 4800 praef.
1122 4740 1206 4802 partia
1226 4737 1277 4787 III
1292 4737 1391 4789 sect!

97 4822 125 4872 p.
143 4804 215 4856 CLI.
