3420 5378
481 301 530 350 Dr:
549 299 688 352 DONA'II
707 301 939 354 GRAMMATICI
958 304 1052 354 VITA.
1311 320 1413 370 ccfflx

123 493 202 565 erpi.
218 487 359 566 Exempla
382 488 418 548 de
441 491 645 550 circumcirca.
685 492 716 552 lu
740 510 851 551 tentione
869 491 1041 554 linodicensi
1058 513 1125 554 aera
1142 493 1208 554 Xll:
1234 506 1266 557 ut
1281 500 1413 578 episcopi

121 589 234 651 iudicio
258 589 553 670 metropolitanorum
570 600 600 653 et
614 596 820 673 episcoporum
844 597 894 673 qm
917 597 1111 657 circumcirca
1136 608 1257 659 urarrent
1272 600 1411 677 proprio)-

121 698 247 752 ueantur
269 691 305 752 ad
329 690 558 755 ecclesiasticam
586 693 771 772 dignitatem.
816 696 961 757 lohannes
984 699 1327 780 Constantinopolitanae
1350 704 1412 780 epi·

109 812 230 875 ·scopus
256 812 347 873 super
375 794 515 875 epistolas
543 795 625 857 Pauli
654 796 690 857 ad
721 796 894 878 lleln·(a)eos
921 799 1021 861 omilin
1050 801 1144 862 XXX:
1181 821 1283 862 nerum
1315 814 1412 864 tarnen

120 895 394 977 adpropinqnamns
415 897 474 958 lilio
497 897 545 958 dei
567 905 596 957 et
619 917 676 959 non
692 902 769 960 sicut
784 900 899 980 Moyses
917 902 1041 970 erimus;
1066 901 1126 963 illic
1142 906 1219 963 enlm
1236 908 1412 979 craticulis

120 997 182 1059 illic
204 999 284 1060 enlm
306 1001 418 1060 erirnns
441 999 513 1078 erat)
536 1007 565 1060 et
579 1003 772 1062 circumcirca
790 1002 927 1069 desertio,
952 1003 1000 1066 lric
1017 1014 1114 1065 antem
1131 1009 1237 1067 ciuitas
1253 1016 1283 1085 ct
1297 1006 1410 1068 milium

120 1099 279 1162 celebritas
311 1102 494 1179 angelorum.
547 1101 618 1163 item
648 1102 791 1165 lolranncs
819 1106 975 1185 episcopus
1002 1109 1031 1168 ln
1060 1126 1196 1168 sermone
1227 1109 1264 1169 de
1294 1112 1409 1170 miseri-

120 1203 234 1263 cordia:
258 1222 367 1265 auarus
389 1202 582 1264 calumniatur
599 1206 726 1283 (calom)
745 1208 866 1285 pauperi
888 1217 918 1266 et
941 1209 1119 1270 mediocrem
1136 1213 1253 1289 premit,
1277 1211 1407 1271 ulcinum

121 1304 250 1365 excludit
272 1312 302 1366 et
323 1323 426 1367 omnes
448 1306 641 1367 circumcirca
664 1309 777 1388 positos
800 1309 965 1370 infestando
988 1310 1120 1391 depellit.

672 2026 851 2109 XIII.
941 2092 943 2096 Α

408 2242 483 2323 DE
505 2242 724 2325 DONATI
746 2241 1111 2324 GRAMMATICI

253 2394 391 2477 VITA
413 2396 453 2477 A
476 2394 691 2479 FLACCO
712 2395 882 2477 nnssro
905 2395 1263 2478 CONSCRIPTA.

198 2843 265 2902 Iam
288 2846 349 2902 iam
379 2851 520 2917 rrerpenle
541 2845 584 2902 ad
601 2847 691 2915 sineru
714 2845 918 2917 qrrrreslionum
945 2839 1214 2914 prumrrralicarum
1249 2845 1325 2899 serie
1353 2862 1404 2900 rio-

113 2947 233 3005 uissimo
254 2947 382 3019 cruminis
403 2945 576 3005 scholastici
595 2948 662 3004 loco
684 2946 805 3004 irreerlal
829 2945 938 3002 llrnruli
958 2947 1021 3001 rrila
1043 2960 1062 3000 a
1088 2945 1229 3002 Fabricio
1250 2944 1319 3002 olim
1334 2945 1402 3003 irini.

113 3046 180 3106 Lat.
203 3049 223 3106 l.
241 3048 292 3107 IV
305 3063 375 3123 cap.
395 3053 411 3104 7
434 3048 494 3106 7707.
515 3046 566 3105 ΙΙΙ
584 3064 616 3120 p.
636 3053 797 3105 7777-772
820 3047 894 3116 (uel.
911 3045 973 3118 Ill,
993 3062 1028 3120 p.
1047 3051 1105 3102 lud
1127 3047 1174 3104 cd.
1194 3045 1286 3120 Erre.)
1309 3047 1402 3119 edila,

113 3166 203 3226 quiam
231 3147 264 3208 in
292 3146 396 3209 codiee
426 3146 569 3208 Parisino
594 3155 670 3207 7730
695 3149 831 3208 saecli
856 3149 970 3222 scripto
998 3154 1107 3207 extare
1135 3147 1251 3207 licitiae
1279 3155 1405 3208 testatur

110 3267 239 3326 qramm.
264 3250 333 3310 Lai.
356 3251 407 3310 IV
422 3250 527 3326 praes.
548 3268 581 3326 p.
606 3250 670 3310 XL.
716 3251 782 3324 Epo
804 3265 984 3324 quemquam
1005 3249 1117 3308 codicis
1136 3249 1271 3308 Parisini
1290 3253 1405 3310 rrrdlam

112 3355 251 3413 notitiam
286 3353 380 3411 habui
413 3370 511 3427 ireque
550 3357 639 3428 potui
679 3353 826 3412 mehercle
869 3351 981 3410 iubere
1023 3352 1079 3410 lroc
1120 3354 1299 3425 praesertim
1334 3352 1406 3412 lrelli

113 3461 258 3531 tempore,
295 3455 485 3515 nihilominus
520 3458 770 3531 scriptiunculam
806 3456 895 3512 islam
928 3460 960 3513 ul
993 3454 1205 3527 ineptissimam
1242 3462 1323 3513 certe
1359 3458 1403 3512 ila

106 3563 239 3634 propter
260 3557 385 3618 dicendi
401 3575 498 3632 pensis
519 3574 667 3633 perquam
694 3558 869 3617 inusitatum
899 3557 1019 3630 aliaque
1047 3571 1126 3628 quae
1153 3557 1255 3616 instuit
1282 3558 1404 3616 curiosa

110 3676 152 3720 ex
182 3661 336 3720 doctorum
363 3663 499 3720 uirorum
525 3661 668 3719 nicmoria
697 3658 782 3718 77777777
809 3674 939 3733 prorsus
966 3658 1153 3715 eximendam
1182 3659 1287 3716 ilerum
1314 3658 1404 3717 edere

110 3765 206 3822 sturm·
224 3767 355 3822 nanctus
376 3763 461 3821 Petri
481 3763 616 3822 Danielis
638 3762 847 3836 apopraplrum
874 3762 904 3819 in
928 3762 991 3819 eius
1013 3761 1221 3834 oprncalorum
1242 3757 1401 3834 7777777777·-

111 3879 213 3924 aarum
234 3848 338 3924 codiee
362 3869 450 3924 Bern.
466 3870 518 3922 789
539 3872 702 3938 seruatum,
727 3864 809 3937 quod
829 3879 869 3921 en·
891 3863 995 3921 codice
1019 3861 1156 3918 Parisino
1174 3859 1302 3936 sirccisse
1323 3865 1402 3921 iteri-

109 3967 290 4026 simillimum
312 3974 365 4026 esi.
414 3966 498 4036 Orrod
520 3967 656 4026 Berrielis
671 3966 891 4040 apopraplrum,
916 3978 1095 4037 aerumpnam
1111 3963 1271 4022 Fabricius
1292 3981 1332 4023 cx
1346 3965 1403 4022 lior

110 4071 174 4144 maso
196 4071 284 4128 islam
306 4070 398 4127 tellum
421 4086 483 4127 sese
505 4069 632 4127 edidisse
653 4072 790 4140 testatur,
816 4073 915 4125 lanian
937 4082 1003 4123 cum
1025 4066 1124 4123 mirllis
1145 4066 1219 4124 locis
1238 4081 1401 4140 perperam

110 4173 350 4246 transcripserit,
372 4179 432 4229 tum
460 4172 573 4229 necllum
595 4166 732 4229 [leniciis
760 4169 987 4227 adriotalianum
1016 4184 1111 4242 supra
1136 4168 1233 4225 lineus
1261 4176 1351 4241 aluere
1373 4172 1401 4226 in

110 4273 299 4347 mareinibus
320 4270 526 4348 dispersamrm
549 4274 696 4331 rationem
718 4271 834 4342 17777777,
862 4267 969 4343 peribus
994 4271 1134 4343 quoniam
1158 4269 1266 4327 Ilarricl
1286 4267 1405 4327 I'itlroci

110 4390 226 4449 qaoque
247 4374 470 4434 obseruationes
492 4376 605 4448 ciliniae!
631 4375 755 4432 arilicus
777 4374 917 4444 inseruit,
949 4389 984 4429 err
1005 4372 1213 4445 pulcherrima
1236 4372 1319 4430 nodis
1340 4389 1403 4430 sese

112 4477 178 4536 uisa
199 4484 243 4536 esi
264 4479 383 4537 occasio
403 4474 515 4547 offerre
537 4476 612 4534 lraec
634 4491 751 4548 quaprre
773 4471 835 4531 uiri
857 4471 1023 4532 doctissimi
1040 4474 1141 4531 sterilia
1158 4482 1279 4532 rioslrae
1294 4476 1404 4532 aeratis

109 4578 277 4640 dominibus
291 4579 493 4655 propinandi.
