3420 5378
194 275 235 339 76
395 248 400 255 ’
711 275 779 328 aas
798 274 973 328 auouuus

195 463 288 535 illins,
312 463 430 545 quando
452 472 552 527 autem
573 464 731 545 participia
752 472 838 535 sunt,
855 464 1023 526 accusatiuo
1044 464 1196 534 seruiunt,
1220 470 1252 525 ut
1273 481 1377 525 amans
1398 462 1490 526 illum.

194 567 410 634 liiscernuntnr
433 566 640 635 declinatione,
666 573 697 627 ut
719 567 801 627 uisus
816 565 935 645 quando
951 583 1059 627 nomen
1073 575 1125 641 est,
1149 572 1272 647 quartae
1287 563 1491 628 declinationis

194 678 239 730 est
255 670 341 731 etsie
355 665 537 729 declinatur:
562 670 645 730 uisus
666 670 748 730 uisus
769 669 862 738 uisui,
884 667 1004 747 quaudo
1026 686 1099 730 uero
1121 668 1321 747 participium,
1344 666 1491 729 secundae

194 770 400 833 declinationis
428 777 473 830 est
501 776 530 829 et
557 771 596 831 ita
624 769 807 832 declinatur:
839 772 919 831 uisus
946 771 1001 830 uisi
1031 770 1095 831 uiso
1123 779 1154 831 et
1175 768 1300 850 relique.
1346 768 1492 832 lliderunt

195 884 343 953 tempore:
371 871 402 932 in
430 872 551 932 nomine
580 873 658 932 enim
688 879 806 952 tempus
833 890 893 932 uon
923 877 980 940 est,
1008 878 1042 932 ut
1064 872 1088 932 si
1111 870 1191 933 dicas
1213 870 1328 932 ‘homo'
1351 869 1515 950 ‘liguum’e

194 972 325 1036 ‘animal'
355 980 384 1034 et
412 970 542 1049 reliqua,
569 973 600 1034 in
629 974 786 1053 participio
812 979 910 1035 autem
940 979 1074 1054 tempora
1103 974 1175 1042 tria,
1207 980 1239 1034 ut
1266 972 1369 1052 legens
1397 971 1492 1036 lectus

194 1075 347 1154 legendus.
392 1075 468 1136 Sunt
494 1073 550 1137 alia
579 1074 698 1136 nomina
727 1073 827 1136 uerbis
854 1073 974 1145 similia,
1003 1081 1035 1135 ut
1063 1074 1188 1137 comedo
1210 1073 1297 1155 palpo
1320 1074 1410 1137 turbo
1432 1076 1493 1137 lor·

195 1176 275 1238 mido
297 1175 392 1256 caligo
413 1175 522 1255 indago
544 1194 685 1257 propago.
732 1175 887 1247 Quomodo
910 1177 1120 1240 discernuntur
1147 1177 1221 1239 haec
1243 1177 1362 1238 nomina
1386 1174 1424 1239 ab
1447 1176 1494 1239 his

195 1277 304 1354 uerbis,
321 1278 428 1359 qulbus
450 1287 521 1341 sunt
541 1277 663 1340 similia?
699 1278 749 1339 Sic
770 1277 997 1340 discernuntur:
1020 1278 1137 1357 quando
1159 1277 1252 1341 uerba
1274 1287 1352 1348 sunt,
1375 1278 1494 1361 primae

195 1382 414 1462 coniugationis
436 1381 524 1449 liunt,
553 1387 586 1441 ut
608 1378 732 1440 comedo
754 1378 905 1449 comedas,
928 1379 1016 1461 palpo
1039 1379 1154 1460 palpas,
1178 1378 1267 1443 turbo
1288 1380 1408 1451 turbas,
1432 1382 1491 1443 lor·
1506 1401 1530 1442 ro

194 1483 275 1546 mido
297 1482 454 1551 formidas,
479 1480 573 1561 caligo
596 1481 719 1559 caligas,
742 1480 850 1561 indago
871 1481 1009 1560 indagas,
1032 1501 1164 1563 propago
1186 1501 1351 1563 propagas:
1374 1484 1494 1564 quando

194 1593 294 1649 autem
315 1586 435 1646 nomina
456 1590 534 1651 sunt,
558 1583 664 1645 tertiae
686 1582 893 1645 declinationis
914 1585 996 1654 smnt,
1021 1593 1053 1646 ut
1068 1584 1192 1646 comedo
1207 1584 1380 1655 comedinis,
1405 1584 1495 1666 palpo

194 1686 334 1768 palpinis,
357 1685 445 1747 turbo
467 1684 610 1756 turbinis,
632 1683 760 1747 lormido
783 1685 965 1756 formidinis,
989 1685 1085 1764 caligo
1107 1687 1253 1765 caliginis,
1277 1686 1387 1766 indago
1409 1687 1494 1749 inda·

194 1791 287 1870 ginis,
308 1805 442 1870 propago
464 1789 646 1869 propaginis.

220 1920 221 1923 ¹
278 1890 455 1971 conparatio
479 1890 549 1967 quid
573 1896 618 1950 est
640 1896 670 1949 et
692 1889 841 1966 quomodo
863 1887 1021 1951 delinitur?
1064 1891 1114 1951 Sic
1136 1889 1290 1952 definitur:
1318 1892 1531 1972 conparatiors

194 2001 239 2055 est
267 1992 369 2064 dictio,
398 2011 475 2072 quae
497 2009 533 2053 ex
556 1990 679 2053 alterius
706 1992 917 2071 conparatione
945 1990 1122 2054 alterutrum
1150 1993 1296 2072 praefert,
1327 1999 1359 2054 ut
1386 1992 1494 2056 doctus

194 2093 207 2176 ll
223 2094 242 2155 l.
260 2091 321 2157 86·
337 2092 349 2177 ΙΙ
371 2093 487 2156 doctior
515 2092 712 2155 doctissimus
758 2093 832 2154 ltem
855 2091 910 2154 alia
934 2093 1067 2154 delinitio
1091 2100 1136 2154 est
1157 2095 1392 2175 cooperationis:
1420 2113 1493 2158 con·

193 2198 307 2276 paratio
341 2202 387 2259 est
421 2213 531 2259 nomen
564 2196 672 2258 mentis
700 2195 888 2274 conparaotis
913 2193 1154 2273 praecellentiam
1182 2197 1214 2258 in
1242 2198 1401 2268 creaturis,
1436 2214 1494 2259 nec

195 2300 327 2369 nomina,
351 2298 403 2360 sed
426 2305 578 2358 creaturas
599 2315 653 2378 per
676 2300 797 2359 nomina
820 2314 1026 2376 conparamus.
1063 2296 1137 2359 ltem
1158 2299 1331 2378 conparatio
1347 2306 1493 2362 ulmeus
1535 2359 1539 2366 .

194 2408 276 2462 retro
303 2401 468 2481 respiciens
495 2397 695 2478 praecellente
723 2397 862 2461 secundo.
913 2398 1139 2478 Conparationis
1166 2399 1275 2479 gradus
1303 2409 1377 2482 quot
1403 2402 1529 2465 suntiso

193 2501 273 2563 ldest
294 2508 363 2564 tres.
409 2500 465 2572 Qui
487 2501 574 2562 sunti
601 2496 764 2562 'Positiuus
790 2503 1000 2581 conparatiuus
1027 2501 1240 2581 superlatiuus;
1269 2502 1431 2582 positluus,
1458 2512 1493 2567 ut

193 2604 313 2674 doctus,
351 2605 562 2684 conparatluus
597 2609 631 2663 ut
663 2602 794 2678 doctior,
833 2602 1033 2683 superlatiuus
1066 2612 1100 2666 ut
1132 2603 1329 2667 doctissimus.
1384 2604 1492 2669 Positi-

194 2725 250 2768 uus
281 2724 373 2787 qnare
407 2705 533 2767 dicitur?
582 2705 656 2778 Quia
695 2705 808 2786 primus
845 2709 967 2786 ponitur
999 2703 1031 2789 io
1064 2706 1283 2785 corporationis
1314 2705 1427 2785 gradu,
1459 2715 1493 2770 ut

193 2808 306 2871 doctus.
362 2791 590 2887 Conparatiuus
614 2824 708 2885 quare
747 2807 872 2869 dicituri
916 2807 990 2879 Quia
1029 2808 1158 2887 position
1193 2815 1372 2888 conparatus
1404 2827 1491 2890 pras·

193 2909 287 2973 iertur
315 2908 372 2980 illi,
402 2917 433 2971 ut
460 2907 587 2972 doctior.
631 2912 705 2972 Plus
730 2912 809 2971 cuim
837 2912 922 2971 uouit
949 2912 1068 2972 doctior
1095 2927 1184 2984 quom
1212 2909 1346 2974 doctus·
1379 2915 1489 2990 Super·
1503 2934 1528 2975 as

192 3016 305 3075 lutiuus
333 3029 367 3073 co
399 3013 481 3088 quod
511 3015 714 3090 conparotiuo
745 3011 970 3090 superferatur,
1002 3021 1036 3075 ut
1068 3014 1272 3084 doctissimum
1306 3012 1373 3094 plus
1410 3016 1490 3078 enirn

193 3116 247 3175 scit
275 3132 362 3194 qnam
390 3112 514 3174 doctior.
558 3112 706 3174 Positiuus
735 3115 884 3192 quomodo
913 3121 1011 3194 potest
1032 3113 1090 3176 dici
1114 3116 1193 3176 inter
1215 3115 1324 3194 gradus
1346 3134 1491 3197 conpara·

193 3217 297 3283 tionis,
326 3233 393 3276 cum
420 3216 452 3275 in
480 3231 534 3276 suo
562 3221 638 3276 statu
667 3216 794 3278 naturali
821 3220 873 3288 sit,
904 3225 933 3278 et
963 3233 1124 3293 numquam
1153 3217 1191 3278 de
1213 3215 1270 3279 allo
1292 3217 1490 3296 praeferatur,

192 3325 225 3378 ut
260 3315 375 3379 doctus.
424 3315 539 3377 ldcirco
570 3319 788 3397 conparationis
815 3321 920 3380 tertius
947 3318 1056 3397 gradus
1085 3326 1130 3378 est
1157 3320 1316 3397 positiuus,
1349 3320 1489 3400 quoniam

192 3418 328 3498 graditur
355 3438 391 3480 ex
419 3437 454 3479 eo
482 3419 511 3478 in
542 3419 780 3497 conplanatiuum;
810 3429 877 3479 nam
905 3426 935 3478 ct
963 3422 994 3478 in
1022 3417 1099 3482 scala
1127 3419 1239 3498 gradus
1267 3419 1378 3482 dicitur
1400 3422 1528 3484 etiamne

192 3523 326 3590 intimus,
362 3538 397 3581 er
431 3536 490 3596 quo
523 3519 692 3581 ascenditur
724 3537 814 3599 super
846 3517 919 3579 allos
952 3519 1070 3597 gradus.
1122 3521 1299 3600 conparatio
1327 3540 1401 3602 ergo
1429 3541 1491 3589 non

192 3622 329 3685 omnibus
356 3619 526 3683 nominibus
553 3619 681 3692 accedit,
711 3619 763 3682 scd
791 3621 907 3700 paucis,
939 3618 996 3682 lroc
1025 3629 1068 3683 est
1096 3623 1244 3704 qualitatis
1266 3632 1295 3686 et
1316 3625 1492 3705 quantitatis

192 3724 377 3793 nominihus,
406 3723 482 3783 sicut
503 3721 671 3785 llonatus
697 3722 778 3785 dicit.
823 3723 905 3795 Quae
927 3727 1054 3786 nomina
1069 3727 1284 3806 conparantur?
1311 3725 1490 3808 appellatiua

192 3828 344 3888 dumtaxat
363 3823 533 3905 qualitatem
554 3835 604 3888 aut
619 3828 811 3903 quantitatem
833 3827 1042 3904 significantia,
1064 3828 1234 3907 qualitatem
1256 3837 1288 3888 ut
1309 3828 1406 3892 bonus
1427 3848 1489 3891 ura·

192 3927 237 3990 lus
258 3946 371 4009 pauper
393 3925 493 3997 diues,
517 3931 710 4007 quantitatem
735 3936 766 3990 nt
788 3926 893 4007 longus
922 3927 1023 3990 breuis
1045 3947 1169 4008 magnus
1192 3929 1338 3992 modicus.
1383 3931 1527 3993 suen-s

192 4031 261 4092 dum
284 4038 329 4092 cst
350 4039 465 4100 tamem
495 4030 573 4108 quod
596 4050 655 4093 non
678 4032 775 4092 omnia
797 4048 851 4110 per
874 4049 978 4093 omnes
1000 4031 1054 4093 lios
1076 4031 1186 4108 gradus
1207 4033 1377 4095 flectuntur.
1415 4033 1489 4096 lnde

261 4236 364 4284 lamas
382 4234 452 4284 illum
521 4235 627 4284 duisus
646 4243 690 4283 out
707 4234 810 4296 quaudo
829 4248 921 4284 nomen
941 4244 1030 4297 qnortc
1102 4231 1208 4284 ddelet'r
1277 4238 1364 4286 dirce
1417 4236 1488 4286 lectis

191 4301 306 4353 realta
357 4303 428 4352 uerbi
447 4302 540 4352 similia
625 4301 740 4353 8calido
809 4304 924 4368 9prlme
1011 4304 1042 4351 12
1061 4303 1133 4351 tertia
1209 4305 1241 4352 14
1259 4302 1423 4369 propogiuisl
1441 4304 1487 4355 Se·

190 4378 281 4420 caniac
297 4371 403 4437 iusuper
419 4371 497 4420 daec:
516 4381 540 4420 et
558 4369 620 4418 herc
638 4371 741 4420 uomina
760 4371 857 4420 adiectu
875 4381 943 4434 suut,
963 4387 1028 4437 quoe
1046 4372 1240 4432 adtractatum,
1260 4373 1304 4437 pai
1320 4380 1360 4422 eat
1377 4374 1409 4422 de
1427 4389 1489 4424 corr·

190 4439 336 4504 paratione,
355 4440 508 4504 pertinuisse
525 4441 583 4490 olim
600 4439 727 4493 uidentur.
813 4440 844 4489 16
863 4454 913 4501 que
999 4441 1029 4490 17
1051 4438 1160 4488 dilinitio
1249 4442 1279 4491 18
1302 4455 1348 4489 nec
1371 4441 1488 4491 nominas

190 4518 305 4556 (creature
374 4508 405 4557 te
423 4508 633 4572 conparationem
650 4522 710 4557 sens
770 4509 804 4558 20
821 4506 979 4573 praeceleute
1029 4507 1100 4569 quod
1168 4510 1200 4557 22
1219 4509 1362 4573 possitiuus
1381 4520 1489 4572 quartus

190 4575 283 4624 dicitnr
366 4576 400 4624 24
422 4575 483 4637 qnia
505 4576 617 4641 positluo
638 4585 792 4641 conparatur
814 4575 942 4641 profertur
963 4575 998 4624 illi
1021 4586 1048 4624 ut
1066 4575 1165 4624 doctior
1183 4575 1241 4641 plus
1259 4578 1325 4625 euim
1344 4577 1393 4626 scit
1410 4592 1489 4640 quam

190 4644 282 4693 doctus
300 4653 325 4692 et
341 4642 448 4696 doctior.
483 4643 608 4709 Suppleui
623 4660 659 4694 ear
676 4643 777 4694 Isidori
792 4644 988 4709 orig.16,32
1074 4646 1106 4693 27
1125 4643 1176 4712 dict
1195 4643 1244 4692 dici
1325 4647 1359 4696 28
1376 4645 1490 4710 praeiert

191 4763 224 4813 33
241 4759 368 4824 Donatus]
384 4777 412 4826 p.
432 4763 492 4820 au,
511 4764 544 4813 18
629 4763 661 4812 36
679 4760 782 4826 longius
855 4763 957 4814 lidron
976 4759 1072 4828 omnin]
1095 4763 1198 4832 pomino
1217 4763 1321 4813 nomina
1389 4712 1490 4832 3223„
