3420 5378
409 313 602 366 Avcrouns
621 312 791 367 amonium
810 314 859 364 DE
879 313 1050 367 LITTERIS
1068 316 1101 365 A.
1179 345 1180 348 =
1340 312 1404 378 303

107 502 289 582 depingitur,
312 521 409 582 quarn,
433 511 467 563 ut
489 500 557 562 alii
579 508 700 581 putant,
724 501 798 563 duas
821 520 887 564 esse
908 501 1023 563 litteras
1045 521 1061 563 c
1084 509 1113 564 et
1135 504 1160 573 i,
1184 502 1406 582 conglutinatae

106 611 205 666 autent
235 611 265 665 et
291 603 464 665 coniunctae
493 601 581 664 simul
609 601 684 665 alius
705 622 810 666 sonum
834 611 932 665 mutae
960 606 1058 666 iacere
1087 605 1211 681 scimus,
1241 624 1318 686 quae
1346 606 1405 666 duo

106 713 283 767 testamenta
306 706 462 784 significat.

191 807 215 868 E
238 805 351 868 uocalis
372 813 433 876 est,
457 807 541 868 cuius
562 806 656 885 ligura
680 816 780 887 typum
804 808 944 870 trinitatis
966 808 1104 870 ostendit.
1150 804 1327 870 Breuiantur
1348 807 1405 888 syl·

83 907 212 985 slabae,
235 926 311 987 quae
332 910 475 988 liniuntur
497 908 528 969 in
552 926 584 982 e,
608 917 640 968 ιιι
661 927 750 989 saepe
773 917 803 970 ct
824 909 912 971 hodie
927 917 958 971 et
972 910 1177 988 producuntur
1199 911 1229 971 in
1252 909 1308 972 alia
1332 909 1404 972 hora

107 1009 265 1081 aduerbia,
296 1028 372 1091 quae
394 1011 537 1072 uniuntur
559 1011 590 1070 in
613 1029 645 1079 e,
676 1019 708 1071 ut
729 1010 816 1072 docte
843 1009 983 1091 pulchre,
1013 1012 1098 1074 cuius
1120 1058 1268 1074 .....
1290 1010 1406 1074 duobus

109 1109 122 1192 Η
142 1109 291 1191 l.106''ll
316 1110 451 1192 capitulis
474 1112 617 1190 figuratur
640 1120 670 1173 et
691 1130 749 1173 una
773 1112 888 1192 uirgula
911 1115 989 1173 inter
1011 1113 1084 1174 duas
1106 1112 1180 1175 illas.

192 1213 214 1275 F
237 1212 424 1275 semiuocalis
446 1220 492 1274 est
513 1221 543 1274 et
564 1230 745 1284 consonans,
775 1217 861 1275 cuius
888 1214 981 1293 figura
1010 1214 1088 1276 binis
1116 1214 1241 1294 uirgulis
1270 1213 1405 1295 depingi·

107 1324 166 1384 tur,
198 1325 228 1375 et
254 1333 312 1376 una
341 1323 421 1376 recta
449 1314 606 1376 deducitur
629 1314 786 1377 demedio
815 1317 892 1386 eius,
923 1315 1030 1377 deinde
1058 1317 1167 1378 dicitur
1195 1315 1315 1395 triplex:
1344 1323 1406 1378 tres

70 1415 190 1495 releges
213 1418 328 1496 figurat.

191 1517 216 1578 G
239 1526 320 1581 muta
343 1526 387 1578 cst
409 1526 440 1579 et
461 1500 641 1588 consonans,
665 1537 741 1597 quae
764 1518 840 1581 lianc
864 1518 960 1597 legent
982 1518 1088 1588 halet,
1113 1527 1144 1580 ut
1166 1538 1255 1599 saepe
1276 1538 1405 1600 praeno·

108 1638 176 1680 rnen
199 1618 350 1700 subposita
374 1621 536 1698 significet,
560 1628 592 1679 ut
614 1620 639 1681 G
663 1619 754 1681 Gaius
770 1620 888 1682 Cacsar.
926 1619 1008 1691 Quae
1024 1618 1138 1681 duabus
1152 1621 1280 1701 uirgulis
1295 1622 1405 1700 scripta

107 1721 166 1782 duo
194 1728 371 1782 testamenta
400 1723 561 1800 significat,
595 1738 672 1799 quae
701 1722 813 1784 adiecta
842 1720 939 1783 uocali
973 1730 1099 1801 utraque
1132 1730 1217 1802 parte
1247 1714 1405 1785 numerum

108 1821 253 1904 complet,
278 1830 310 1884 ut
332 1841 367 1902 ga
390 1823 468 1884 idest
490 1840 506 1882 c
529 1832 559 1884 et
580 1824 764 1902 praeposita,
790 1831 823 1884 ut
845 1841 882 1902 ag
904 1822 982 1884 idest
1005 1833 1154 1885 sexcenta.

72 1936 97 1978 ιι
195 1924 221 1985 ll
244 1931 322 1984 muta
346 1934 376 1984 et
398 1942 564 1985 consonans
586 1924 735 1986 interdum
759 1933 827 1985 nota
850 1923 1059 2004 adspirationis
1081 1925 1226 1987 creditur:
1256 1926 1323 1988 ideo
1346 1945 1404 1988 non

108 2025 305 2088 adnumerant
327 2043 392 2086 eam
415 2024 463 2086 alii
487 2044 553 2086 cum
577 2025 702 2095 litteris,
727 2043 762 2086 eo
785 2025 862 2105 quod
886 2025 994 2088 dicitur
1018 2031 1123 2087 ‘nota'
1149 2037 1181 2088 ut
1202 2027 1306 2099 homo,
1330 2047 1404 2108 quo·

108 2127 196 2189 modo
219 2127 327 2189 dicitur
349 2126 460 2196 littora,
491 2136 525 2188 ut
546 2127 576 2187 lri
600 2127 686 2195 mihi,
715 2146 791 2207 quac
813 2127 929 2188 duabus
953 2127 1078 2207 uirgulis
1099 2129 1298 2206 significatur,
1329 2146 1404 2206 quae

107 2228 166 2289 duo
189 2235 361 2290 testamenta
385 2231 565 2306 signiticant,
589 2236 675 2290 uetus
698 2237 728 2289 ct
749 2246 873 2298 nouum,
897 2237 926 2288 et
947 2248 1006 2290 una
1029 2238 1110 2291 recta
1134 2231 1212 2290 inter
1235 2229 1308 2291 duas
1330 2228 1404 2300 illas,

107 2348 183 2409 quae
206 2338 308 2410 typum
331 2332 498 2408 significant
518 2332 597 2390 inter
619 2329 693 2391 duas
714 2329 805 2408 leges.
960 2311 966 2323 ⁴

71 2448 97 2486 eo
195 2431 341 2493 loooalis
364 2441 417 2492 est.
462 2430 576 2503 Quibus
599 2432 694 2492 modis
714 2432 827 2492 utitur?
870 2431 1005 2495 lutitur
1033 2451 1069 2494 ex
1092 2444 1160 2495 octo
1183 2432 1316 2514 partibus
1338 2452 1403 2495 ora·

106 2533 209 2594 donis:
233 2534 306 2594 ltaec
329 2542 398 2594 sunt
419 2534 538 2594 nomina
562 2552 679 2602 earnm,
704 2540 737 2594 ιιι
758 2551 867 2594 nomen
890 2553 1056 2614 pronomen
1079 2535 1204 2597 uerbum
1228 2534 1403 2596 aduerltium

106 2636 294 2714 participium
325 2636 494 2696 coniunctio
523 2635 702 2715 praepositio
725 2635 901 2695 interiectio.
947 2634 1070 2706 Quando
1100 2639 1194 2697 utitur
1215 2645 1283 2697 octo
1306 2644 1406 2715 partes

108 2737 268 2797 orationis?
287 2736 303 2818 l
324 2734 423 2798 littera
440 2754 563 2804 nomen,
588 2739 677 2810 †tem
700 2753 880 2815 pronomen,
906 2735 977 2796 itera
1002 2736 1144 2807 uerbum,
1168 2747 1214 2799 ter
1229 2735 1404 2798 aduerlrium

109 2837 185 2900 laeta
207 2840 412 2918 participium,
434 2836 501 2918 †ex
524 2838 704 2907 coniunctio,
724 2856 740 2897 a
757 2837 954 2916 praepositio,
978 2846 1051 2898 attat
1072 2839 1248 2900 interiectio.
1293 2838 1406 2918 Corpus

68 2940 170 3000 sacius
192 2941 222 3000 in
245 2939 301 3000 alia
324 2940 397 3001 hora
420 2956 523 3000 omnes
550 2945 649 3017 partes
677 2939 820 2999 orationis
847 2937 990 3018 complet,
1019 2947 1052 3000 ut
1074 2941 1083 2999 i
1107 2959 1230 3009 nomeu,
1263 2940 1270 2999 i
1294 2959 1405 3019 prono·

107 3059 191 3110 men,
216 3040 334 3121 quando
357 3040 466 3102 dicitur
487 3041 497 3099 i
521 3058 575 3118 pro
597 3057 672 3107 uno;
696 3041 873 3118 imperatiuo
897 3040 1023 3101 uerbum
1048 3052 1106 3102 est:
1129 3041 1257 3102 aucrbo
1280 3041 1406 3103 neutrali

110 3144 205 3212 uenit,
235 3150 267 3203 ut
289 3151 334 3204 est
356 3161 392 3202 eo
414 3145 449 3202 is.
495 3141 586 3208 runo
609 3140 749 3229 aduerbia
766 3138 777 3221 ΙΙ
793 3141 814 3201 l.
834 3138 910 3202 167·
927 3139 938 3224 ΙΙ
955 3141 1074 3212 dicitur,
1099 3151 1131 3202 ut
1153 3143 1255 3204 semel.
1300 3143 1312 3204 l
1336 3161 1403 3223 par-

109 3244 241 3323 ticipium
271 3253 329 3313 est,
359 3245 427 3322 quia
458 3242 588 3322 complet
615 3251 729 3321 partem
757 3244 948 3322 participium
976 3245 1105 3305 nominis
1134 3254 1163 3305 ct
1186 3247 1216 3304 in
1245 3242 1301 3304 alia
1331 3243 1403 3304 lrora

108 3353 223 3426 partem
247 3346 348 3413 uerbi,
374 3355 406 3407 ut
428 3346 437 3404 i
461 3344 577 3425 quando
601 3345 708 3405 dicitnr
722 3342 745 3423 †
761 3343 858 3405 allani
882 3345 1072 3421 coniungitur
1088 3345 1213 3406 duarum
1237 3342 1404 3405 litterarum

69 3446 289 3527 aosyllabarum
313 3448 342 3508 iu
367 3465 434 3506 una.
479 3445 491 3506 l
513 3447 692 3526 praepositio
715 3444 834 3523 quando
856 3444 965 3506 dicitur
981 3448 1057 3516 ‘iu’,
1082 3445 1161 3525 quod
1184 3454 1253 3509 ante
1276 3464 1294 3505 n
1318 3463 1405 3525 prae-

107 3551 240 3630 ponitur.
285 3548 470 3618 lntericctio,
500 3555 534 3608 ut
555 3545 673 3629 †iuuax
695 3549 704 3606 i
727 3549 793 3608 sinu
823 3549 833 3607 i
861 3547 941 3608 dial
970 3547 1057 3626 longa
1087 3549 1166 3609 idest
1192 3546 1204 3607 l
1233 3554 1263 3607 et
1289 3547 1320 3607 in
1349 3545 1404 3606 nlia

108 3649 181 3712 ltora
204 3668 389 3719 consonans,
418 3657 451 3710 ut
472 3651 567 3716 iuxta;
590 3651 600 3708 i
623 3648 746 3729 duplex,
771 3657 803 3710 ut
824 3650 880 3708 aio.
926 3650 1021 3729 Saepe
1043 3657 1141 3711 autem
1164 3648 1275 3709 dicitur
1296 3648 1405 3718 media,

108 3760 140 3813 ut
161 3753 217 3813 uir.
262 3751 343 3823 Quae
372 3750 513 3811 scribitur
542 3750 624 3827 uirga
653 3759 734 3810 recta
765 3750 893 3829 desuper
922 3759 951 3812 et
978 3750 1035 3812 alia
1063 3750 1219 3811 deducitur
1248 3766 1338 3829 super
1360 3766 1404 3818 cn,

108 3869 184 3930 quac
206 3862 307 3934 typum
330 3854 418 3913 unius
446 3851 499 3912 uei
528 3853 670 3922 ostendit,
701 3853 769 3929 quia
797 3858 898 3912 rectus
928 3862 972 3912 est
999 3853 1081 3912 deus.
1127 3852 1167 3912 lla
1196 3850 1267 3910 mihi
1296 3868 1404 3911 nomen

70 3954 173 4015 sacius
194 3956 225 4014 in
249 3952 404 4015 Hebraico.
449 3952 523 4014 lotlt.
569 3953 601 4013 ln
625 3953 750 4014 Graeco.
780 3954 853 4014 lota.
884 3952 1048 4014 lnLalino.
1079 3953 1100 4012 l.
1125 3952 1136 4012 l
1159 3953 1243 4010 cuius
1265 3953 1403 4029 generisi

108 4056 212 4116 Trium
241 4073 401 4133 generum,
432 4064 465 4116 ut
492 4053 542 4115 liic
571 4063 601 4115 et
628 4053 702 4115 llaec
731 4063 760 4115 et
788 4053 845 4115 lroc
873 4055 892 4113 i.
938 4054 983 4114 Fit
1010 4055 1096 4132 ipro
1125 4050 1205 4112 mille
1235 4052 1291 4112 sub
1318 4055 1403 4132 uirga

13 4212 16 4217 .
108 4157 217 4236 posita,
241 4164 287 4217 ut:
312 4158 464 4234 ‘quoniam
488 4155 567 4217 mille
590 4158 659 4217 anni
681 4165 750 4217 ante
772 4154 873 4216 oculos
895 4159 985 4217 tuos',
1045 4164 1048 4169 ’

177 4377 386 4442 lconglutinote
455 4377 622 4427 iconiuucte
674 4387 742 4425 mine
810 4373 942 4439 tigerne
989 4373 1241 4424 breuiuutorsillabe
1309 4376 1407 4427 cPoet

109 4445 206 4494 ‘cuius’
224 4444 308 4495 formo
326 4448 368 4494 uel
385 4443 468 4507 figure
486 4446 615 4494 excidisse
633 4446 742 4494 uidetur.
797 4445 828 4491 10
846 4442 970 4506 liguratur
1022 4444 1052 4491 ll
1072 4457 1134 4507 sepe
1179 4456 1320 4506 pronomen
1374 4445 1406 4493 12

109 4511 238 4577 siguificat
258 4525 285 4562 ut
302 4528 320 4577 g
338 4513 412 4577 gaius
431 4527 503 4559 cesar
573 4513 604 4560 14
623 4522 650 4560 ut
667 4526 700 4576 go
713 4511 738 4559 id
751 4526 765 4558 o
777 4521 802 4559 ct
819 4510 950 4574 proposita
968 4519 996 4559 ut
1008 4525 1041 4574 ng
1053 4510 1079 4558 id
1097 4521 1218 4559 sescento
1286 4512 1317 4559 l'l
1330 4526 1406 4573 quem

108 4580 208 4630 duobus
280 4582 311 4630 18
329 4581 355 4629 in
373 4580 438 4628 duas
457 4578 513 4627 illas
582 4581 615 4628 22
634 4578 775 4644 propositio
845 4578 927 4626 24ex
946 4578 1314 4642 coniunctioueaprepositio
1372 4580 1406 4630 25

108 4647 228 4713 complex
297 4649 331 4698 28
348 4648 392 4709 qui
411 4646 522 4711 corrpiet
589 4650 622 4697 29
641 4647 778 4696 litterarum
797 4642 820 4706 in
841 4659 891 4709 pua
910 4644 1055 4694 sillabarum
1069 4646 1093 4693 iu
1108 4659 1158 4693 uno
1209 4648 1243 4696 30
1260 4660 1311 4707 qua
1328 4657 1405 4714 auten

109 4728 141 4766 eu
209 4711 356 4781 3lisimi]
376 4713 607 4779 Anzisimplexi
660 4714 856 4786 {longoidt
940 4713 1088 4764 32utiuto
1157 4713 1190 4765 35
1207 4713 1234 4763 in
1252 4729 1328 4779 greco
1379 4714 1405 4764 in

108 4783 187 4836 letina
237 4784 263 4834 iu
281 4783 354 4835 cuiue
372 4797 465 4849 genere
