3420 5378
872 1076 1016 1156 VII.

414 1252 488 1334 DE
511 1253 753 1336 IVLIANO
776 1255 1075 1339 TOLETANO
1098 1256 1482 1340 GRAMMATICO

300 1388 420 1471 CVM
450 1388 756 1473 EXOERPTIS
787 1392 862 1474 EX
897 1393 1023 1476 EIVS
1056 1393 1238 1475 QPERE
1268 1393 1593 1477 DEPERDITO

819 1528 1079 1612 INEDITIS.

384 1870 432 1929 Ea
461 1872 576 1932 codicis
604 1871 766 1931 Bernensis
800 1878 858 1930 207
890 1889 957 1949 ars,
991 1890 1069 1948 quae
1092 1873 1152 1946 sol.
1186 1869 1236 1931 ttb
1259 1874 1365 1949 incipit
1393 1869 1595 1951 (lNClPlVN'l

302 1970 448 2032 PARTES
470 1970 635 2033 Maloitas
660 1971 807 2033 nouam.
852 1973 954 2035 Partes
982 1974 1122 2034 orationis
1150 1981 1222 2054 quot
1250 1975 1335 2033 sunt?
1361 1972 1412 2036 >C
1434 1973 1518 2035 Octo.
1562 1972 1595 2036 Δ

300 2072 400 2144 Quael
436 2070 615 2134 >tuamen
632 2092 795 2155 pronomen
812 2083 867 2135 eto.
904 2075 1101 2147 AQuonrodo
1116 2083 1216 2156 partes
1231 2076 1389 2135 orationis?
1425 2074 1596 2138 XPartes

301 2153 495 2275 elocutionis.
539 2192 571 2254 Δ
587 2192 740 2264 Quomodo
762 2196 855 2256 oratio
878 2194 984 2255 dicitur
1006 2195 1143 2274 elocutio.
1187 2193 1238 2257 >C
1260 2192 1339 2255 ldesl
1354 2195 1413 2254 oris
1433 2195 1508 2255 ratio
1524 2195 1596 2274 arria

302 2295 441 2374 quicquid
458 2296 607 2373 loquimur
623 2314 676 2375 per
692 2295 745 2357 bas
761 2303 827 2357 octo
842 2304 941 2376 partes
956 2298 1096 2359 orationis
1111 2296 1267 2375 loquimur,
1283 2304 1312 2357 et
1327 2298 1358 2357 in
1373 2315 1471 2373 mara.
1486 2300 1595 2359 eadem

298 2414 406 2458 manu:
430 2392 443 2478 ll
467 2405 518 2459 aut
534 2416 640 2458 nomeu
663 2405 713 2458 aut
736 2416 900 2477 pronomen
922 2407 971 2459 aut
986 2397 1148 2476 quamlibet
1164 2398 1200 2458 de
1216 2400 1280 2459 istis
1297 2398 1359 2459 Vlll
1375 2397 1509 2478 partibus
1523 2397 1594 2477 ete.)

297 2516 441 2561 summam
456 2502 675 2561 simititraiinem
689 2505 849 2562 contraxit
861 2519 929 2562 eum
944 2509 1012 2561 arte
1022 2503 1147 2581 Iuliani,
1163 2504 1248 2562 euius
1262 2507 1409 2577 excerpta
1421 2502 1460 2561 H.
1472 2499 1595 2564 Keilius

298 2604 358 2662 itai.
375 2603 407 2674 V,
417 2619 451 2678 p.
468 2610 524 2662 317
538 2620 599 2677 seq.
623 2620 663 2663 ex
677 2603 806 2663 editione
814 2604 962 2678 Romana,
984 2620 1060 2677 quae
1080 2620 1143 2663 una
1162 2611 1248 2664 extat
1263 2620 1343 2663 anno
1359 2602 1599 2664 MDUCXCVII

293 2722 353 2780 per
368 2706 569 2766 Franciseum
591 2706 780 2765 cardinalem
803 2707 841 2765 de
855 2706 1038 2765 lorenzana
1060 2713 1170 2766 curata
1191 2713 1220 2766 et
1235 2707 1368 2767 auctarii
1381 2707 1449 2765 loeo
1464 2705 1594 2765 I'atrum

303 2804 513 2867 Toletaaorum
536 2805 684 2868 uolumini
703 2809 741 2868 II
759 2809 891 2882 adiecta,
913 2809 1064 2884 repetiuit.
1116 2809 1201 2867 Vnde
1219 2810 1264 2880 fit,
1289 2817 1322 2867 ut
1343 2809 1496 2882 corruptis
1518 2821 1592 2867 aan-

298 2906 391 2968 nullis
412 2909 529 2969 Iuliani
548 2911 623 2971 loeis
644 2912 760 2970 medela
781 2908 949 2970 certissima
971 2910 1114 2970 adhiberi
1126 2911 1233 2985 possit.
1279 2910 1319 2968 Itl
1338 2910 1438 2969 instar
1460 2910 1591 2969 omnium

298 3011 337 3068 eie
357 3011 423 3070 loeo
441 3027 474 3086 p.
500 3018 566 3085 323,
592 3018 626 3071 tt
647 3014 833 3089 praedicari
847 3019 959 3089 potest,
990 3015 1043 3087 qui
1063 3014 1148 3088 apati
1169 3012 1300 3072 Keilium
1322 3013 1436 3071 lacuna
1457 3009 1592 3082 insectus

298 3118 351 3170 est.
398 3110 476 3170 Num
498 3113 573 3174 baec
595 3114 687 3175 babes
708 3116 738 3174 in
760 3116 864 3176 codiee
886 3113 1053 3175 Beruensi:

383 3213 473 3274 Cuius
495 3213 646 3276 diuisionis
669 3218 730 3275 ost?
774 3217 900 3297 Aequao.
945 3214 1116 3287 Quomodo?
1152 3216 1235 3276 arsis
1257 3213 1345 3274 habet
1367 3215 1425 3273 duo
1448 3219 1592 3293 tempora,

299 3313 392 3375 thesis
425 3314 491 3376 duo.
552 3317 632 3377 Vnde
667 3318 755 3379 babet
794 3316 999 3398 etymologiam
1040 3315 1184 3395 (ethim-l?
1239 3314 1443 3394 Anaplaleslus
1483 3312 1591 3383 dictus,

300 3417 367 3495 quia
390 3415 467 3477 ludis
489 3425 519 3478 el
539 3419 748 3479 remissoribus
764 3440 816 3500 pes
838 3421 901 3500 ipse
917 3419 1030 3480 dicatus
1046 3425 1098 3479 est.
1137 3416 1192 3488 Qui
1208 3436 1260 3498 pes
1277 3424 1320 3477 est
1336 3417 1384 3476 isti
1404 3417 1593 3476 contrarius?

299 3517 446 3597 baetylos.
492 3519 533 3578 Ex
557 3519 664 3596 quibus
686 3520 805 3601 syllabis
828 3521 959 3583 constal?
1004 3520 1046 3581 Ex
1069 3518 1154 3596 longa
1171 3526 1200 3579 et
1215 3518 1328 3579 duabus
1344 3517 1520 3579 breuibus-
1538 3550 1556 3569 ν
1573 3549 1593 3568 ν

299 3628 330 3680 ul
352 3620 485 3681 candida.
531 3619 609 3691 Quot
639 3631 771 3703 tempora
801 3622 908 3683 habet?
940 3623 1002 3684 llll.
1052 3622 1141 3684 Cuius
1170 3622 1327 3682 diuisionis
1355 3620 1418 3679 est?
1459 3625 1591 3697 aequae.

300 3721 472 3793 Quomodo?
509 3721 601 3782 Tanta
636 3732 768 3805 tempora
803 3724 893 3785 babet
925 3726 997 3786 arsis
1031 3722 1118 3803 (lia-l,
1154 3732 1262 3801 quanta
1298 3730 1326 3781 el
1359 3721 1457 3781 tbesis.
1509 3720 1592 3782 Vnde

299 3822 387 3885 habet
410 3821 633 3902 etymologiam?
678 3825 814 3906 [laulylus
837 3826 931 3887 dictus
954 3834 997 3886 est
1020 3835 1108 3905 apotu
1131 3826 1200 3886 dion
1224 3823 1351 3885 dactilon
1375 3832 1431 3883 oto.

383 3926 468 3986 Haec
489 3945 563 3988 aero
584 3931 744 3990 similitudo
766 3932 810 3989 ita
831 3936 1002 4006 conparata
1023 3936 1078 4002 est,
1103 3935 1135 3988 ut
1157 3930 1206 3987 uel
1225 3931 1255 3988 in
1278 3929 1350 4002 r'Jrsis
1365 3926 1522 3985 uocabulis
1543 3929 1593 3986 atel

298 4030 330 4087 in
352 4027 504 4089 sententiis
524 4029 652 4107 sinauiis
680 4034 830 4092 intertium
857 4034 1098 4106 interrumpatur
1140 4038 1230 4104 eatque
1271 4032 1314 4088 ita
1341 4030 1593 4103 interrumpatur,

300 4137 331 4189 nt
352 4133 442 4204 arensi
462 4133 539 4192 tiuas
566 4141 648 4194 artes
675 4135 813 4194 manibus
841 4141 941 4192 tenere
968 4135 1137 4194 induamur.
1185 4131 1267 4201 (tertre
1294 4132 1374 4189 ratio
1401 4147 1458 4204 atto
1485 4132 1592 4189 melius

298 4235 500 4308 iutelleqatun
535 4237 628 4296 Keilii
653 4244 800 4311 excerpta
826 4254 894 4297 erem
921 4236 1024 4296 codiee
1051 4234 1201 4293 Berrunsi
1225 4232 1431 4309 reinserantur,
1464 4233 1589 4305 amissis,

298 4351 375 4410 quae
397 4352 479 4395 ruera
499 4337 694 4397 librariorum
717 4335 793 4398 uitia
815 4356 877 4398 esse
897 4338 1121 4398 iudicabuntur.

383 4440 420 4498 F.
439 4446 503 4512 317,
522 4446 676 4517 3-31s,
694 4450 712 4498 5
734 4442 837 4500 eadem
856 4440 927 4513 fere
950 4436 1107 4512 utrobique
1128 4440 1296 4497 habentur:

384 4560 411 4618 p.
436 4538 507 4609 317,
531 4540 552 4601 5
575 4552 660 4621 putes
682 4544 706 4602 si
729 4542 879 4602 adsumam
945 4539 1118 4602 tidinidam
1147 4538 1227 4599 illum
1259 4558 1311 4617 per
1340 4534 1458 4596 sillabas
1487 4534 1591 4597 sillaba

299 4659 375 4718 arnae
397 4644 574 4703 remanserit
596 4642 724 4704 diuidam
748 4642 826 4703 illam
851 4661 903 4722 uer
926 4641 1048 4717 litteras,
1073 4641 1175 4703 ultima
1198 4640 1294 4700 littera
1312 4657 1386 4714 eruar
1402 4640 1590 4709 remanserit,

298 4748 460 4819 praeclare
524 4741 544 4803 8
567 4743 718 4805 incboauit
739 4764 756 4804 a
779 4746 897 4805 nomine
921 4753 950 4804 et
973 4761 1031 4802 uon
1055 4763 1071 4804 a
1093 4742 1200 4802 littera.
1225 4744 1342 4803 Deirrde
1364 4744 1393 4800 ia
1409 4742 1477 4801 aad.
1495 4742 1590 4803 Bern.
