3420 5378
203 200 288 246 xliv
614 184 665 234 Di:
683 183 805 234 LIBRIS
824 180 1083 232 BEBNENb'lBVb'.

198 375 304 449 prima
326 380 356 432 ei
377 375 409 433 in
433 373 539 432 niiima
556 375 677 448 papirio
698 375 819 447 leoitnr.
852 373 951 431 Huius
972 371 1046 430 libri
1066 370 1148 444 ouon
1167 369 1271 443 Serpit·
1289 375 1523 432 commentario

203 476 241 533 de
262 476 364 534 litiera
385 483 441 535 cic.
464 476 627 535 subiectum
649 481 693 534 est
715 476 753 533 de
775 475 886 533 ultimis
913 473 1133 532 coniunctionis
1150 472 1390 547 praepositionis
1413 474 1521 532 inter-

203 579 337 637 iectionis
357 577 482 653 syllabis
503 584 610 652 caput,
634 575 722 648 infra
740 574 847 651 praes.
866 576 968 649 pariis
990 574 1101 633 tertiae
1121 590 1191 649 cap.
1222 573 1268 633 Vl
1286 573 1449 633 edidimus.

659 1052 700 1141 4)
729 1051 818 1124 coo.
845 1051 960 1122 sem.
988 1050 1045 1121 ιο.

287 1221 325 1279 In
347 1222 481 1280 marimo
502 1222 554 1279 illo
574 1222 725 1295 plassario
747 1220 898 1279 Berncnsi
920 1225 955 1278 16
976 1235 1056 1279 sace.
1081 1219 1131 1278 IX
1151 1221 1279 1294 scripto,
1310 1221 1361 1278 cui
1386 1220 1512 1280 similli-

201 1339 279 1381 mum
301 1328 344 1382 est
367 1323 459 1394 illud,
483 1338 524 1381 en
546 1339 605 1396 quo
619 1323 657 1381 Α.
676 1322 777 1381 Maius
791 1323 860 1382 olim
882 1323 1030 1381 nonnulla
1051 1324 1128 1381 scitu
1150 1323 1327 1395 dipnissimo
1349 1326 1513 1396 excerpsit

202 1426 290 1484 Auot.
315 1424 453 1483 Votieno.
477 1425 537 1482 icol.
560 1425 606 1483 VI
620 1441 655 1499 p.
673 1430 836 1482 575—600
858 1417 916 1504 (as.
932 1424 1162 1484 Wilmanuslum
1183 1440 1257 1483 mus.
1274 1423 1370 1483 lllieu.
1388 1422 1420 1480 ll
1424 1422 1475 1482 XI
1482 1426 1514 1484 V

198 1543 234 1600 p.
259 1532 317 1584 363
338 1544 374 1598 s.,
403 1526 566 1585 Vsencrum
589 1525 658 1586 iltid.
681 1543 713 1601 p.
738 1531 796 1584 382
817 1543 852 1599 s.,
875 1526 913 1585 H.
938 1527 1114 1586 Keitucrum
1131 1541 1240 1600 propr.
1265 1523 1397 1584 llossleb.
1428 1530 1511 1584 1338

196 1644 232 1700 p.
260 1633 296 1683 25
317 1622 410 1706 sca),
434 1627 575 1701 pluribus
602 1629 677 1688 locis
699 1628 737 1687 de
756 1630 959 1702 prammatiea
987 1642 1102 1702 orsaque
1129 1627 1314 1699 auderico,
1344 1633 1377 1685 ui
1399 1642 1510 1688 omnes

201 1727 256 1787 isos
283 1729 367 1788 locos
393 1730 570 1788 accuratius
598 1736 797 1805 pertractare
824 1745 936 1804 operae
964 1731 1096 1804 pretium
1125 1728 1275 1787 uideatur.
1327 1726 1405 1786 Nam
1432 1745 1509 1788 aum

201 1830 275 1889 locis
294 1830 366 1902 sere
382 1832 525 1905 piurimis
546 1847 630 1890 mera
650 1830 766 1891 Isidori
786 1832 881 1890 icaria
901 1836 1123 1905 proponantur,
1147 1846 1206 1888 non
1226 1846 1328 1904 pauca
1342 1830 1505 1891 inueniun-

202 1939 255 1991 tur
276 1931 467 2001 Isidorianis,
492 1941 646 1993 auoiormn
662 1933 830 1992 nominibus
849 1933 1078 2008 praetermissis,
1101 1933 1274 1998 militricis,
1297 1947 1374 2005 qliae
1389 1938 1444 1989 aut
1460 1935 1508 1993 ad

202 2034 354 2092 Donatum
377 2040 430 2092 out
452 2035 496 2092 ad
515 2032 655 2094 Seruium
677 2041 731 2094 aut
752 2037 794 2093 acl
815 2036 908 2095 alium
930 2031 1146 2108 artioraplium
1160 2031 1328 2105 reserenda
1341 2040 1419 2092 suni.
1451 2034 1506 2095 Ex

201 2136 309 2211 quibus
330 2150 368 2192 eo
390 2137 528 2210 inprimis
549 2140 830 2197 commemoratione
856 2139 954 2211 dipna
982 2136 1133 2207 uidentur,
1163 2150 1255 2208 orcae,
1286 2136 1357 2194 dum
1386 2134 1508 2195 Donati

202 2237 296 2296 uerba
319 2239 385 2312 ipso
407 2241 553 2297 accurate
573 2240 758 2313 exprimunt,
783 2240 847 2298 alio
869 2237 932 2299 illis
953 2239 1093 2297 admixta
1115 2237 1164 2295 uel
1185 2237 1297 2294 inserto
1320 2237 1368 2295 uei
1388 2252 1505 2310 supcr-

202 2339 310 2398 uddito
336 2337 455 2398 liabent.
503 2339 633 2409 (tuorum
661 2357 740 2414 quae
773 2343 817 2400 od
844 2342 1017 2415 fipurarum
1044 2339 1235 2412 poeticarum
1267 2339 1504 2412 explicationem

198 2443 368 2516 pertinent,
399 2441 443 2498 ad
469 2455 561 2500 rennm
584 2441 656 2514 scre
683 2444 783 2502 omnin
810 2446 840 2503 iu
870 2443 1005 2516 quadam
1028 2446 1097 2499 arte
1118 2441 1231 2499 codicis
1253 2439 1418 2499 Beruensis
1442 2447 1504 2499 207

203 2544 323 2618 iurccni,
347 2557 434 2616 orcam
457 2558 497 2600 ea
519 2542 637 2616 iisdem,
661 2543 827 2620 exquibus
849 2545 967 2604 Iuliani
987 2543 1129 2602 doctrina
1148 2543 1256 2617 fluxit,
1276 2540 1414 2613 fontibus
1435 2559 1501 2601 mu-

202 2661 291 2705 nasse
313 2642 403 2716 infra
421 2641 527 2719 praes.
547 2644 599 2703 lii
613 2662 683 2720 cap.
703 2653 718 2703 7
742 2648 917 2706 circuruiius
939 2646 1200 2704 demonstraturus
1221 2660 1295 2704 sum.

285 2747 324 2806 ln
347 2746 540 2822 excerpendo
561 2751 662 2806 autem
685 2764 743 2808 non
766 2765 832 2809 eum
855 2748 1005 2815 ordinem,
1033 2762 1091 2820 auo
1119 2747 1177 2805 ista
1204 2747 1233 2804 in
1256 2746 1361 2805 codice
1382 2747 1500 2822 scripta

201 2857 285 2915 sunt,
314 2851 411 2909 secuti
435 2865 552 2923 sitinus,
582 2850 636 2908 sed
662 2866 762 2910 rerum
791 2852 927 2926 ipsarum
949 2851 1071 2917 seriem,
1100 2865 1160 2924 aaa
1187 2851 1218 2907 iu
1247 2849 1499 2924 artiprapliorum

200 2951 323 3025 scriptis
350 2953 483 3009 tracturi
510 2952 621 3018 soient,
655 2950 814 3011 obseruari
844 2954 940 3011 satius
967 2951 1123 3018 duximus,
1158 2955 1205 3020 nt,
1236 2965 1434 3023 quaeeunque
1460 2951 1501 3010 de

199 3053 400 3125 prammaiica
419 3059 547 3126 praeter
569 3053 747 3111 Isidoriana
768 3055 799 3112 in
821 3055 927 3113 codice
947 3052 1098 3110 Beruensi
1116 3053 1233 3126 scripta
1255 3058 1338 3124 sunt,
1362 3052 1416 3110 sule
1439 3068 1500 3111 uno

202 3155 302 3211 omnio
330 3160 492 3228 conspectu
524 3155 642 3228 dipesla
677 3162 768 3229 aione
794 3155 956 3214 secuudum
986 3152 1123 3212 ordinem
1153 3153 1299 3229 disposito
1325 3156 1502 3226 percenseri

198 3262 328 3330 possent.

286 3356 331 3415 llo
352 3359 454 3417 metris
476 3358 571 3432 ipiiur
592 3358 668 3418 liaeo
689 3361 804 3434 scripta
826 3366 912 3418 sunit:

285 3480 304 3533 i.
323 3478 381 3535 20ὃ
397 3479 449 3534 cul.
466 3480 484 3534 ‘2
510 3479 644 3536 Alcaicum
661 3489 858 3554 ponimrmicmu
875 3487 981 3535 consini
998 3478 1210 3552 penthemimere
1226 3477 1371 3552 spomlalcu
1387 3486 1414 3536 ei
1430 3478 1496 3534 duo·

202 3563 252 3619 lms
278 3562 414 3619 troclmois
438 3573 467 3620 ui
490 3572 532 3619 osi
554 3565 621 3622 lmc:

512 3650 651 3706 Caranon
675 3649 810 3706 rolnxai
833 3649 947 3705 taedia
971 3649 1140 3723 pociaris.

285 3731 423 3788 Alonicam
439 3741 626 3791 [eirameirum
642 3743 749 3793 consini
764 3734 870 3791 duobus
885 3734 999 3808 dactylis
1011 3743 1038 3790 oi
1051 3733 1157 3789 duobus
1170 3733 1316 3805 trochaeis,
1332 3742 1363 3789 ui
1375 3744 1417 3792 cst
1429 3735 1493 3791 hoc:

509 3819 600 3877 Luna
624 3819 752 3876 rubens
775 3819 947 3893 Zelihyl'iis
970 3821 1131 3876 ulinaiur.
1509 3834 1521 3871 li

287 3902 305 3958 l.
321 3900 383 3957 42⁸
397 3901 449 3959 col.
467 3904 483 3960 1
504 3905 709 3979 asclepiadeum
732 3912 928 3977 pentametrum
953 3904 1034 3961 lmbci
1055 3902 1172 3978 primum
1195 3902 1351 3977 spondium,
1375 3905 1494 3960 seeundo

201 3986 336 4061 dauiylum
359 4004 420 4045 cum
443 3989 573 4046 coialecio
596 4007 627 4045 oc
649 3988 745 4044 deindo
767 3988 836 4044 duos
858 3989 982 4063 ‹lociylos
1004 3991 1062 4045 sinc
1085 3989 1215 4044 caialoclo
1239 3988 1291 4044 lioc
1314 3989 1451 4064 oxoiuplo:

510 4074 676 4129 inuentor
698 4073 798 4128 rutili
822 4073 883 4127 {lux
906 4073 995 4130 lione
1018 4074 1168 4129 luminis.

201 4158 268 4213 lluic
290 4166 377 4213 metro
401 4170 465 4231 posi
488 4161 608 4232 qulnque
633 4174 730 4213 uersus
753 4157 872 4213 clausula
895 4158 983 4214 ilaiur.

343 4326 428 4333 ,ψ-η-

269 4429 282 4475 l
302 4411 399 4475 ciculi
418 4426 475 4488 (liae
492 4427 593 4476 librarii
609 4425 671 4473 uilio
686 4424 753 4485 sulse
771 4427 957 4491 praescriptum
975 4425 1024 4491 cst)
1045 4419 1171 4526 ΑΙκίοὲιιῐι]
1192 4425 1225 4486 cs.
1244 4423 1330 4476 Seruii
1347 4428 1379 4477 de
1397 4434 1493 4478 centnm

200 4530 286 4578 metris
302 4545 328 4594 p.
349 4530 405 4585 loo,
424 4532 456 4578 17
475 4528 509 4581 K.
563 4527 706 4592 pentemiue
757 4529 926 4595 responduico
1012 4526 1155 4579 iiliroceis
1208 4526 1275 4575 tedia
1342 4529 1492 4579 inlusum

250 4596 358 4659 dactylis
410 4595 519 4645 troc-licis
588 4596 604 4643 6
622 4590 725 4644 εεςιιιιᾱο
742 4595 869 4661 dactylum
889 4614 946 4647 cum
964 4599 1087 4647 eatsilccto
1107 4590 1300 4662 ΙΗῘΙίΙΙίΙΙΙΙΙΗΙΗεῐο
1318 4596 1409 4646 deiude
1478 4601 1493 4647 i

201 4661 306 4713 ‹lactilos
359 4662 435 4712 huius
453 4661 571 4726 exemplo
639 4665 801 4715 Siauenitor
