3420 5378
673 285 875 339 succurra.
1353 281 1413 347 201

122 494 178 557 pro
200 473 366 537 causalibus
388 476 458 555 poni
481 474 591 544 solent,
626 485 657 536 ut
684 494 739 554 pro
763 475 878 535 ‘euim’
903 474 968 534 ‘et'
996 480 1135 553 ponatur,
1165 472 1242 533 sicut
1269 474 1417 533 dicero:

124 577 278 639 Vicistis
305 595 371 637 uos
399 583 434 635 et
462 575 517 637 liii
547 594 611 637 uos
640 578 834 644 iuuerunt,
865 584 1014 655 tamquam
1037 573 1094 635 boe
1116 573 1243 636 diceret:
1275 575 1417 641 ‘uicistis

122 680 190 760 quia
216 678 261 738 liii
284 696 336 738 uos
359 678 523 739 iuueruut'.
567 678 761 756 Virgilius:
785 675 959 747 ‘Quoniam'
982 677 1045 736 ‘et'
1071 676 1175 736 ‘euim’
1198 694 1253 754 pro
1275 675 1418 736 ‘tametsi'

123 787 285 860 ponuntur,
313 780 389 839 sicut
419 779 583 841 Donatus
610 781 652 840 sic
682 779 757 840 iatus
786 787 843 840 est:
881 778 1098 856 Quanquam
1136 794 1188 837 me
1226 783 1418 845 accusent,

96 882 296 962 aquoniam
320 897 385 958 ego
408 882 636 942 auctoritate
659 888 764 942 certa
787 879 908 941 iidens
931 880 1091 940 omnium
1108 876 1244 958 probra
1261 886 1418 957 tempas,

123 982 181 1043 boc
204 990 248 1042 est
270 982 399 1042 ‘tametsi
421 983 521 1044 omnia
543 984 688 1062 tempuo'.
727 982 897 1043 Lucanus
920 982 1008 1042 etiam
1030 981 1067 1041 de
1090 977 1293 1042 imbecillitate
1307 978 1419 1039 Tusco·

124 1103 189 1146 rum
205 1081 352 1144 scribens:
376 1082 494 1152 Enim,
511 1084 617 1161 inquit,
634 1082 770 1145 multos
793 1085 924 1144 uiuant
947 1101 1075 1150 anuos,
1098 1100 1168 1143 non
1190 1098 1228 1141 se
1251 1097 1419 1159 umquam

124 1182 391 1254 uindicabuut,
415 1183 471 1244 boe
495 1192 540 1245 est
561 1185 599 1245 ‘si
622 1188 747 1247 uiuant'.

208 1285 287 1346 loto.
318 1284 513 1362 Virgilius:
538 1286 709 1358 ‘Quoniam’
726 1288 751 1348 si
766 1288 824 1348 duo
839 1285 932 1348 uerba
947 1287 1025 1348 circa
1040 1304 1073 1346 se
1087 1283 1209 1353 babeat,
1230 1281 1420 1345 subiunctum

87 1401 157 1449 tose
184 1388 279 1467 priori
307 1385 394 1448 iaciet
422 1396 451 1447 et
480 1404 607 1465 sequens
639 1388 795 1450 antecedet
822 1387 988 1468 Sulpitio
1024 1386 1190 1448 scribente:
1227 1381 1421 1460 iurabant,

125 1490 299 1568 quoniam
338 1487 603 1559 debellabant:
642 1491 688 1551 hic
720 1499 764 1551 est
796 1489 884 1551 ordo:
923 1490 1012 1551 ‘ideo
1045 1486 1248 1555 debellabant,
1282 1486 1421 1565 quoniam

124 1588 286 1652 iurabant’.

203 1686 217 1774 ΙΙ
233 1691 252 1751 1.
268 1687 326 1751 31·
343 1688 354 1771 ΙΙ
371 1691 569 1768 Virgilius:
593 1694 702 1756 ‘Circa'
726 1703 755 1755 et
770 1696 865 1773 ‘erga’
889 1692 964 1754 duae
988 1692 1223 1772 praepositiones
1246 1697 1315 1751 sunt
1337 1707 1423 1750 casus

126 1791 305 1858 accusatiui,
329 1790 381 1851 sed
404 1792 481 1854 hanc
504 1793 704 1857 diuersitatem
728 1795 852 1865 habeut,
876 1794 954 1875 quod
979 1795 1083 1856 ‘circa’
1100 1792 1135 1853 ad
1158 1790 1306 1853 nisibilem
1331 1797 1422 1851 matc-

88 1907 114 1948 ιε
128 1894 202 1954 riam
225 1891 272 1953 uei
296 1891 394 1953 locum
416 1896 560 1974 pertinet,
591 1899 698 1976 ‘erga’
721 1907 817 1959 autem
841 1896 877 1957 ad
901 1897 1032 1958 animum
1054 1901 1180 1974 spectat,
1205 1895 1332 1954 maxime
1355 1910 1421 1953 cum

127 1995 257 2075 aliquem
280 1997 506 2073 propensiorem
536 1999 674 2059 allectum
703 2007 787 2077 gerat
814 1999 1035 2077 proximorum;
1063 1995 1191 2074 denique
1215 2004 1244 2055 et
1265 1992 1424 2054 Latinitate

128 2094 332 2177 philosophica
366 2095 507 2175 ‘ergum'
541 2101 663 2161 aiiectus
686 2099 804 2168 dicitur,
833 2099 911 2161 unde
940 2109 969 2160 et
997 2100 1104 2176 ‘ergo’
1134 2099 1178 2158 sic
1208 2095 1424 2156 dicebantura

128 2199 250 2278 priscis.
273 2197 325 2275 qui
348 2196 378 2258 in
401 2217 466 2259 sese
489 2210 662 2262 cunctorum
687 2200 839 2262 traherent
860 2201 1008 2263 aliectum.

129 2349 356 2360 -——-———-

198 2434 212 2482 1
231 2444 255 2481 et
273 2437 382 2496 ponatur
401 2431 427 2468 ut
444 2436 492 2471 nos
512 2423 609 2472 uicistis
628 2433 652 2470 et
669 2421 720 2471 duo
738 2422 857 2471 iuuerunt
874 2419 923 2470 boc
940 2430 980 2470 est
997 2421 1058 2483 quia
1075 2420 1126 2470 duo
1139 2420 1258 2468 iuuerunt
1273 2417 1359 2468 Maius
1410 2418 1427 2466 3

128 2488 454 2566 virgilius]p‚118Mai
501 2499 584 2539 tamen
603 2488 625 2538 si
693 2492 858 2555 dponuntur
876 2499 914 2537 ut:
934 2489 1054 2551 quoniam
1074 2502 1122 2553 ego
1141 2485 1291 2537 ethaiua
1342 2484 1426 2545 iactus

129 2572 147 2620 5
164 2574 262 2617 remano
331 2568 347 2614 6
366 2571 449 2614 tamen
464 2559 549 2607 omnia
561 2564 659 2607 temtuo
713 2569 823 2623 tempno.
844 2555 876 2604 Et
887 2557 977 2606 iterum
991 2555 1118 2605 scribens:
1138 2555 1215 2616 enim,
1228 2553 1319 2615 inquit,
1333 2552 1426 2600 multos

131 2637 219 2685 uiuam
236 2648 331 2697 annos,
356 2646 407 2682 non
425 2640 453 2673 se
472 2639 590 2689 umquam
610 2632 658 2675 ete.
677 2625 763 2674 Maius
864 2624 1063 2674 Suiudicebant
1130 2622 1247 2685 Morgini
1262 2635 1336 2670 manu
1354 2620 1428 2668 Petri

132 2705 246 2754 Danielis
263 2703 326 2752 ilaec
343 2701 445 2751 adiecto
462 2699 532 2742 aunt:
552 2694 576 2742 in
595 2693 674 2743 altero
693 2703 744 2742 uet.
762 2692 818 2742 cod.
838 2692 876 2740 sic
893 2691 1010 2740 babetur:
1032 2690 1145 2739 Donatus
1162 2688 1306 2755 praetorius
1324 2687 1349 2735 iu
1363 2700 1425 2751 apo·

131 2771 235 2837 rogation
254 2770 291 2818 sic
309 2769 376 2818 fatus
395 2775 434 2817 est
446 2775 600 2824 quamquam
613 2768 662 2810 etc.
677 2786 708 2795 -
721 2766 760 2809 et:
779 2759 919 2809 Vinicianus
938 2760 969 2808 de
987 2756 1157 2807 imbecillitate
1168 2756 1323 2806 Tuscorum:
1343 2752 1427 2814 Enim,

95 2859 99 2865 ·
129 2837 224 2902 inquit,
248 2837 341 2886 multos
361 2837 547 2885 uiueutauuon
569 2843 597 2877 se
621 2842 759 2890 numquam
782 2827 958 2888 uiudioabuut,
983 2825 1031 2874 boc
1053 2836 1092 2874 est
1110 2824 1132 2872 si
1150 2823 1246 2872 uiuant.
1284 2821 1318 2870 Ia
1339 2821 1427 2871 codiee

131 2907 255 2958 Leidenei
270 2904 345 2956 Voss.
364 2903 394 2964 Q.
413 2904 450 2954 33
466 2898 489 2962 s.
502 2900 535 2948 81
541 2903 551 2929 ⁸
570 2896 610 2945 iic
627 2898 696 2946 loma
713 2897 750 2945 tta
768 2911 796 2944 ae
814 2895 889 2944 dohet
902 2895 1055 2944 Alexandro
1068 2892 1160 2942 ditesco
1177 2897 1298 2940 anctore:
1315 2886 1427 2937 Ulcanus

131 2974 207 3025 etiam
225 2974 257 3022 de
274 2971 421 3022 iubicilitate
439 2980 568 3018 tuscorum
582 2965 696 3014 scribens
710 2963 776 3012 enim
789 2962 879 3024 inquid
891 2969 938 3014 etc.
960 2962 999 3024 Os.
1008 2964 1092 3011 cond.
1107 2957 1231 3009 Fleckeie.
1245 2958 1311 3008 1869
1322 2972 1350 3020 p.
1362 2958 1427 3008 733.

132 3036 303 3106 ttVirgiiius]
321 3055 348 3103 p.
369 3039 419 3088 118
439 3035 507 3086 Mol:
539 3032 635 3090 iltuit,
661 3031 777 3080 ira-abant
795 3031 914 3092 qnoniam
937 3028 1104 3081 debellabant.
1140 3026 1186 3075 liic
1209 3036 1248 3075 est
1270 3024 1347 3075 ordo:
1370 3022 1428 3073 ideo

131 3108 299 3165 debellabant,
318 3107 440 3169 quoniam
458 3101 581 3155 iurabant.
634 3095 674 3165 se]
695 3113 751 3146 eum
823 3101 851 3146 11
866 3096 1040 3147 lroeestordo
1056 3095 1114 3145 ideo
1134 3094 1259 3144 bellabant
1328 3093 1360 3142 13
1371 3090 1429 3139 Vir-

132 3172 221 3243 gilius]
240 3193 266 3239 p.
279 3177 329 3225 119
341 3173 409 3226 Mai:
428 3171 461 3221 Et
471 3170 537 3219 circa
607 3170 639 3218 lli
656 3177 681 3216 et
693 3181 754 3230 erga
763 3165 796 3214 ad
808 3167 920 3214 animum
933 3164 1020 3215 Maius
1071 3173 1171 3229 spectat
1187 3172 1213 3211 et
1228 3161 1345 3211 allectum
1364 3159 1431 3223 gerit

133 3245 310 3311 proximorum
328 3241 430 3292 Maius:
447 3246 534 3289 cetero
552 3236 622 3301 apud
640 3234 736 3284 :tratum
754 3235 851 3284 desunt.
887 3234 926 3283 De
944 3235 994 3284 toci
1009 3233 1135 3282 sententio
1153 3231 1188 3292 es.
1206 3229 1306 3279 Charis.
1324 3244 1350 3292 p.
1365 3227 1430 3288 231,

133 3314 166 3364 11
183 3312 210 3362 11
216 3330 225 3363 .·
243 3312 295 3361 lere
313 3311 380 3360 enirn
399 3322 459 3374 erga
478 3307 509 3356 ad
527 3303 653 3355 adiectum
672 3302 786 3352 reiertur.
