3420 5378
644 296 769 349 sunan
788 294 1056 347 EXPOSITIONES

732 484 780 544 nn
804 482 937 545 VEllllll.

275 589 347 649 Pars
370 590 423 648 isla
449 586 528 646 utilis
551 592 603 646 est.
643 584 714 646 Nam
738 604 797 665 quo
820 586 1002 664 frequentior
1025 593 1083 657 est,
1106 605 1166 663 qua
1186 588 1217 647 in
1233 587 1372 648 Romana
1395 585 1495 665 lingna

191 693 309 759 utimur,
334 708 368 749 eo
392 688 485 765 magis
507 685 601 756 utilis,
626 685 678 747 sed
701 687 815 747 modice
840 690 935 748 estin
958 686 1103 749 hocloco
1126 689 1253 749 dictum:
1278 686 1427 749 ‘Verbum
1450 696 1497 749 est

190 811 260 871 pars
283 792 427 852 orationis
449 787 562 850 babens
586 796 702 867 tempus
726 794 755 848 et
776 807 934 868 personam
953 807 1021 850 casn
1037 794 1164 851 carens'.
1203 788 1284 851 Nihil
1308 790 1417 851 uerius
1440 799 1495 859 est.

190 910 281 970 quom
310 891 388 971 quod
418 888 542 951 uerbum
573 898 601 950 ει
623 896 740 968 tempus
768 900 797 951 ει
818 908 976 968 personam
1005 890 1096 952 habet
1122 890 1211 952 simul
1238 898 1269 954 et
1297 908 1372 952 casu
1402 898 1520 953 caret.⁵

191 994 295 1072 ‘Lego'
318 992 434 1071 quando
458 991 539 1061 dico,
563 1000 679 1071 tempus
701 1010 843 1071 praescus
866 1001 895 1052 ει
917 1010 1043 1072 persona
1059 994 1170 1071 prima:
1194 991 1309 1055 nullum
1324 994 1410 1054 enim
1425 1012 1492 1054 ner·

192 1097 262 1156 bum
286 1105 344 1163 εει,
369 1092 419 1154 nbi
442 1112 499 1153 non
524 1102 640 1172 tempus
656 1100 684 1153 et
699 1111 825 1172 persona
841 1093 929 1155 simul
945 1101 1028 1161 snat;
1054 1112 1139 1155 casus
1155 1091 1262 1156 nullus.
1293 1092 1361 1165 Qua
1376 1096 1496 1157 ratione

193 1201 238 1266 lit,
268 1205 301 1256 ut
328 1193 414 1256 simul
441 1197 500 1255 sint
522 1188 640 1274 tempus
663 1202 692 1254 ει
714 1214 839 1273 persona
863 1204 892 1256 et
913 1214 982 1257 casu
1012 1203 1122 1256 careat.
1167 1196 1240 1257 Nanr
1263 1197 1289 1255 si
1312 1195 1425 1257 babeat
1446 1214 1496 1257 ca·

192 1317 273 1367 sum,
303 1298 492 1376 participium
516 1298 560 1363 fit;
590 1297 614 1355 si
637 1295 745 1355 lrabeat
767 1295 859 1358 solam
883 1315 1058 1375 personam,
1088 1298 1121 1358 fit
1142 1314 1317 1376 pronomen.
1366 1298 1448 1377 Ergo
1470 1300 1496 1359 sl

193 1407 311 1478 tempus
333 1405 362 1457 ct
384 1415 511 1477 persona
535 1395 621 1456 simul
644 1399 682 1457 sit
704 1405 733 1456 et
761 1416 829 1459 casu
859 1407 972 1467 careat,
1002 1406 1072 1458 tunc
1100 1406 1144 1459 est
1171 1397 1306 1458 uerbum.
1353 1398 1495 1461 Ceterum
1508 1412 1531 1451 1⁰

192 1501 216 1561 si
229 1517 350 1580 separes
361 1509 410 1560 aut
423 1507 540 1576 tempus
556 1508 605 1559 aut
621 1516 787 1577 personam,
804 1507 855 1561 aut
869 1500 1057 1578 participium
1073 1502 1105 1560 lll
1119 1506 1170 1559 ant
1184 1516 1362 1577 pronomen.
1389 1501 1497 1580 ‘Lego'

193 1611 351 1680 utrumque
380 1611 496 1681 tempus
525 1607 553 1660 ει
582 1617 738 1679 porsonam
767 1608 796 1661 ει
822 1599 935 1661 nullum
964 1619 1064 1661 casum
1094 1600 1202 1687 babet.¹
1237 1601 1372 1663 Verbum
1396 1610 1496 1665 antem

193 1705 303 1765 dictum
327 1711 372 1763 est
395 1703 450 1762 lrae
473 1704 602 1770 ratione,
627 1701 706 1780 quod
729 1700 827 1779 lingua
851 1721 949 1762 aerem
973 1701 1115 1764 uerberet
1137 1710 1166 1762 ει
1188 1702 1256 1763 inde
1280 1705 1419 1766 nascitur
1434 1704 1496 1765 elo·

193 1806 282 1865 cutio.
328 1803 387 1863 Sed
410 1821 575 1882 pronomen
598 1802 635 1863 de
659 1801 817 1863 uerberato
840 1822 909 1864 aere
932 1812 962 1863 et
983 1810 1064 1863 motu
1087 1802 1204 1881 liuguae
1226 1803 1366 1865 similiter
1382 1806 1425 1867 tlt.
1460 1806 1497 1867 Et

193 1923 285 1983 quare
309 1903 479 1985 specialiter
500 1905 554 1964 ista
578 1921 648 1982 pars
670 1903 725 1964 sibi
749 1902 805 1964 boc
829 1921 936 1965 nomen
960 1904 1141 1982 adsumpsit?
1178 1904 1239 1965 llac
1262 1907 1400 1975 ratione,
1424 1909 1494 1986 qnia
1508 1926 1530 1964 u

193 2010 224 2068 in
248 2005 464 2067 elocutionibus
487 2005 659 2085 frequenter
682 2004 738 2065 boc
760 2007 885 2067 utimur:
910 2007 1047 2066 inuenies
1070 2007 1148 2065 euim
1171 2004 1262 2068 multa
1287 2005 1385 2068 uerba
1401 2015 1432 2068 et
1446 2010 1497 2070 uix

196 2126 286 2170 unum
310 2126 418 2167 nomen
441 2115 470 2166 ει
491 2124 672 2186 pronomen,
696 2114 820 2186 utputa
843 2108 867 2167 si
890 2107 998 2168 leceris
1020 2106 1233 2178 elocutionem,
1257 2117 1291 2169 ut
1312 2116 1385 2170 ante
1409 2128 1496 2191 prae·
1532 2128 1537 2134 ·

197 2209 307 2271 dictum
331 2216 388 2277 εει,
419 2207 498 2268 ‘uolo
522 2209 565 2268 ire
588 2207 624 2268 ad
648 2208 744 2268 lorum
767 2216 797 2267 ει
818 2207 923 2269 uidere
945 2210 1108 2270 amicum':
1146 2207 1251 2271 ‘uolo’
1281 2209 1413 2272 uerbum
1441 2220 1496 2287 est,

195 2314 265 2373 ‘ire’
290 2310 415 2371 uerbum
439 2320 498 2379 est,
522 2308 582 2369 ‘ad'
605 2311 783 2389 praepositio
806 2318 864 2380 est,
890 2310 1013 2372 ‘lorum’
1037 2329 1145 2371 nomen
1163 2307 1235 2394 eslll
1250 2311 1271 2371 1.
1286 2308 1371 2373 144⁸
1388 2308 1419 2396 l..
1442 2315 1496 2375 ‘et’

195 2412 363 2473 coniunctio
387 2417 444 2480 εει,
474 2410 612 2471 ‘uidere’
636 2411 762 2473 uerbum
786 2421 843 2481 est,
872 2413 1034 2473 ‘amicum’
1056 2430 1165 2473 nomen
1188 2420 1241 2477 est.
1286 2413 1397 2487 Vides,
1426 2424 1530 2496 quotu

195 2512 285 2575 uerba
315 2512 481 2592 praeposita
509 2514 704 2575 inueniuntur
727 2523 756 2574 ει
779 2514 827 2574 uix
852 2532 943 2575 unum
972 2532 1080 2575 nomen
1104 2521 1133 2575 et
1154 2514 1210 2575 alia
1238 2533 1310 2595 pars
1337 2518 1495 2578 orationis.

195 2616 273 2696 Ergo
295 2614 374 2695 quod
398 2614 571 2693 frequenter
593 2615 650 2676 boc
672 2617 790 2684 ntimur,
814 2614 978 2696 principale
1001 2616 1058 2676 boe
1080 2634 1188 2676 nomeu
1212 2619 1344 2696 aceepit.
1371 2626 1495 2698 utputa

196 2717 295 2778 dicere
317 2716 424 2777 ‘oratio
449 2715 485 2775 de
507 2717 683 2796 suppliciis'.
721 2717 870 2797 Numquid
900 2716 958 2778 illie
981 2724 1091 2779 uratum
1116 2717 1152 2777 dc
1174 2716 1327 2798 suppliciis
1351 2717 1495 2799 loquitur,

195 2819 246 2879 sed
275 2828 304 2879 et
332 2818 368 2878 dc
396 2820 520 2879 auaritia
548 2819 620 2879 dicit
646 2828 676 2878 et
703 2817 836 2879 libidine.
881 2819 939 2880 Sed
968 2817 1046 2898 quod
1074 2820 1245 2899 lrequenter
1274 2819 1312 2881 de
1339 2819 1497 2901 suppliciis

197 2919 338 2999 loquitur,
362 2919 429 2979 ideo
452 2918 613 2999 appellauit
635 2920 689 2980 ‘de
712 2919 895 3001 suppliciis’.
940 2920 1018 2997 Ergo
1042 2937 1101 2981 non
1125 2919 1202 3000 quod
1226 2919 1322 2981 solum
1346 2940 1422 3001 pars
1442 2924 1527 2985 istaes

198 3027 280 3080 motu
308 3019 425 3098 liuguae
454 3030 483 3079 ει
513 3020 670 3082 uerberato
698 3040 767 3083 aere
796 3024 840 3090 fit,
869 3020 936 3081 ideo
959 3021 1070 3082 dictum
1094 3033 1138 3082 est
1166 3020 1306 3089 uerbum,
1336 3024 1393 3086 sed
1416 3024 1494 3104 quod

196 3124 258 3201 ipsa
284 3123 441 3199 praecipue
464 3129 597 3191 utamur;
625 3124 656 3181 in
684 3130 797 3184 tautum
827 3130 924 3182 autem
949 3121 1090 3192 uerbum,
1119 3130 1152 3183 ul
1174 3122 1322 3203 hodieque
1345 3123 1495 3187 dieamus:

198 3223 301 3284 ‘uerba
331 3224 401 3283 lacit
429 3224 458 3283 in
487 3228 620 3284 senatu’:
652 3225 754 3300 ntique
780 3228 808 3285 si
835 3223 992 3305 loquimur,
1023 3233 1053 3284 et
1080 3226 1199 3285 nomino
1228 3232 1258 3284 ει
1281 3227 1445 3307 participio
1466 3235 1496 3288 et

198 3324 337 3386 omuibus
359 3325 493 3404 partibus
515 3327 656 3387 orationis
679 3326 797 3396 utimur,
814 3325 878 3402 sed
902 3325 938 3385 ab
959 3325 1023 3394 illa,
1052 3342 1128 3402 quae
1150 3325 1334 3405 frequentior
1359 3336 1422 3397 est,
1444 3346 1493 3408 ap

198 3425 324 3505 pellatur
355 3428 448 3487 oratio
480 3431 530 3488 uel
558 3427 717 3506 eloquutio.
768 3426 866 3486 Verbo
900 3427 1038 3487 accidunt
1066 3425 1131 3496 Vll,
1163 3426 1290 3506 qualitas
1323 3431 1527 3509 coniugatiou

198 3546 291 3605 genus
314 3537 343 3589 et
365 3538 473 3588 cetera.
519 3529 649 3599 Qualitas
670 3528 755 3588 uerbi
780 3531 809 3589 iu
833 3528 905 3589 duas
929 3527 1070 3588 diuiditur
1092 3535 1206 3606 partes,
1231 3529 1261 3587 in
1285 3528 1395 3591 modos
1416 3539 1446 3592 et
1466 3533 1495 3590 iu

198 3629 317 3690 formas.
363 3628 440 3689 blodi
463 3638 545 3698 sunt,
568 3629 815 3709 quemadmodum
840 3647 926 3690 casus
949 3632 1118 3696 nominum;
1142 3628 1398 3706 quemadmodum
1420 3632 1492 3693 ‹lici-

199 3750 264 3790 mus
294 3729 341 3789 bic
364 3732 477 3791 ,terreas
505 3729 592 3791 buius
619 3733 750 3800 Aeneae,
779 3730 859 3810 quorl
888 3731 1017 3790 llectitur
1041 3729 1096 3790 boo
1119 3747 1227 3790 nomen
1248 3749 1305 3810 per
1328 3749 1432 3803 casus,
1455 3733 1496 3794 sle

200 3833 287 3892 eliam
311 3830 438 3891 uerbum
460 3851 515 3910 per
537 3832 640 3892 modos
661 3832 798 3893 flectitur.

284 3932 376 3993 Aliter
400 3934 477 3993 enim
502 3933 606 3994 modus
628 3933 819 4000 indicaliuus,
849 3935 898 4012 qui
922 3942 950 3993 ει
972 3933 1213 4012 pronuntiatiuns
1241 3941 1300 4003 est,
1329 3934 1420 3996 alitor
1442 3937 1528 3996 im·³⁵

200 4037 365 4114 peratiuus,
389 4033 475 4095 aliter
498 4038 657 4113 optatiuus,
681 4034 767 4095 alitor
795 4035 1003 4095 coniunctiuus
1026 4044 1055 4094 ει
1076 4042 1185 4095 cetera.
1228 4034 1309 4113 Ergo
1332 4044 1409 4114 quot
1430 4044 1497 4098 sunt

269 4290 461 4350 ‘lqrraoddidi
528 4288 672 4351 3coquod
691 4289 773 4353 magis
820 4284 927 4351 dictum]
947 4287 1039 4336 dicitnr
1090 4289 1200 4348 liquam
1219 4288 1312 4338 addidi
1369 4287 1446 4358 stra]
1464 4290 1497 4340 sit

199 4356 399 4421 lltir]lneitbr's
452 4358 573 4405 tdcctera
628 4352 795 4421 llllt]loeit
829 4352 910 4420 quod]
931 4370 996 4417 quae
1050 4356 1080 4404 14
1099 4351 1137 4418 11ι]
1155 4355 1187 4403 εἰι
1242 4351 1357 4421 lbllae]
1379 4368 1406 4407 et
1438 4358 1496 4421 quia

199 4427 224 4472 in
245 4424 428 4473 elocutionibus
447 4420 602 4487 lrequonter]
623 4420 696 4485 qrrlae
715 4423 884 4473 locutionibus
903 4420 961 4484 qula
979 4422 1123 4484 frequenter
1186 4422 1216 4471 16
1234 4420 1328 4489 multa]
1349 4424 1397 4473 llll
1467 4428 1496 4475 l'l

199 4502 224 4541 et
237 4488 390 4557 pronomen]
405 4490 493 4539 lllolr'm
505 4502 556 4555 arat,
568 4495 634 4541 aieret
646 4498 671 4541 et
682 4491 753 4554 infra
765 4494 799 4540 21
811 4504 855 4540 aut
866 4491 916 4539 alia
930 4505 988 4554 pars
1025 4501 1052 4539 ιιι
1064 4502 1121 4539 onte
1131 4490 1287 4554 praedictum
1301 4488 1354 4555 est]
1375 4509 1402 4558 p.
1413 4495 1497 4555 HM

198 4562 232 4609 23
244 4561 370 4608 diceretur
422 4558 453 4605 de
465 4558 599 4624 supplicis,
612 4562 649 4609 cic
661 4574 761 4622 rerrrper
795 4555 929 4624 numquid]
948 4560 983 4621 cf.
995 4574 1021 4621 p.
1037 4561 1094 4620 149,
1109 4561 1141 4607 26
1192 4560 1226 4606 ‘24
1238 4568 1261 4607 et
1273 4559 1370 4610 addida·
1416 4556 1496 4628 qnod]

199 4642 264 4689 quae
315 4628 349 4677 25
367 4641 427 4691 ergo
446 4633 515 4687 qrrtrd
534 4642 584 4675 non
637 4629 669 4676 26
688 4623 726 4690 llt]
747 4627 780 4675 sit
831 4623 973 4690 biennem]
994 4625 1042 4674 lroe
1090 4618 1261 4686 uctrodquae
1314 4628 1350 4676 28
1369 4631 1392 4677 si
1411 4630 1499 4680 addidi

233 4706 256 4744 rt
275 4705 404 4743 nomeuet
421 4695 584 4759 participium
637 4697 670 4746 30
688 4693 726 4744 uel
745 4696 836 4746 addidi
886 4696 917 4745 31
938 4690 1012 4764 uerbi
1064 4695 1097 4744 32
1115 4693 1223 4742 dicimus
1241 4694 1267 4742 in
1285 4698 1405 4759 maraine
1466 4700 1498 4749 36

199 4764 416 4820 eorrlunctatiuus,
434 4765 473 4810 alc
489 4776 589 4826 semper
