<?xml version="1.0" encoding="UTF-8"?>
<!DOCTYPE html PUBLIC "-//W3C//DTD XHTML 1.0 Transitional//EN"
    "http://www.w3.org/TR/xhtml1/DTD/xhtml1-transitional.dtd">
<html xmlns="http://www.w3.org/1999/xhtml" xml:lang="en" lang="en">
 <head>
  <title>
</title>
<meta http-equiv="Content-Type" content="text/html;charset=utf-8" />
  <meta name='ocr-system' content='tesseract 3.04.00' />
  <meta name='ocr-capabilities' content='ocr_page ocr_carea ocr_par ocr_line ocrx_word'/>
</head>
<body>
  <div class='ocr_page' id='page_1' title='image "./grammaticilatin04keilgoog/grammaticilatin04keilgoog_0444.png"; bbox 0 0 3420 5378; ppageno 0'>
   <div class='ocr_carea' id='block_1_1' title="bbox 566 268 1431 334">
    <p class='ocr_par' dir='ltr' id='par_1_1' title="bbox 566 268 1431 334">
     <span class='ocr_line' id='line_1_1' title="bbox 566 268 1431 334; baseline 0.013 -14"><span class='ocrx_word' id='word_1_1' title='bbox 566 268 713 322; x_wconf 73' lang='lat' dir='ltr'>courum</span> <span class='ocrx_word' id='word_1_2' title='bbox 731 269 937 323; x_wconf 77' lang='lat' dir='ltr'>uuuuuusts</span> <span class='ocrx_word' id='word_1_3' title='bbox 955 272 997 324; x_wconf 88' lang='grc'>83.</span> <span class='ocrx_word' id='word_1_4' title='bbox 1371 269 1431 334; x_wconf 73' lang='grc'>179</span> 
     </span>
    </p>
   </div>
   <div class='ocr_carea' id='block_1_2' title="bbox 134 456 1431 621">
    <p class='ocr_par' dir='ltr' id='par_1_2' title="bbox 134 456 1431 621">
     <span class='ocr_line' id='line_1_2' title="bbox 220 456 1431 536; baseline -0.002 -16"><span class='ocrx_word' id='word_1_5' title='bbox 220 456 364 527; x_wconf 77' lang='lat' dir='ltr'>‘Clraus&#39;,</span> <span class='ocrx_word' id='word_1_6' title='bbox 387 467 420 520; x_wconf 91' lang='lat' dir='ltr'>ut</span> <span class='ocrx_word' id='word_1_7' title='bbox 449 459 491 518; x_wconf 93' lang='lat' dir='ltr'>ait</span> <span class='ocrx_word' id='word_1_8' title='bbox 523 459 557 518; x_wconf 91' lang='lat' dir='ltr'>in</span> <span class='ocrx_word' id='word_1_9' title='bbox 588 457 753 536; x_wconf 89' lang='lat' dir='ltr'>epistola</span> <span class='ocrx_word' id='word_1_10' title='bbox 781 457 822 518; x_wconf 87' lang='lat' dir='ltr'>ad</span> <span class='ocrx_word' id='word_1_11' title='bbox 852 456 1033 518; x_wconf 88' lang='lat' dir='ltr'>Euodium</span> <span class='ocrx_word' id='word_1_12' title='bbox 1062 460 1291 536; x_wconf 74' lang='lat' dir='ltr'>Augustinus</span> <span class='ocrx_word' id='word_1_13' title='bbox 1318 459 1431 518; x_wconf 85' lang='lat' dir='ltr'>Graece</span> 
     </span>
     <span class='ocr_line' id='line_1_3' title="bbox 134 558 395 621; baseline 0 -2"><span class='ocrx_word' id='word_1_14' title='bbox 134 558 245 621; x_wconf 87' lang='lat' dir='ltr'>dicitur</span> <span class='ocrx_word' id='word_1_15' title='bbox 267 558 395 621; x_wconf 86' lang='lat' dir='ltr'>chasma.</span> 
     </span>
    </p>
   </div>
   <div class='ocr_carea' id='block_1_3' title="bbox 46 759 1432 2264">
    <p class='ocr_par' dir='ltr' id='par_1_3' title="bbox 46 759 1432 2264">
     <span class='ocr_line' id='line_1_4' title="bbox 220 759 1431 846; baseline 0.001 -25"><span class='ocrx_word' id='word_1_16' title='bbox 220 763 233 843; x_wconf 72' lang='grc' dir='ltr'>Η</span> <span class='ocrx_word' id='word_1_17' title='bbox 251 761 269 822; x_wconf 90' lang='lat' dir='ltr'>l.</span> <span class='ocrx_word' id='word_1_18' title='bbox 287 759 325 823; x_wconf 66' lang='lat'>7⁵</span> <span class='ocrx_word' id='word_1_19' title='bbox 343 761 358 846; x_wconf 76' lang='lat' dir='ltr'>ll</span> <span class='ocrx_word' id='word_1_20' title='bbox 382 762 455 824; x_wconf 88' lang='lat' dir='ltr'>Nam</span> <span class='ocrx_word' id='word_1_21' title='bbox 479 781 534 823; x_wconf 91' lang='lat' dir='ltr'>nec</span> <span class='ocrx_word' id='word_1_22' title='bbox 556 764 585 822; x_wconf 93' lang='lat' dir='ltr'>in</span> <span class='ocrx_word' id='word_1_23' title='bbox 610 764 657 824; x_wconf 83' lang='lat' dir='ltr'>lais</span> <span class='ocrx_word' id='word_1_24' title='bbox 678 765 751 842; x_wconf 90' lang='lat' dir='ltr'>ipsis</span> <span class='ocrx_word' id='word_1_25' title='bbox 773 761 912 824; x_wconf 86' lang='lat' dir='ltr'>uidelicet</span> <span class='ocrx_word' id='word_1_26' title='bbox 937 764 1002 823; x_wconf 77' lang='lat' dir='ltr'>‘sis&#39;</span> <span class='ocrx_word' id='word_1_27' title='bbox 1019 772 1048 823; x_wconf 90' lang='lat' dir='ltr'>et</span> <span class='ocrx_word' id='word_1_28' title='bbox 1071 763 1169 824; x_wconf 78' lang='lat' dir='ltr'>‘uelis’</span> <span class='ocrx_word' id='word_1_29' title='bbox 1193 781 1290 842; x_wconf 89' lang='lat' dir='ltr'>neque</span> <span class='ocrx_word' id='word_1_30' title='bbox 1313 764 1342 822; x_wconf 90' lang='lat' dir='ltr'>in</span> <span class='ocrx_word' id='word_1_31' title='bbox 1366 763 1431 823; x_wconf 90' lang='lat' dir='ltr'>aliis</span> 
     </span>
     <span class='ocr_line' id='line_1_5' title="bbox 46 862 1431 944; baseline -0.001 -21"><span class='ocrx_word' id='word_1_32' title='bbox 46 928 51 938; x_wconf 27' lang='lat'>⁸</span> <span class='ocrx_word' id='word_1_33' title='bbox 135 862 237 925; x_wconf 79' lang='lat' dir='ltr'>aterbis</span> <span class='ocrx_word' id='word_1_34' title='bbox 270 865 471 926; x_wconf 88' lang='lat' dir='ltr'>coniunctiuis</span> <span class='ocrx_word' id='word_1_35' title='bbox 505 865 657 944; x_wconf 89' lang='lat' dir='ltr'>praeteriti</span> <span class='ocrx_word' id='word_1_36' title='bbox 691 863 736 924; x_wconf 94' lang='lat' dir='ltr'>ucl</span> <span class='ocrx_word' id='word_1_37' title='bbox 768 865 861 925; x_wconf 87' lang='lat' dir='ltr'>luturi</span> <span class='ocrx_word' id='word_1_38' title='bbox 895 863 985 925; x_wconf 71' lang='lat' dir='ltr'>delict</span> <span class='ocrx_word' id='word_1_39' title='bbox 1016 862 1163 925; x_wconf 90' lang='lat' dir='ltr'>ullatenus</span> <span class='ocrx_word' id='word_1_40' title='bbox 1190 866 1219 925; x_wconf 91' lang='lat' dir='ltr'>iu</span> <span class='ocrx_word' id='word_1_41' title='bbox 1251 864 1431 943; x_wconf 87' lang='lat' dir='ltr'>paenultima</span> 
     </span>
     <span class='ocr_line' id='line_1_6' title="bbox 108 964 1430 1046; baseline 0.002 -22"><span class='ocrx_word' id='word_1_42' title='bbox 108 979 121 1019; x_wconf 82' lang='lat'><strong>5</strong></span> <span class='ocrx_word' id='word_1_43' title='bbox 134 964 258 1045; x_wconf 89' lang='lat' dir='ltr'>pluralis</span> <span class='ocrx_word' id='word_1_44' title='bbox 280 967 397 1026; x_wconf 91' lang='lat' dir='ltr'>numeri</span> <span class='ocrx_word' id='word_1_45' title='bbox 420 968 584 1046; x_wconf 89' lang='lat' dir='ltr'>primarum</span> <span class='ocrx_word' id='word_1_46' title='bbox 607 985 659 1026; x_wconf 85' lang='lat' dir='ltr'>sen</span> <span class='ocrx_word' id='word_1_47' title='bbox 683 964 880 1026; x_wconf 89' lang='lat' dir='ltr'>secundarum</span> <span class='ocrx_word' id='word_1_48' title='bbox 904 983 1098 1044; x_wconf 84' lang='lat' dir='ltr'>personarum</span> <span class='ocrx_word' id='word_1_49' title='bbox 1115 967 1225 1043; x_wconf 89' lang='lat' dir='ltr'>corripi</span> <span class='ocrx_word' id='word_1_50' title='bbox 1248 974 1323 1026; x_wconf 89' lang='lat' dir='ltr'>teste</span> <span class='ocrx_word' id='word_1_51' title='bbox 1346 966 1430 1026; x_wconf 86' lang='lat' dir='ltr'>Ser·</span> 
     </span>
     <span class='ocr_line' id='line_1_7' title="bbox 135 1065 1298 1147; baseline -0.004 -19"><span class='ocrx_word' id='word_1_52' title='bbox 135 1069 195 1128; x_wconf 91' lang='lat' dir='ltr'>uio</span> <span class='ocrx_word' id='word_1_53' title='bbox 216 1085 307 1147; x_wconf 88' lang='lat' dir='ltr'>super</span> <span class='ocrx_word' id='word_1_54' title='bbox 331 1066 533 1146; x_wconf 79' lang='lat' dir='ltr'>Virgilium</span> <span class='ocrx_word' id='word_1_55' title='bbox 556 1069 591 1127; x_wconf 92' lang='lat' dir='ltr'>in</span> <span class='ocrx_word' id='word_1_56' title='bbox 615 1066 715 1127; x_wconf 89' lang='lat' dir='ltr'>libro</span> <span class='ocrx_word' id='word_1_57' title='bbox 739 1066 779 1126; x_wconf 89' lang='lat' dir='ltr'>Vl</span> <span class='ocrx_word' id='word_1_58' title='bbox 802 1065 1053 1129; x_wconf 79' lang='lat' dir='ltr'>Aeneidorum</span> <span class='ocrx_word' id='word_1_59' title='bbox 1077 1068 1113 1127; x_wconf 91' lang='lat' dir='ltr'>dc</span> <span class='ocrx_word' id='word_1_60' title='bbox 1137 1066 1298 1146; x_wconf 85' lang='lat' dir='ltr'>praeterito</span> 
     </span>
     <span class='ocr_line' id='line_1_8' title="bbox 240 1169 1319 1247; baseline -0.002 -17"><span class='ocrx_word' id='word_1_61' title='bbox 240 1169 449 1247; x_wconf 71' lang='lat' dir='ltr'>Egeriam,</span> <span class='ocrx_word' id='word_1_62' title='bbox 473 1170 572 1228; x_wconf 89' lang='lat' dir='ltr'>nosti</span> <span class='ocrx_word' id='word_1_63' title='bbox 597 1177 632 1229; x_wconf 90' lang='lat' dir='ltr'>et</span> <span class='ocrx_word' id='word_1_64' title='bbox 654 1170 807 1229; x_wconf 91' lang='lat' dir='ltr'>nimium</span> <span class='ocrx_word' id='word_1_65' title='bbox 831 1170 1049 1230; x_wconf 82' lang='lat' dir='ltr'>meminisse</span> <span class='ocrx_word' id='word_1_66' title='bbox 1073 1186 1229 1229; x_wconf 86' lang='lat' dir='ltr'>necesse</span> <span class='ocrx_word' id='word_1_67' title='bbox 1252 1177 1319 1228; x_wconf 88' lang='lat' dir='ltr'>est.</span> 
     </span>
     <span class='ocr_line' id='line_1_9' title="bbox 133 1269 1430 1350; baseline -0.002 -19"><span class='ocrx_word' id='word_1_68' title='bbox 133 1271 181 1331; x_wconf 76' lang='lat' dir='ltr'>uit</span> <span class='ocrx_word' id='word_1_69' title='bbox 209 1271 304 1331; x_wconf 87' lang='lat' dir='ltr'>enim:</span> <span class='ocrx_word' id='word_1_70' title='bbox 341 1269 400 1330; x_wconf 74' lang='lat' dir='ltr'>‘ui</span> <span class='ocrx_word' id='word_1_71' title='bbox 439 1272 669 1331; x_wconf 78' lang='lat' dir='ltr'>necessitate</span> <span class='ocrx_word' id='word_1_72' title='bbox 707 1270 814 1330; x_wconf 90' lang='lat' dir='ltr'>metri</span> <span class='ocrx_word' id='word_1_73' title='bbox 852 1271 1064 1350; x_wconf 68' lang='lat' dir='ltr'>corripuit!</span> <span class='ocrx_word' id='word_1_74' title='bbox 1113 1270 1150 1329; x_wconf 86' lang='lat' dir='ltr'>Et</span> <span class='ocrx_word' id='word_1_75' title='bbox 1179 1271 1366 1330; x_wconf 86' lang='lat' dir='ltr'>iuuencos</span> <span class='ocrx_word' id='word_1_76' title='bbox 1394 1270 1430 1329; x_wconf 89' lang='lat' dir='ltr'>dc</span> 
     </span>
     <span class='ocr_line' id='line_1_10' title="bbox 134 1372 395 1433; baseline -0.004 -1"><span class='ocrx_word' id='word_1_77' title='bbox 134 1372 233 1432; x_wconf 88' lang='lat' dir='ltr'>luturo</span> <span class='ocrx_word' id='word_1_78' title='bbox 255 1378 395 1433; x_wconf 87' lang='lat' dir='ltr'>testatur:</span> 
     </span>
     <span class='ocr_line' id='line_1_11' title="bbox 99 1470 1238 1547; baseline -0.002 -13"><span class='ocrx_word' id='word_1_79' title='bbox 99 1488 123 1527; x_wconf 80' lang='grc' dir='ltr'>ιο</span> <span class='ocrx_word' id='word_1_80' title='bbox 308 1472 561 1547; x_wconf 88' lang='lat' dir='ltr'>Neccauibus</span> <span class='ocrx_word' id='word_1_81' title='bbox 584 1480 751 1533; x_wconf 83' lang='lat' dir='ltr'>sanctum</span> <span class='ocrx_word' id='word_1_82' title='bbox 775 1473 959 1533; x_wconf 87' lang='lat' dir='ltr'>dederitis</span> <span class='ocrx_word' id='word_1_83' title='bbox 982 1490 1075 1533; x_wconf 90' lang='lat' dir='ltr'>neue</span> <span class='ocrx_word' id='word_1_84' title='bbox 1097 1470 1238 1533; x_wconf 85' lang='lat' dir='ltr'>uelitis.</span> 
     </span>
     <span class='ocr_line' id='line_1_12' title="bbox 136 1571 1429 1654; baseline 0.001 -19"><span class='ocrx_word' id='word_1_85' title='bbox 136 1574 170 1635; x_wconf 82' lang='lat' dir='ltr'>Et</span> <span class='ocrx_word' id='word_1_86' title='bbox 191 1576 425 1654; x_wconf 74' lang='lat' dir='ltr'>Augustinus</span> <span class='ocrx_word' id='word_1_87' title='bbox 447 1576 484 1633; x_wconf 90' lang='lat' dir='ltr'>in</span> <span class='ocrx_word' id='word_1_88' title='bbox 507 1572 605 1634; x_wconf 78' lang='lat' dir='ltr'>lilrro</span> <span class='ocrx_word' id='word_1_89' title='bbox 629 1574 670 1634; x_wconf 88' lang='lat' dir='ltr'>de</span> <span class='ocrx_word' id='word_1_90' title='bbox 694 1573 871 1635; x_wconf 90' lang='lat' dir='ltr'>doctrina</span> <span class='ocrx_word' id='word_1_91' title='bbox 895 1573 1125 1641; x_wconf 82' lang='lat' dir='ltr'>Christiana,</span> <span class='ocrx_word' id='word_1_92' title='bbox 1148 1571 1199 1633; x_wconf 92' lang='lat' dir='ltr'>ubi</span> <span class='ocrx_word' id='word_1_93' title='bbox 1224 1592 1337 1652; x_wconf 72' lang='lat' dir='ltr'>polmus</span> <span class='ocrx_word' id='word_1_94' title='bbox 1359 1575 1429 1636; x_wconf 89' lang='lat' dir='ltr'>illud</span> 
     </span>
     <span class='ocr_line' id='line_1_13' title="bbox 135 1673 1432 1756; baseline 0.001 -20"><span class='ocrx_word' id='word_1_95' title='bbox 135 1674 276 1756; x_wconf 82' lang='lat' dir='ltr'>apostoli:</span> <span class='ocrx_word' id='word_1_96' title='bbox 300 1676 417 1737; x_wconf 72' lang='lat' dir='ltr'>‘Carnis</span> <span class='ocrx_word' id='word_1_97' title='bbox 439 1693 540 1735; x_wconf 88' lang='lat' dir='ltr'>curam</span> <span class='ocrx_word' id='word_1_98' title='bbox 563 1694 600 1736; x_wconf 92' lang='lat' dir='ltr'>ne</span> <span class='ocrx_word' id='word_1_99' title='bbox 624 1675 754 1736; x_wconf 87' lang='lat' dir='ltr'>ieceritis</span> <span class='ocrx_word' id='word_1_100' title='bbox 777 1677 806 1736; x_wconf 92' lang='lat' dir='ltr'>in</span> <span class='ocrx_word' id='word_1_101' title='bbox 830 1676 1108 1753; x_wconf 89' lang='lat' dir='ltr'>concupesceutiis’,</span> <span class='ocrx_word' id='word_1_102' title='bbox 1133 1673 1289 1735; x_wconf 87' lang='lat' dir='ltr'>euidenter</span> <span class='ocrx_word' id='word_1_103' title='bbox 1303 1677 1432 1738; x_wconf 82' lang='lat' dir='ltr'>ostendit</span> 
     </span>
     <span class='ocr_line' id='line_1_14' title="bbox 134 1777 585 1839; baseline -0.004 -1"><span class='ocrx_word' id='word_1_104' title='bbox 134 1777 293 1839; x_wconf 76' lang='lat' dir='ltr'>‘ieceritis’</span> <span class='ocrx_word' id='word_1_105' title='bbox 316 1796 381 1838; x_wconf 86' lang='lat' dir='ltr'>csse</span> <span class='ocrx_word' id='word_1_106' title='bbox 404 1777 585 1838; x_wconf 85' lang='lat' dir='ltr'>dichoreum.</span> 
     </span>
     <span class='ocr_line' id='line_1_15' title="bbox 218 1877 1428 1959; baseline 0.002 -19"><span class='ocrx_word' id='word_1_107' title='bbox 218 1878 264 1940; x_wconf 78' lang='lat' dir='ltr'>ab</span> <span class='ocrx_word' id='word_1_108' title='bbox 286 1877 460 1939; x_wconf 77' lang='lat' dir='ltr'>‘adolesco’</span> <span class='ocrx_word' id='word_1_109' title='bbox 485 1877 578 1938; x_wconf 88' lang='lat' dir='ltr'>uerbo</span> <span class='ocrx_word' id='word_1_110' title='bbox 602 1881 685 1939; x_wconf 90' lang='lat' dir='ltr'>uenit</span> <span class='ocrx_word' id='word_1_111' title='bbox 708 1881 896 1959; x_wconf 89' lang='lat' dir='ltr'>participium</span> <span class='ocrx_word' id='word_1_112' title='bbox 920 1878 1138 1947; x_wconf 74' lang='lat' dir='ltr'>‘adolescens’‚</span> <span class='ocrx_word' id='word_1_113' title='bbox 1169 1877 1207 1938; x_wconf 89' lang='lat' dir='ltr'>ob</span> <span class='ocrx_word' id='word_1_114' title='bbox 1235 1881 1320 1940; x_wconf 86' lang='lat' dir='ltr'>cuius</span> <span class='ocrx_word' id='word_1_115' title='bbox 1348 1881 1428 1942; x_wconf 86' lang='lat' dir='ltr'>dille-</span> 
     </span>
     <span class='ocr_line' id='line_1_16' title="bbox 97 1978 1428 2061; baseline 0.004 -24"><span class='ocrx_word' id='word_1_116' title='bbox 97 1984 263 2042; x_wconf 72' lang='lat' dir='ltr'>terentiana</span> <span class='ocrx_word' id='word_1_117' title='bbox 298 1978 385 2042; x_wconf 91' lang='lat' dir='ltr'>docet</span> <span class='ocrx_word' id='word_1_118' title='bbox 417 1979 536 2059; x_wconf 86' lang='lat' dir='ltr'>Caper</span> <span class='ocrx_word' id='word_1_119' title='bbox 568 1983 794 2061; x_wconf 84' lang='lat' dir='ltr'>antiquissimus</span> <span class='ocrx_word' id='word_1_120' title='bbox 817 1989 847 2041; x_wconf 89' lang='lat' dir='ltr'>ct</span> <span class='ocrx_word' id='word_1_121' title='bbox 868 1980 1059 2041; x_wconf 86' lang='lat' dir='ltr'>doctissimus</span> <span class='ocrx_word' id='word_1_122' title='bbox 1092 1981 1127 2038; x_wconf 92' lang='lat' dir='ltr'>iu</span> <span class='ocrx_word' id='word_1_123' title='bbox 1156 1979 1428 2061; x_wconf 80' lang='lat' dir='ltr'>orthographia</span> 
     </span>
     <span class='ocr_line' id='line_1_17' title="bbox 134 2079 1429 2160; baseline 0.002 -17"><span class='ocrx_word' id='word_1_124' title='bbox 134 2101 215 2152; x_wconf 85' lang='lat' dir='ltr'>sua,</span> <span class='ocrx_word' id='word_1_125' title='bbox 239 2079 317 2160; x_wconf 88' lang='lat' dir='ltr'>quod</span> <span class='ocrx_word' id='word_1_126' title='bbox 340 2100 395 2160; x_wconf 89' lang='lat' dir='ltr'>per</span> <span class='ocrx_word' id='word_1_127' title='bbox 415 2084 424 2141; x_wconf 94' lang='lat' dir='ltr'>i</span> <span class='ocrx_word' id='word_1_128' title='bbox 445 2081 599 2158; x_wconf 77' lang='lat' dir='ltr'>profertur</span> <span class='ocrx_word' id='word_1_129' title='bbox 622 2101 730 2145; x_wconf 90' lang='lat' dir='ltr'>nomen</span> <span class='ocrx_word' id='word_1_130' title='bbox 754 2083 958 2148; x_wconf 85' lang='lat' dir='ltr'>‘adoliscens&#39;‚</span> <span class='ocrx_word' id='word_1_131' title='bbox 982 2079 1060 2141; x_wconf 77' lang='lat' dir='ltr'>tande</span> <span class='ocrx_word' id='word_1_132' title='bbox 1084 2080 1230 2142; x_wconf 87' lang='lat' dir='ltr'>diriuutur</span> <span class='ocrx_word' id='word_1_133' title='bbox 1253 2082 1429 2145; x_wconf 81' lang='lat' dir='ltr'>‘adoliscen-</span> 
     </span>
     <span class='ocr_line' id='line_1_18' title="bbox 135 2182 1152 2264; baseline 0 -21"><span class='ocrx_word' id='word_1_134' title='bbox 135 2184 197 2254; x_wconf 89' lang='lat' dir='ltr'>tia’,</span> <span class='ocrx_word' id='word_1_135' title='bbox 221 2183 395 2243; x_wconf 86' lang='lat' dir='ltr'>diminuitur</span> <span class='ocrx_word' id='word_1_136' title='bbox 417 2182 683 2256; x_wconf 78' lang='lat' dir='ltr'>‘adoliscentulus’‚</span> <span class='ocrx_word' id='word_1_137' title='bbox 707 2191 888 2264; x_wconf 85' lang='lat' dir='ltr'>propagatur</span> <span class='ocrx_word' id='word_1_138' title='bbox 911 2182 1152 2243; x_wconf 83' lang='lat' dir='ltr'>‘adoliscentior’.</span> 
     </span>
    </p>
   </div>
   <div class='ocr_carea' id='block_1_4' title="bbox 79 2382 1468 4088">
    <p class='ocr_par' dir='ltr' id='par_1_4' title="bbox 79 2382 1468 4088">
     <span class='ocr_line' id='line_1_19' title="bbox 221 2382 1429 2467; baseline 0.003 -22"><span class='ocrx_word' id='word_1_139' title='bbox 221 2384 232 2466; x_wconf 74' lang='lat' dir='ltr'>ll</span> <span class='ocrx_word' id='word_1_140' title='bbox 251 2385 270 2445; x_wconf 93' lang='lat' dir='ltr'>l.</span> <span class='ocrx_word' id='word_1_141' title='bbox 287 2382 328 2448; x_wconf 82' lang='lat' dir='ltr'>8b</span> <span class='ocrx_word' id='word_1_142' title='bbox 347 2384 358 2467; x_wconf 76' lang='lat' dir='ltr'>ll</span> <span class='ocrx_word' id='word_1_143' title='bbox 383 2385 535 2465; x_wconf 72' lang='lat' dir='ltr'>‘Explicit&#39;</span> <span class='ocrx_word' id='word_1_144' title='bbox 551 2385 632 2447; x_wconf 93' lang='lat' dir='ltr'>nullo</span> <span class='ocrx_word' id='word_1_145' title='bbox 654 2385 743 2447; x_wconf 88' lang='lat' dir='ltr'>modo</span> <span class='ocrx_word' id='word_1_146' title='bbox 765 2386 822 2447; x_wconf 88' lang='lat' dir='ltr'>dici</span> <span class='ocrx_word' id='word_1_147' title='bbox 845 2388 923 2466; x_wconf 88' lang='lat' dir='ltr'>quit,</span> <span class='ocrx_word' id='word_1_148' title='bbox 949 2388 1004 2448; x_wconf 81' lang='lat' dir='ltr'>nisi</span> <span class='ocrx_word' id='word_1_149' title='bbox 1028 2386 1216 2447; x_wconf 75' lang='lat' dir='ltr'>consuetude</span> <span class='ocrx_word' id='word_1_150' title='bbox 1232 2398 1354 2467; x_wconf 77' lang='lat' dir='ltr'>pratroua</span> <span class='ocrx_word' id='word_1_151' title='bbox 1376 2392 1429 2457; x_wconf 86' lang='lat' dir='ltr'>sit;</span> 
     </span>
     <span class='ocr_line' id='line_1_20' title="bbox 135 2486 1430 2570; baseline 0.002 -21"><span class='ocrx_word' id='word_1_152' title='bbox 135 2489 295 2549; x_wconf 87' lang='lat' dir='ltr'>auctoritas</span> <span class='ocrx_word' id='word_1_153' title='bbox 328 2488 407 2547; x_wconf 89' lang='lat' dir='ltr'>enim</span> <span class='ocrx_word' id='word_1_154' title='bbox 436 2498 466 2548; x_wconf 90' lang='lat' dir='ltr'>et</span> <span class='ocrx_word' id='word_1_155' title='bbox 493 2489 569 2548; x_wconf 89' lang='lat' dir='ltr'>ratio</span> <span class='ocrx_word' id='word_1_156' title='bbox 593 2486 712 2567; x_wconf 83' lang='lat' dir='ltr'>regulae</span> <span class='ocrx_word' id='word_1_157' title='bbox 740 2487 846 2548; x_wconf 83' lang='lat' dir='ltr'>delicit.</span> <span class='ocrx_word' id='word_1_158' title='bbox 891 2488 1025 2568; x_wconf 73' lang='lat' dir='ltr'>licitique</span> <span class='ocrx_word' id='word_1_159' title='bbox 1054 2487 1158 2548; x_wconf 86' lang='lat' dir='ltr'>beatus</span> <span class='ocrx_word' id='word_1_160' title='bbox 1188 2489 1430 2570; x_wconf 81' lang='lat' dir='ltr'>Hieronymus</span> 
     </span>
     <span class='ocr_line' id='line_1_21' title="bbox 95 2587 1429 2669; baseline 0.004 -23"><span class='ocrx_word' id='word_1_161' title='bbox 95 2591 175 2668; x_wconf 28' lang='lat' dir='ltr'>oia,</span> <span class='ocrx_word' id='word_1_162' title='bbox 194 2587 442 2669; x_wconf 85' lang='lat' dir='ltr'>epistolarum</span> <span class='ocrx_word' id='word_1_163' title='bbox 466 2607 534 2650; x_wconf 93' lang='lat' dir='ltr'>una</span> <span class='ocrx_word' id='word_1_164' title='bbox 556 2608 702 2650; x_wconf 87' lang='lat' dir='ltr'>suarum</span> <span class='ocrx_word' id='word_1_165' title='bbox 726 2589 835 2651; x_wconf 88' lang='lat' dir='ltr'>latetur</span> <span class='ocrx_word' id='word_1_166' title='bbox 864 2589 961 2650; x_wconf 89' lang='lat' dir='ltr'>solere</span> <span class='ocrx_word' id='word_1_167' title='bbox 984 2589 1042 2649; x_wconf 90' lang='lat' dir='ltr'>diei</span> <span class='ocrx_word' id='word_1_168' title='bbox 1071 2588 1231 2669; x_wconf 72' lang='lat' dir='ltr'>‘explicuit</span> <span class='ocrx_word' id='word_1_169' title='bbox 1259 2589 1352 2650; x_wconf 78' lang='lat' dir='ltr'>tito’</span> <span class='ocrx_word' id='word_1_170' title='bbox 1382 2592 1429 2651; x_wconf 89' lang='lat' dir='ltr'>uel</span> 
     </span>
     <span class='ocr_line' id='line_1_22' title="bbox 135 2682 1428 2771; baseline 0 -20"><span class='ocrx_word' id='word_1_171' title='bbox 135 2690 356 2769; x_wconf 76' lang='lat' dir='ltr'>‘explicuerunt</span> <span class='ocrx_word' id='word_1_172' title='bbox 377 2688 528 2770; x_wconf 86' lang='lat' dir='ltr'>capitula&#39;,</span> <span class='ocrx_word' id='word_1_173' title='bbox 557 2689 625 2751; x_wconf 87' lang='lat' dir='ltr'>idco</span> <span class='ocrx_word' id='word_1_174' title='bbox 647 2692 715 2771; x_wconf 90' lang='lat' dir='ltr'>quia</span> <span class='ocrx_word' id='word_1_175' title='bbox 738 2693 776 2751; x_wconf 93' lang='lat' dir='ltr'>ita</span> <span class='ocrx_word' id='word_1_176' title='bbox 800 2692 952 2770; x_wconf 79' lang='lat' dir='ltr'>profertur</span> <span class='ocrx_word' id='word_1_177' title='bbox 975 2682 1130 2769; x_wconf 80' lang='lat' dir='ltr'>corrupte:</span> <span class='ocrx_word' id='word_1_178' title='bbox 1161 2707 1231 2749; x_wconf 81' lang='lat' dir='ltr'>rem</span> <span class='ocrx_word' id='word_1_179' title='bbox 1253 2691 1281 2750; x_wconf 90' lang='lat' dir='ltr'>id</span> <span class='ocrx_word' id='word_1_180' title='bbox 1304 2695 1428 2771; x_wconf 86' lang='lat' dir='ltr'>scripto·</span> 
     </span>
     <span class='ocr_line' id='line_1_23' title="bbox 132 2790 1342 2872; baseline -0.001 -17"><span class='ocrx_word' id='word_1_181' title='bbox 132 2812 198 2855; x_wconf 89' lang='lat' dir='ltr'>rum</span> <span class='ocrx_word' id='word_1_182' title='bbox 223 2794 296 2853; x_wconf 92' lang='lat' dir='ltr'>uitio</span> <span class='ocrx_word' id='word_1_183' title='bbox 317 2790 468 2862; x_wconf 87' lang='lat' dir='ltr'>accidisse,</span> <span class='ocrx_word' id='word_1_184' title='bbox 494 2800 526 2853; x_wconf 90' lang='lat' dir='ltr'>ut</span> <span class='ocrx_word' id='word_1_185' title='bbox 548 2792 663 2854; x_wconf 88' lang='lat' dir='ltr'>dicatur</span> <span class='ocrx_word' id='word_1_186' title='bbox 686 2793 830 2872; x_wconf 80' lang='lat' dir='ltr'>‘explicit’</span> <span class='ocrx_word' id='word_1_187' title='bbox 855 2811 909 2870; x_wconf 87' lang='lat' dir='ltr'>pro</span> <span class='ocrx_word' id='word_1_188' title='bbox 933 2791 1085 2870; x_wconf 79' lang='lat' dir='ltr'>‘explicat&#39;</span> <span class='ocrx_word' id='word_1_189' title='bbox 1104 2790 1150 2850; x_wconf 92' lang='lat' dir='ltr'>uel</span> <span class='ocrx_word' id='word_1_190' title='bbox 1168 2791 1342 2870; x_wconf 79' lang='lat' dir='ltr'>‘explicuit’.</span> 
     </span>
     <span class='ocr_line' id='line_1_24' title="bbox 219 2892 1425 2972; baseline 0.001 -19"><span class='ocrx_word' id='word_1_191' title='bbox 219 2893 433 2963; x_wconf 75' lang='lat' dir='ltr'>‘Adulescens&#39;,</span> <span class='ocrx_word' id='word_1_192' title='bbox 451 2903 483 2953; x_wconf 92' lang='lat' dir='ltr'>ut</span> <span class='ocrx_word' id='word_1_193' title='bbox 498 2894 615 2972; x_wconf 84' lang='lat' dir='ltr'>Caper</span> <span class='ocrx_word' id='word_1_194' title='bbox 637 2895 672 2953; x_wconf 90' lang='lat' dir='ltr'>in</span> <span class='ocrx_word' id='word_1_195' title='bbox 696 2894 932 2971; x_wconf 82' lang='lat' dir='ltr'>ortltogralia</span> <span class='ocrx_word' id='word_1_196' title='bbox 955 2913 1016 2954; x_wconf 86' lang='lat' dir='ltr'>sua</span> <span class='ocrx_word' id='word_1_197' title='bbox 1042 2900 1173 2963; x_wconf 87' lang='lat' dir='ltr'>testatur,</span> <span class='ocrx_word' id='word_1_198' title='bbox 1192 2892 1361 2954; x_wconf 84' lang='lat' dir='ltr'>utdlomodo</span> <span class='ocrx_word' id='word_1_199' title='bbox 1385 2905 1425 2954; x_wconf 81' lang='lat' dir='ltr'>est</span> 
     </span>
     <span class='ocr_line' id='line_1_25' title="bbox 133 2993 1431 3073; baseline 0.001 -18"><span class='ocrx_word' id='word_1_200' title='bbox 133 2993 307 3063; x_wconf 88' lang='lat' dir='ltr'>dicendum;</span> <span class='ocrx_word' id='word_1_201' title='bbox 343 2995 424 3053; x_wconf 88' lang='lat' dir='ltr'>uenit</span> <span class='ocrx_word' id='word_1_202' title='bbox 455 2996 547 3064; x_wconf 89' lang='lat' dir='ltr'>enim,</span> <span class='ocrx_word' id='word_1_203' title='bbox 581 2995 660 3055; x_wconf 89' lang='lat' dir='ltr'>sicut</span> <span class='ocrx_word' id='word_1_204' title='bbox 694 2993 771 3053; x_wconf 87' lang='lat' dir='ltr'>idem</span> <span class='ocrx_word' id='word_1_205' title='bbox 807 2995 960 3054; x_wconf 87' lang='lat' dir='ltr'>euidenter</span> <span class='ocrx_word' id='word_1_206' title='bbox 982 2994 1098 3073; x_wconf 90' lang='lat' dir='ltr'>pandit,</span> <span class='ocrx_word' id='word_1_207' title='bbox 1134 2994 1169 3054; x_wconf 77' lang='lat' dir='ltr'>ala</span> <span class='ocrx_word' id='word_1_208' title='bbox 1194 2994 1331 3055; x_wconf 80' lang='lat' dir='ltr'>‘adtdeo‘</span> <span class='ocrx_word' id='word_1_209' title='bbox 1354 2996 1431 3057; x_wconf 87' lang='lat' dir='ltr'>idest</span> 
     </span>
     <span class='ocr_line' id='line_1_26' title="bbox 93 3092 1428 3191; baseline 0.001 -36"><span class='ocrx_word' id='word_1_210' title='bbox 93 3113 236 3157; x_wconf 73' lang='lat' dir='ltr'>accresco</span> <span class='ocrx_word' id='word_1_211' title='bbox 261 3094 354 3156; x_wconf 88' lang='lat' dir='ltr'>uerbo</span> <span class='ocrx_word' id='word_1_212' title='bbox 376 3097 563 3176; x_wconf 77' lang='lat' dir='ltr'>participium</span> <span class='ocrx_word' id='word_1_213' title='bbox 588 3092 786 3191; x_wconf 73' lang='lat' dir='ltr'>‘adolescens&#39;</span> <span class='ocrx_word' id='word_1_214' title='bbox 811 3105 840 3156; x_wconf 92' lang='lat' dir='ltr'>et</span> <span class='ocrx_word' id='word_1_215' title='bbox 862 3114 969 3157; x_wconf 90' lang='lat' dir='ltr'>nornen</span> <span class='ocrx_word' id='word_1_216' title='bbox 993 3096 1194 3166; x_wconf 77' lang='lat' dir='ltr'>‘adollsoeus&#39;,</span> <span class='ocrx_word' id='word_1_217' title='bbox 1219 3105 1249 3157; x_wconf 91' lang='lat' dir='ltr'>ct</span> <span class='ocrx_word' id='word_1_218' title='bbox 1272 3104 1428 3174; x_wconf 78' lang='lat' dir='ltr'>tetrumque</span> 
     </span>
     <span class='ocr_line' id='line_1_27' title="bbox 79 3194 1429 3277; baseline 0.001 -19"><span class='ocrx_word' id='word_1_219' title='bbox 79 3232 83 3239; x_wconf 87' lang='lat'>·</span> <span class='ocrx_word' id='word_1_220' title='bbox 132 3214 187 3277; x_wconf 85' lang='lat' dir='ltr'>per</span> <span class='ocrx_word' id='word_1_221' title='bbox 210 3215 227 3256; x_wconf 94' lang='lat' dir='ltr'>o</span> <span class='ocrx_word' id='word_1_222' title='bbox 251 3194 407 3266; x_wconf 85' lang='lat' dir='ltr'>uidelicet,</span> <span class='ocrx_word' id='word_1_223' title='bbox 437 3215 472 3257; x_wconf 89' lang='lat' dir='ltr'>eo</span> <span class='ocrx_word' id='word_1_224' title='bbox 495 3197 572 3274; x_wconf 91' lang='lat' dir='ltr'>quod</span> <span class='ocrx_word' id='word_1_225' title='bbox 596 3196 634 3256; x_wconf 73' lang='lat' dir='ltr'>ala</span> <span class='ocrx_word' id='word_1_226' title='bbox 657 3196 779 3265; x_wconf 82' lang='lat' dir='ltr'>olentia,</span> <span class='ocrx_word' id='word_1_227' title='bbox 809 3197 887 3258; x_wconf 90' lang='lat' dir='ltr'>idest</span> <span class='ocrx_word' id='word_1_228' title='bbox 909 3197 1072 3258; x_wconf 90' lang='lat' dir='ltr'>crescendo</span> <span class='ocrx_word' id='word_1_229' title='bbox 1094 3198 1207 3258; x_wconf 86' lang='lat' dir='ltr'>dictum</span> <span class='ocrx_word' id='word_1_230' title='bbox 1230 3201 1282 3259; x_wconf 93' lang='lat' dir='ltr'>sit:</span> <span class='ocrx_word' id='word_1_231' title='bbox 1307 3209 1429 3277; x_wconf 85' lang='lat' dir='ltr'>propter</span> 
     </span>
     <span class='ocr_line' id='line_1_28' title="bbox 132 3297 1429 3378; baseline -0.001 -20"><span class='ocrx_word' id='word_1_232' title='bbox 132 3298 330 3359; x_wconf 87' lang='lat' dir='ltr'>diliercntiam</span> <span class='ocrx_word' id='word_1_233' title='bbox 362 3305 460 3358; x_wconf 86' lang='lat' dir='ltr'>tamen</span> <span class='ocrx_word' id='word_1_234' title='bbox 496 3316 601 3359; x_wconf 90' lang='lat' dir='ltr'>nomen</span> <span class='ocrx_word' id='word_1_235' title='bbox 635 3299 732 3378; x_wconf 89' lang='lat' dir='ltr'>ipsum</span> <span class='ocrx_word' id='word_1_236' title='bbox 767 3318 821 3378; x_wconf 90' lang='lat' dir='ltr'>per</span> <span class='ocrx_word' id='word_1_237' title='bbox 848 3300 857 3358; x_wconf 92' lang='lat' dir='ltr'>i</span> <span class='ocrx_word' id='word_1_238' title='bbox 886 3298 944 3359; x_wconf 91' lang='lat' dir='ltr'>dici</span> <span class='ocrx_word' id='word_1_239' title='bbox 978 3297 1090 3359; x_wconf 84' lang='lat' dir='ltr'>debere</span> <span class='ocrx_word' id='word_1_240' title='bbox 1124 3298 1212 3358; x_wconf 78' lang='lat' dir='ltr'>‹licit&#39;</span> <span class='ocrx_word' id='word_1_241' title='bbox 1252 3297 1429 3360; x_wconf 71' lang='lat' dir='ltr'>alcuinus</span> 
     </span>
     <span class='ocr_line' id='line_1_29' title="bbox 132 3397 1427 3479; baseline 0 -18"><span class='ocrx_word' id='word_1_242' title='bbox 132 3402 238 3468; x_wconf 90' lang='lat' dir='ltr'>ctiam,</span> <span class='ocrx_word' id='word_1_243' title='bbox 267 3398 359 3459; x_wconf 84' lang='lat' dir='ltr'>ueluti</span> <span class='ocrx_word' id='word_1_244' title='bbox 388 3397 491 3460; x_wconf 86' lang='lat' dir='ltr'>debuit</span> <span class='ocrx_word' id='word_1_245' title='bbox 518 3402 567 3461; x_wconf 90' lang='lat' dir='ltr'>uir</span> <span class='ocrx_word' id='word_1_246' title='bbox 596 3408 715 3461; x_wconf 89' lang='lat' dir='ltr'>sanctus</span> <span class='ocrx_word' id='word_1_247' title='bbox 743 3408 773 3459; x_wconf 91' lang='lat' dir='ltr'>et</span> <span class='ocrx_word' id='word_1_248' title='bbox 801 3400 917 3471; x_wconf 88' lang='lat' dir='ltr'>doctus,</span> <span class='ocrx_word' id='word_1_249' title='bbox 951 3398 1198 3461; x_wconf 65' lang='lat' dir='ltr'>iadolisccntetu&#39;</span> <span class='ocrx_word' id='word_1_250' title='bbox 1227 3420 1280 3479; x_wconf 84' lang='lat' dir='ltr'>per</span> <span class='ocrx_word' id='word_1_251' title='bbox 1309 3420 1427 3462; x_wconf 76' lang='lat' dir='ltr'>errarunt</span> 
     </span>
     <span class='ocr_line' id='line_1_30' title="bbox 133 3499 1429 3582; baseline 0 -20"><span class='ocrx_word' id='word_1_252' title='bbox 133 3499 364 3570; x_wconf 83' lang='lat' dir='ltr'>bibliothecam,</span> <span class='ocrx_word' id='word_1_253' title='bbox 396 3500 447 3561; x_wconf 86' lang='lat' dir='ltr'>ubi</span> <span class='ocrx_word' id='word_1_254' title='bbox 475 3500 615 3561; x_wconf 89' lang='lat' dir='ltr'>uidelicet</span> <span class='ocrx_word' id='word_1_255' title='bbox 642 3518 701 3561; x_wconf 93' lang='lat' dir='ltr'>uon</span> <span class='ocrx_word' id='word_1_256' title='bbox 730 3503 933 3581; x_wconf 90' lang='lat' dir='ltr'>participium,</span> <span class='ocrx_word' id='word_1_257' title='bbox 961 3501 1013 3561; x_wconf 87' lang='lat' dir='ltr'>sed</span> <span class='ocrx_word' id='word_1_258' title='bbox 1036 3519 1154 3581; x_wconf 84' lang='lat' dir='ltr'>semper</span> <span class='ocrx_word' id='word_1_259' title='bbox 1178 3519 1285 3563; x_wconf 92' lang='lat' dir='ltr'>nomeu</span> <span class='ocrx_word' id='word_1_260' title='bbox 1309 3502 1337 3562; x_wconf 90' lang='lat' dir='ltr'>id</span> <span class='ocrx_word' id='word_1_261' title='bbox 1361 3522 1429 3582; x_wconf 87' lang='lat' dir='ltr'>rep·</span> 
     </span>
     <span class='ocr_line' id='line_1_31' title="bbox 94 3594 1468 3684; baseline 0.002 -24"><span class='ocrx_word' id='word_1_262' title='bbox 94 3621 121 3660; x_wconf 79' lang='lat' dir='ltr'>so</span> <span class='ocrx_word' id='word_1_263' title='bbox 135 3605 230 3684; x_wconf 89' lang='lat' dir='ltr'>perit,</span> <span class='ocrx_word' id='word_1_264' title='bbox 253 3605 321 3662; x_wconf 85' lang='lat' dir='ltr'>iure</span> <span class='ocrx_word' id='word_1_265' title='bbox 342 3619 396 3680; x_wconf 88' lang='lat' dir='ltr'>per</span> <span class='ocrx_word' id='word_1_266' title='bbox 418 3603 427 3660; x_wconf 92' lang='lat' dir='ltr'>i</span> <span class='ocrx_word' id='word_1_267' title='bbox 450 3602 661 3680; x_wconf 78' lang='lat' dir='ltr'>proferendum</span> <span class='ocrx_word' id='word_1_268' title='bbox 685 3605 828 3672; x_wconf 85' lang='lat' dir='ltr'>correxit,</span> <span class='ocrx_word' id='word_1_269' title='bbox 853 3610 898 3662; x_wconf 90' lang='lat' dir='ltr'>ut:</span> <span class='ocrx_word' id='word_1_270' title='bbox 928 3602 1105 3663; x_wconf 71' lang='lat' dir='ltr'>‘adoliscens</span> <span class='ocrx_word' id='word_1_271' title='bbox 1127 3594 1181 3663; x_wconf 74' lang='lat' dir='ltr'>altu</span> <span class='ocrx_word' id='word_1_272' title='bbox 1205 3603 1286 3663; x_wconf 89' lang='lat' dir='ltr'>dico:</span> <span class='ocrx_word' id='word_1_273' title='bbox 1317 3608 1427 3680; x_wconf 81' lang='lat' dir='ltr'>surge’,</span> <span class='ocrx_word' id='word_1_274' title='bbox 1462 3678 1468 3684; x_wconf 28' lang='grc' dir='ltr'>Ι</span> 
     </span>
     <span class='ocr_line' id='line_1_32' title="bbox 134 3700 1427 3785; baseline 0.002 -22"><span class='ocrx_word' id='word_1_275' title='bbox 134 3712 178 3765; x_wconf 88' lang='lat' dir='ltr'>et:</span> <span class='ocrx_word' id='word_1_276' title='bbox 202 3703 288 3764; x_wconf 82' lang='lat' dir='ltr'>‘dixit</span> <span class='ocrx_word' id='word_1_277' title='bbox 310 3700 519 3764; x_wconf 83' lang='lat' dir='ltr'>adoliscentior</span> <span class='ocrx_word' id='word_1_278' title='bbox 542 3723 576 3764; x_wconf 83' lang='lat' dir='ltr'>en</span> <span class='ocrx_word' id='word_1_279' title='bbox 601 3703 657 3764; x_wconf 88' lang='lat' dir='ltr'>illis</span> <span class='ocrx_word' id='word_1_280' title='bbox 680 3706 769 3784; x_wconf 91' lang='lat' dir='ltr'>patri&#39;</span> <span class='ocrx_word' id='word_1_281' title='bbox 793 3715 822 3764; x_wconf 93' lang='lat' dir='ltr'>ct</span> <span class='ocrx_word' id='word_1_282' title='bbox 843 3705 886 3763; x_wconf 73' lang='lat' dir='ltr'>‘in</span> <span class='ocrx_word' id='word_1_283' title='bbox 902 3724 961 3785; x_wconf 88' lang='lat' dir='ltr'>quo</span> <span class='ocrx_word' id='word_1_284' title='bbox 976 3709 1106 3784; x_wconf 79' lang='lat' dir='ltr'>corriget</span> <span class='ocrx_word' id='word_1_285' title='bbox 1127 3703 1334 3765; x_wconf 88' lang='lat' dir='ltr'>adolisceutior</span> <span class='ocrx_word' id='word_1_286' title='bbox 1351 3706 1427 3765; x_wconf 89' lang='lat' dir='ltr'>uiam</span> 
     </span>
     <span class='ocr_line' id='line_1_33' title="bbox 129 3802 1428 3885; baseline -0.002 -18"><span class='ocrx_word' id='word_1_287' title='bbox 129 3807 226 3867; x_wconf 87' lang='lat' dir='ltr'>suaro’</span> <span class='ocrx_word' id='word_1_288' title='bbox 250 3814 280 3865; x_wconf 89' lang='lat' dir='ltr'>et</span> <span class='ocrx_word' id='word_1_289' title='bbox 302 3802 546 3866; x_wconf 78' lang='lat' dir='ltr'>‘adoliscentulus</span> <span class='ocrx_word' id='word_1_290' title='bbox 568 3824 633 3865; x_wconf 91' lang='lat' dir='ltr'>sum</span> <span class='ocrx_word' id='word_1_291' title='bbox 657 3823 712 3883; x_wconf 82' lang='lat' dir='ltr'>ego</span> <span class='ocrx_word' id='word_1_292' title='bbox 735 3813 765 3865; x_wconf 89' lang='lat' dir='ltr'>et</span> <span class='ocrx_word' id='word_1_293' title='bbox 786 3808 997 3885; x_wconf 89' lang='lat' dir='ltr'>contemptus&#39;.</span> <span class='ocrx_word' id='word_1_294' title='bbox 1047 3807 1090 3868; x_wconf 81' lang='lat' dir='ltr'>ab</span> <span class='ocrx_word' id='word_1_295' title='bbox 1114 3806 1331 3866; x_wconf 80' lang='lat' dir='ltr'>‘adoliscente&#39;</span> <span class='ocrx_word' id='word_1_296' title='bbox 1357 3825 1428 3865; x_wconf 86' lang='lat' dir='ltr'>uero</span> 
     </span>
     <span class='ocr_line' id='line_1_34' title="bbox 132 3904 1428 3987; baseline -0.004 -18"><span class='ocrx_word' id='word_1_297' title='bbox 132 3925 241 3970; x_wconf 87' lang='lat' dir='ltr'>nomeu</span> <span class='ocrx_word' id='word_1_298' title='bbox 264 3914 381 3967; x_wconf 89' lang='lat' dir='ltr'>constat</span> <span class='ocrx_word' id='word_1_299' title='bbox 404 3904 653 3968; x_wconf 77' lang='lat' dir='ltr'>‘adoliscentiam’</span> <span class='ocrx_word' id='word_1_300' title='bbox 677 3909 796 3977; x_wconf 85' lang='lat' dir='ltr'>uenire,</span> <span class='ocrx_word' id='word_1_301' title='bbox 828 3926 862 3967; x_wconf 91' lang='lat' dir='ltr'>ac</span> <span class='ocrx_word' id='word_1_302' title='bbox 885 3926 938 3986; x_wconf 89' lang='lat' dir='ltr'>per</span> <span class='ocrx_word' id='word_1_303' title='bbox 966 3907 1022 3967; x_wconf 85' lang='lat' dir='ltr'>laoc</span> <span class='ocrx_word' id='word_1_304' title='bbox 1050 3906 1153 3987; x_wconf 88' lang='lat' dir='ltr'>procul</span> <span class='ocrx_word' id='word_1_305' title='bbox 1182 3905 1272 3965; x_wconf 79' lang='lat' dir='ltr'>‹tutuo</span> <span class='ocrx_word' id='word_1_306' title='bbox 1302 3907 1341 3966; x_wconf 90' lang='lat' dir='ltr'>ita</span> <span class='ocrx_word' id='word_1_307' title='bbox 1370 3907 1428 3967; x_wconf 90' lang='lat' dir='ltr'>dici</span> 
     </span>
     <span class='ocr_line' id='line_1_35' title="bbox 132 4007 1428 4088; baseline -0.002 -19"><span class='ocrx_word' id='word_1_308' title='bbox 132 4017 214 4069; x_wconf 89' lang='lat' dir='ltr'>recte</span> <span class='ocrx_word' id='word_1_309' title='bbox 237 4007 356 4068; x_wconf 82' lang='lat' dir='ltr'>dehere.</span> <span class='ocrx_word' id='word_1_310' title='bbox 403 4008 433 4068; x_wconf 90' lang='lat' dir='ltr'>Sl</span> <span class='ocrx_word' id='word_1_311' title='bbox 457 4010 524 4087; x_wconf 85' lang='lat' dir='ltr'>quis</span> <span class='ocrx_word' id='word_1_312' title='bbox 547 4017 644 4069; x_wconf 87' lang='lat' dir='ltr'>autem</span> <span class='ocrx_word' id='word_1_313' title='bbox 667 4017 765 4088; x_wconf 75' lang='lat' dir='ltr'>pietat,</span> <span class='ocrx_word' id='word_1_314' title='bbox 790 4008 868 4088; x_wconf 90' lang='lat' dir='ltr'>quod</span> <span class='ocrx_word' id='word_1_315' title='bbox 891 4009 966 4069; x_wconf 84' lang='lat' dir='ltr'>sicut</span> <span class='ocrx_word' id='word_1_316' title='bbox 988 4007 1128 4068; x_wconf 77' lang='lat' dir='ltr'>‘adultus’</span> <span class='ocrx_word' id='word_1_317' title='bbox 1145 4008 1261 4076; x_wconf 85' lang='lat' dir='ltr'>dicitur,</span> <span class='ocrx_word' id='word_1_318' title='bbox 1284 4011 1327 4067; x_wconf 90' lang='lat' dir='ltr'>sic</span> <span class='ocrx_word' id='word_1_319' title='bbox 1343 4008 1428 4067; x_wconf 76' lang='lat' dir='ltr'>‘adu-</span> 
     </span>
    </p>
   </div>
   <div class='ocr_carea' id='block_1_5' title="bbox 92 4104 1520 4190">
    <p class='ocr_par' dir='ltr' id='par_1_5' title="bbox 92 4104 1520 4190">
     <span class='ocr_line' id='line_1_36' title="bbox 92 4104 1520 4190; baseline 0 -22"><span class='ocrx_word' id='word_1_320' title='bbox 92 4109 264 4170; x_wconf 79' lang='lat' dir='ltr'>aelescens&#39;</span> <span class='ocrx_word' id='word_1_321' title='bbox 288 4127 404 4190; x_wconf 80' lang='lat' dir='ltr'>quoquc</span> <span class='ocrx_word' id='word_1_322' title='bbox 427 4128 482 4188; x_wconf 83' lang='lat' dir='ltr'>per</span> <span class='ocrx_word' id='word_1_323' title='bbox 504 4128 523 4169; x_wconf 96' lang='lat' dir='ltr'>u</span> <span class='ocrx_word' id='word_1_324' title='bbox 547 4108 605 4170; x_wconf 88' lang='lat' dir='ltr'>diei</span> <span class='ocrx_word' id='word_1_325' title='bbox 628 4109 748 4180; x_wconf 84' lang='lat' dir='ltr'>debeat,</span> <span class='ocrx_word' id='word_1_326' title='bbox 779 4109 870 4169; x_wconf 77' lang='lat' dir='ltr'>elrabio</span> <span class='ocrx_word' id='word_1_327' title='bbox 893 4110 995 4189; x_wconf 88' lang='lat' dir='ltr'>procul</span> <span class='ocrx_word' id='word_1_328' title='bbox 1025 4118 1118 4179; x_wconf 85' lang='lat' dir='ltr'>errat;</span> <span class='ocrx_word' id='word_1_329' title='bbox 1149 4113 1321 4186; x_wconf 78' lang='lat' dir='ltr'>frequenter</span> <span class='ocrx_word' id='word_1_330' title='bbox 1349 4111 1426 4169; x_wconf 88' lang='lat' dir='ltr'>cuim</span> <span class='ocrx_word' id='word_1_331' title='bbox 1516 4104 1520 4112; x_wconf 81' lang='grc'><strong>’</strong></span> 
     </span>
    </p>
   </div>
   <div class='ocr_carea' id='block_1_6' title="bbox 129 4328 1429 4801">
    <p class='ocr_par' dir='ltr' id='par_1_6' title="bbox 130 4328 1428 4462">
     <span class='ocr_line' id='line_1_37' title="bbox 130 4328 1428 4394; baseline -0.001 -16"><span class='ocrx_word' id='word_1_332' title='bbox 130 4328 184 4379; x_wconf 84' lang='lat' dir='ltr'>sole</span> <span class='ocrx_word' id='word_1_333' title='bbox 201 4355 235 4364; x_wconf 91' lang='lat'>-</span> <span class='ocrx_word' id='word_1_334' title='bbox 252 4343 345 4377; x_wconf 79' lang='lat' dir='ltr'>errrore</span> <span class='ocrx_word' id='word_1_335' title='bbox 368 4340 524 4378; x_wconf 85' lang='lat' dir='ltr'>monstratur</span> <span class='ocrx_word' id='word_1_336' title='bbox 546 4330 636 4378; x_wconf 87' lang='lat' dir='ltr'>etenim</span> <span class='ocrx_word' id='word_1_337' title='bbox 664 4330 802 4378; x_wconf 73' lang='lat' dir='ltr'>struentes</span> <span class='ocrx_word' id='word_1_338' title='bbox 821 4344 968 4378; x_wconf 84' lang='lat' dir='ltr'>successum</span> <span class='ocrx_word' id='word_1_339' title='bbox 987 4331 1069 4379; x_wconf 78' lang='lat' dir='ltr'>anoctis</span> <span class='ocrx_word' id='word_1_340' title='bbox 1088 4344 1223 4394; x_wconf 86' lang='lat' dir='ltr'>uesperum</span> <span class='ocrx_word' id='word_1_341' title='bbox 1242 4329 1330 4388; x_wconf 83' lang='lat' dir='ltr'>laubct,</span> <span class='ocrx_word' id='word_1_342' title='bbox 1349 4330 1385 4378; x_wconf 82' lang='lat' dir='ltr'>sie</span> <span class='ocrx_word' id='word_1_343' title='bbox 1404 4342 1428 4377; x_wconf 90' lang='lat' dir='ltr'>et</span> 
     </span>
     <span class='ocr_line' id='line_1_38' title="bbox 131 4397 1080 4462; baseline 0 -17"><span class='ocrx_word' id='word_1_344' title='bbox 131 4412 183 4445; x_wconf 77' lang='lat' dir='ltr'>raon</span> <span class='ocrx_word' id='word_1_345' title='bbox 201 4397 252 4446; x_wconf 87' lang='lat' dir='ltr'>diei</span> <span class='ocrx_word' id='word_1_346' title='bbox 271 4408 362 4446; x_wconf 84' lang='lat' dir='ltr'>exortu</span> <span class='ocrx_word' id='word_1_347' title='bbox 380 4411 513 4461; x_wconf 78' lang='lat' dir='ltr'>uesperam</span> <span class='ocrx_word' id='word_1_348' title='bbox 532 4397 608 4446; x_wconf 85' lang='lat' dir='ltr'>laabet</span> <span class='ocrx_word' id='word_1_349' title='bbox 625 4409 650 4445; x_wconf 90' lang='lat' dir='ltr'>et</span> <span class='ocrx_word' id='word_1_350' title='bbox 667 4406 705 4445; x_wconf 84' lang='lat' dir='ltr'>est</span> <span class='ocrx_word' id='word_1_351' title='bbox 725 4400 821 4462; x_wconf 87' lang='lat' dir='ltr'>primae</span> <span class='ocrx_word' id='word_1_352' title='bbox 839 4397 1015 4446; x_wconf 80' lang='lat' dir='ltr'>declinationis</span> <span class='ocrx_word' id='word_1_353' title='bbox 1034 4410 1080 4451; x_wconf 85' lang='lat' dir='ltr'>etc,</span> 
     </span>
    </p>

    <p class='ocr_par' dir='ltr' id='par_1_7' title="bbox 129 4461 1429 4801">
     <span class='ocr_line' id='line_1_39' title="bbox 201 4461 1428 4531; baseline 0 -18"><span class='ocrx_word' id='word_1_354' title='bbox 201 4461 301 4515; x_wconf 83' lang='lat' dir='ltr'>lCaus</span> <span class='ocrx_word' id='word_1_355' title='bbox 370 4466 490 4514; x_wconf 79' lang='lat' dir='ltr'>2casrna</span> <span class='ocrx_word' id='word_1_356' title='bbox 563 4463 745 4528; x_wconf 75' lang='lat' dir='ltr'>illgerinarrs]</span> <span class='ocrx_word' id='word_1_357' title='bbox 770 4465 848 4527; x_wconf 85' lang='lat' dir='ltr'>Verp.</span> <span class='ocrx_word' id='word_1_358' title='bbox 868 4467 933 4514; x_wconf 81' lang='lat' dir='ltr'>Aen.</span> <span class='ocrx_word' id='word_1_359' title='bbox 955 4465 994 4513; x_wconf 90' lang='lat' dir='ltr'>Vl</span> <span class='ocrx_word' id='word_1_360' title='bbox 1013 4468 1064 4514; x_wconf 74' lang='lat'>514</span> <span class='ocrx_word' id='word_1_361' title='bbox 1149 4461 1323 4531; x_wconf 82' lang='lat' dir='ltr'>8luueneus]</span> <span class='ocrx_word' id='word_1_362' title='bbox 1344 4466 1373 4513; x_wconf 82' lang='lat' dir='ltr'>L.</span> <span class='ocrx_word' id='word_1_363' title='bbox 1394 4464 1428 4513; x_wconf 88' lang='lat'>11</span> 
     </span>
     <span class='ocr_line' id='line_1_40' title="bbox 130 4530 1429 4598; baseline -0.003 -15"><span class='ocrx_word' id='word_1_364' title='bbox 130 4534 171 4583; x_wconf 82' lang='lat' dir='ltr'>ed.</span> <span class='ocrx_word' id='word_1_365' title='bbox 192 4531 257 4584; x_wconf 78' lang='lat' dir='ltr'>Bere.</span> <span class='ocrx_word' id='word_1_366' title='bbox 276 4540 334 4583; x_wconf 84' lang='lat' dir='ltr'>tom.</span> <span class='ocrx_word' id='word_1_367' title='bbox 354 4533 401 4582; x_wconf 90' lang='lat' dir='ltr'>IV</span> <span class='ocrx_word' id='word_1_368' title='bbox 416 4549 442 4596; x_wconf 83' lang='lat' dir='ltr'>p.</span> <span class='ocrx_word' id='word_1_369' title='bbox 461 4533 536 4581; x_wconf 77' lang='lat'><strong><em>601)</em></strong></span> <span class='ocrx_word' id='word_1_370' title='bbox 607 4536 637 4582; x_wconf 89' lang='lat'>10</span> <span class='ocrx_word' id='word_1_371' title='bbox 656 4530 784 4596; x_wconf 83' lang='lat' dir='ltr'>sunctum]</span> <span class='ocrx_word' id='word_1_372' title='bbox 806 4531 854 4580; x_wconf 78' lang='lat' dir='ltr'>ierit</span> <span class='ocrx_word' id='word_1_373' title='bbox 927 4535 956 4581; x_wconf 82' lang='lat'>15</span> <span class='ocrx_word' id='word_1_374' title='bbox 976 4530 1068 4597; x_wconf 79' lang='lat' dir='ltr'>Caper]</span> <span class='ocrx_word' id='word_1_375' title='bbox 1089 4532 1170 4598; x_wconf 83' lang='lat' dir='ltr'>Apud</span> <span class='ocrx_word' id='word_1_376' title='bbox 1187 4533 1296 4597; x_wconf 80' lang='lat' dir='ltr'>Coprunr</span> <span class='ocrx_word' id='word_1_377' title='bbox 1314 4533 1429 4581; x_wconf 82' lang='lat' dir='ltr'>l&#39;utarlrir&#39;</span> 
     </span>
     <span class='ocr_line' id='line_1_41' title="bbox 129 4600 1427 4665; baseline -0.002 -17"><span class='ocrx_word' id='word_1_378' title='bbox 129 4616 156 4665; x_wconf 83' lang='lat' dir='ltr'>p.</span> <span class='ocrx_word' id='word_1_379' title='bbox 176 4601 248 4649; x_wconf 72' lang='lat'><strong><em>2243</em></strong></span> <span class='ocrx_word' id='word_1_380' title='bbox 270 4602 308 4650; x_wconf 80' lang='lat' dir='ltr'>nil</span> <span class='ocrx_word' id='word_1_381' title='bbox 323 4602 373 4650; x_wconf 56' lang='lat' dir='ltr'>naal</span> <span class='ocrx_word' id='word_1_382' title='bbox 394 4601 457 4650; x_wconf 82' lang='lat' dir='ltr'>daec</span> <span class='ocrx_word' id='word_1_383' title='bbox 478 4603 650 4650; x_wconf 78' lang='lat' dir='ltr'>inuertiuntur:</span> <span class='ocrx_word' id='word_1_384' title='bbox 675 4600 825 4650; x_wconf 83' lang='lat' dir='ltr'>adulescens</span> <span class='ocrx_word' id='word_1_385' title='bbox 844 4615 934 4648; x_wconf 90' lang='lat' dir='ltr'>nomeu</span> <span class='ocrx_word' id='word_1_386' title='bbox 955 4613 1005 4661; x_wconf 85' lang='lat' dir='ltr'>cst,</span> <span class='ocrx_word' id='word_1_387' title='bbox 1028 4601 1178 4650; x_wconf 76' lang='lat' dir='ltr'>urlolescens</span> <span class='ocrx_word' id='word_1_388' title='bbox 1196 4601 1359 4665; x_wconf 83' lang='lat' dir='ltr'>participium</span> <span class='ocrx_word' id='word_1_389' title='bbox 1379 4609 1427 4662; x_wconf 75' lang='lat' dir='ltr'>est,</span> 
     </span>
     <span class='ocr_line' id='line_1_42' title="bbox 130 4668 1427 4734; baseline -0.001 -17"><span class='ocrx_word' id='word_1_390' title='bbox 130 4684 196 4734; x_wconf 82' lang='lat' dir='ltr'>puae</span> <span class='ocrx_word' id='word_1_391' title='bbox 213 4675 239 4717; x_wconf 81' lang='lat' dir='ltr'>et</span> <span class='ocrx_word' id='word_1_392' title='bbox 256 4668 288 4716; x_wconf 83' lang='lat' dir='ltr'>ub</span> <span class='ocrx_word' id='word_1_393' title='bbox 305 4670 337 4718; x_wconf 74' lang='lat' dir='ltr'>ide</span> <span class='ocrx_word' id='word_1_394' title='bbox 355 4685 420 4733; x_wconf 82' lang='lat' dir='ltr'>puae</span> <span class='ocrx_word' id='word_1_395' title='bbox 442 4668 489 4718; x_wconf 73' lang='lat' dir='ltr'>deoc</span> <span class='ocrx_word' id='word_1_396' title='bbox 511 4670 566 4719; x_wconf 84' lang='lat' dir='ltr'>loeo</span> <span class='ocrx_word' id='word_1_397' title='bbox 590 4671 708 4718; x_wconf 78' lang='lat' dir='ltr'>alienatur</span> <span class='ocrx_word' id='word_1_398' title='bbox 730 4677 756 4718; x_wconf 80' lang='lat' dir='ltr'>et</span> <span class='ocrx_word' id='word_1_399' title='bbox 773 4671 822 4717; x_wconf 82' lang='lat' dir='ltr'>illis</span> <span class='ocrx_word' id='word_1_400' title='bbox 845 4686 909 4733; x_wconf 81' lang='lat' dir='ltr'>parrae</span> <span class='ocrx_word' id='word_1_401' title='bbox 932 4669 1002 4731; x_wconf 64' lang='lat' dir='ltr'>{rasta</span> <span class='ocrx_word' id='word_1_402' title='bbox 1020 4687 1041 4722; x_wconf 85' lang='lat' dir='ltr'>o.</span> <span class='ocrx_word' id='word_1_403' title='bbox 1062 4672 1098 4719; x_wconf 83' lang='lat'>23</span> <span class='ocrx_word' id='word_1_404' title='bbox 1114 4685 1168 4734; x_wconf 83' lang='lat' dir='ltr'>uep.</span> <span class='ocrx_word' id='word_1_405' title='bbox 1192 4669 1328 4729; x_wconf 79' lang='lat' dir='ltr'>laudentur,</span> <span class='ocrx_word' id='word_1_406' title='bbox 1353 4669 1427 4716; x_wconf 81' lang='lat' dir='ltr'>urrlde</span> 
     </span>
     <span class='ocr_line' id='line_1_43' title="bbox 129 4737 524 4801; baseline -0.003 -15"><span class='ocrx_word' id='word_1_407' title='bbox 129 4739 288 4801; x_wconf 78' lang='lat' dir='ltr'>discrepeat,</span> <span class='ocrx_word' id='word_1_408' title='bbox 357 4737 388 4786; x_wconf 81' lang='lat'>31</span> <span class='ocrx_word' id='word_1_409' title='bbox 408 4747 433 4785; x_wconf 89' lang='lat' dir='ltr'>ct</span> <span class='ocrx_word' id='word_1_410' title='bbox 450 4737 475 4784; x_wconf 87' lang='lat' dir='ltr'>in</span> <span class='ocrx_word' id='word_1_411' title='bbox 494 4751 524 4785; x_wconf 92' lang='lat' dir='ltr'>co</span> 
     </span>
    </p>
   </div>
   <div class='ocr_carea' id='block_1_7' title="bbox 1169 4819 1218 4871">
    <p class='ocr_par' dir='ltr' id='par_1_8' title="bbox 1169 4819 1218 4871">
     <span class='ocr_line' id='line_1_44' title="bbox 1169 4819 1218 4871; baseline 0.02 -1"><span class='ocrx_word' id='word_1_412' title='bbox 1169 4819 1218 4871; x_wconf 77' lang='lat'>12·</span> 
     </span>
    </p>
   </div>
   <div class='ocr_carea' id='block_1_8' title="bbox 0 0 1714 5378">
    <p class='ocr_par' dir='ltr' id='par_1_9' title="bbox 0 0 1714 5378">
     <span class='ocr_line' id='line_1_45' title="bbox 0 0 1714 5378; baseline 0 1"><span class='ocrx_word' id='word_1_413' title='bbox 0 0 1714 5378; x_wconf 95' lang='lat' dir='ltr'> </span> 
     </span>
    </p>
   </div>
  </div>
 </body>
</html>
