3420 5378
598 261 637 311 ru
655 260 741 311 nou.
759 260 885 311 earnm
904 261 1084 314 rrruonnu.
1426 259 1489 324 215

192 451 305 530 antiqui
337 448 476 510 dicebant
508 451 626 511 moenio
656 467 711 528 per
739 467 774 510 oe
804 448 1023 533 diphthongon.
1069 449 1139 510 lnde
1167 457 1198 510 et
1225 451 1340 511 moenia
1369 467 1424 529 per·
1452 467 1488 508 oe

191 551 270 631 apud
292 568 348 613 nos
369 551 519 612 scribitur.
564 551 622 611 lnl
627 568 663 610 ra
687 557 841 621 tectum,
864 551 1004 612 sedemus
1033 552 1062 610 ·i·
1090 553 1183 618 intus;
1208 558 1317 612 tectum
1340 551 1448 612 dieitur
1472 562 1550 611 aad.
1566 565 1590 604 19

192 652 329 733 tegendo.
485 650 640 713 Macellum
668 650 777 713 dicitur
805 671 820 712 a
851 652 1034 713 macerandis
1063 652 1216 721 carnibus,
1251 652 1301 713 ubi
1335 653 1428 714 boues
1459 662 1489 713 et

191 756 276 834 porci
297 760 485 816 macerantur
498 755 527 813 ·i·
540 753 732 815 occiduntur:
756 754 826 815 binc
841 755 1001 815 macellarii
1026 753 1174 815 dicuntur.
1205 754 1254 816 Ob
1277 755 1486 832 augurium,

160 852 235 917 Μ·
259 864 383 935 propter
405 858 567 932 augurium
596 856 680 919 diues
709 862 754 916 est
781 854 840 917 ille.
891 859 1054 934 Augurium
1083 856 1190 915 dieitur
1218 856 1375 924 diuinatio,
1404 857 1487 935 quasi

179 960 388 1038 ,auigarrinmL
414 960 444 1018 ·i·
469 976 484 1016 a
507 958 619 1036 garritu
643 959 758 1026 auium,
782 956 829 1018 uel
853 960 936 1035 quasi
960 960 1140 1036 anigerinm,
1167 958 1303 1038 eoquod
1328 959 1388 1037 ipsa
1413 956 1486 1017 dini-

190 1062 271 1121 natio
299 1060 328 1119 in
358 1058 481 1120 uocibus
508 1067 628 1136 geratur
661 1061 772 1119 auium.
827 1060 922 1120 Pone
952 1059 1134 1129 tribunal,
1166 1060 1251 1121 sedet
1279 1059 1379 1130 lictor,
1411 1060 1487 1121 idest

190 1163 320 1241 uirgiler.
365 1159 508 1222 Tribunal
532 1160 640 1222 dicitnr
662 1161 748 1221 sedes
771 1161 891 1222 tribuni.
937 1160 1013 1223 Olim
1036 1170 1101 1222 erat
1123 1162 1274 1231 tribunus,
1303 1164 1353 1239 qui
1381 1164 1485 1222 tertiae

190 1265 267 1343 parti
290 1257 400 1323 Rornae
423 1270 570 1343 praeerat.
615 1263 702 1323 blodo
726 1260 909 1324 millenarius
931 1263 1039 1332 dicitur
1062 1262 1213 1331 tribunus,
1237 1267 1286 1343 qni
1310 1262 1390 1324 mille
1413 1265 1487 1324 uiris

150 1377 177 1417 1⁰
190 1373 317 1445 praeest.
351 1365 423 1426 lnde
440 1363 568 1425 tribunal
585 1364 694 1425 dieitur
709 1363 796 1425 sedes
811 1363 974 1431 iudiciaria,
998 1366 1046 1424 eui
1062 1365 1227 1425 iudicantes
1243 1365 1346 1426 sedent
1360 1363 1485 1425 indices,

302 1465 403 1527 Paries
425 1466 534 1526 dicitur
557 1485 571 1525 a
596 1464 759 1545 parilitate,
785 1467 814 1524 ·i·
838 1465 874 1526 ab
897 1466 1079 1545 aequalitate.
1123 1466 1284 1544 Propter
1307 1465 1486 1544 discipli·

189 1587 285 1638 uam,
309 1570 427 1629 uenisti.
466 1566 626 1646 Disciplina
655 1567 763 1629 dicitur
791 1569 992 1644 magisterium
1016 1588 1032 1627 a
1056 1567 1209 1637 discendo,
1239 1567 1374 1648 eoquod
1398 1566 1484 1646 plena

188 1671 335 1739 discatur;
365 1669 435 1729 binc
457 1676 486 1728 ot
508 1667 669 1748 discipulus
692 1687 706 1728 a
730 1668 895 1748 disciplina.
1025 1669 1165 1729 Fenestra
1189 1669 1310 1738 dicitnr,
1340 1688 1375 1729 eo
1404 1667 1483 1748 qnod

187 1775 268 1834 intus
283 1770 359 1833 ierat
374 1769 484 1830 lucem:
502 1771 546 1829 los
562 1771 640 1829 enirn
657 1771 769 1831 Graece
785 1769 833 1830 lur
850 1771 964 1832 Latine.
996 1770 1204 1831 Secundum
1229 1772 1345 1841 iores,
1369 1768 1478 1831 scribo.
1494 1791 1516 1833 r·
1529 1780 1579 1832 ³8⁵,
1593 1784 1618 1821 ²⁰

148 1882 175 1922 ¹⁵
188 1872 356 1934 Secundum
380 1879 410 1932 et
432 1890 519 1932 secus
542 1879 571 1932 et
592 1873 671 1933 iuxta
695 1871 774 1931 idem
797 1880 876 1932 sunt.
914 1872 1005 1932 Fores
1028 1871 1182 1951 pluraliter
1204 1883 1274 1935 sient
1296 1874 1366 1933 ostia
1383 1873 1485 1934 domo·

186 1992 269 2043 rum,
298 1991 373 2051 quae
396 1969 610 2055 extrinsecusll
629 1970 715 2053 13311
732 1973 923 2052 aperiuntur,
953 1971 1057 2034 ualuae
1081 1992 1169 2045 nero,
1196 1994 1271 2055 quae
1293 1977 1483 2040 intrinsecus.

186 2074 367 2144 anelando,
391 2093 426 2135 eo
450 2075 528 2154 quod
553 2075 662 2137 uelant.
709 2076 796 2136 l‘ost
819 2083 978 2153 tergum,
1003 2077 1133 2155 respexit
1149 2095 1223 2136 uror
1238 2076 1324 2138 botlr.
1352 2077 1482 2154 Tergum

185 2179 216 2256 gi
239 2177 376 2246 dorsum,
405 2185 507 2253 tergus
530 2179 658 2254 tergoris
682 2178 722 2237 ·i·
746 2178 870 2237 corium.
916 2175 1037 2237 Trans
1065 2177 1199 2256 ripam,
1229 2179 1311 2239 iaeio.
1356 2177 1429 2256 Ripa
1453 2183 1483 2238 et

185 2297 238 2340 ora
261 2285 291 2340 et
313 2295 415 2356 margo
437 2277 515 2338 idem
532 2287 586 2339 est.
631 2277 733 2339 Vltra
757 2273 870 2346 lines,
895 2278 1024 2338 ciuitatis
1046 2279 1144 2356 pergit
1159 2279 1330 2358 episcopus,
1356 2282 1386 2339 ·i·
1402 2278 1479 2340 ultra
1494 2299 1515 2341 r·
1528 2288 1579 2338 ³⁶⁵»
1592 2291 1617 2330 21

147 2381 341 2441 nterminos.
387 2379 541 2440 Praeter
563 2375 746 2449 ollici'um,
770 2377 882 2440 laborat
905 2382 978 2458 ipse.
1023 2379 1158 2441 Ollicinm
1180 2379 1288 2440 dicitur
1304 2379 1340 2441 ab
1363 2379 1480 2448 effectu,

185 2484 270 2562 quasi
287 2481 449 2554 ‘cilicium’,
466 2498 535 2553 non,
553 2492 584 2542 nt
599 2482 745 2560 quidam
770 2490 881 2559 putant,
905 2482 942 2543 ab
965 2482 1086 2542 ‘olticio'
1110 2484 1211 2553 uerbo,
1236 2481 1314 2562 qnod
1337 2482 1482 2561 signifieat

186 2601 295 2653 noceo,
326 2582 421 2644 cilicio
445 2599 516 2642 uero
540 2589 584 2642 est
606 2584 728 2663 perlicio
756 2581 803 2644 uel
835 2583 960 2662 impleo:
989 2583 1058 2644 inde
1086 2585 1214 2644 officium
1244 2584 1351 2645 dicitnr
1373 2602 1389 2643 a
1412 2600 1480 2662 per·

185 2684 322 2746 delendo.
368 2683 483 2762 Supra
507 2681 648 2753 caelos,
672 2684 756 2745 sedet
778 2684 924 2745 dominus.
969 2683 1088 2745 Caelum
1104 2685 1212 2745 dicitnr
1228 2686 1338 2765 pictum
1354 2704 1369 2745 a
1386 2683 1479 2745 uerbo

185 2784 267 2847 caelo
289 2802 321 2846 as
345 2786 388 2845 ·i·
412 2784 515 2864 sculpo
537 2785 583 2864 pis
605 2784 652 2845 uel
675 2788 766 2866 pingo
788 2787 841 2865 gis.
886 2784 1003 2847 Caelum
1033 2787 1111 2846 enim
1135 2785 1227 2846 stellis
1250 2795 1295 2847 est
1317 2785 1478 2864 depictum.

145 2901 173 2941 as
186 2888 305 2964 Vsque
328 2885 527 2956 Oceanum,
558 2886 705 2964 gubernat
727 2888 873 2948 dominns.
921 2887 997 2966 Ocys
1020 2888 1132 2947 Graece
1156 2886 1242 2946 uelox
1266 2887 1383 2948 Latine:
1408 2887 1479 2947 inde

185 2988 322 3052 Oceanus
344 2988 454 3049 dicitur
477 3006 557 3049 mare
581 3007 720 3067 magnum
744 3008 759 3048 a
784 2989 941 3050 uelocitate
970 2987 1130 3058 undarum,
1160 3007 1219 3068 quo
1242 2991 1371 3068 cingitur
1392 3008 1477 3051 mun·

184 3091 248 3151 dus.
295 3089 458 3151 Circiter
486 3107 618 3159 annos,
648 3089 725 3150 XXX
754 3090 842 3152 babet
870 3089 919 3150 ille
947 3097 1082 3151 aetatem.
1135 3091 1260 3152 Circiter
1288 3091 1323 3152 ad
1351 3098 1477 3153 aetatem

182 3193 323 3273 pertinet.
368 3191 486 3252 Penes
509 3190 684 3260 arbitros,
708 3191 807 3252 sedeo.
845 3191 964 3253 ‘Penes’
981 3201 1010 3252 et
1025 3193 1129 3273 ‘apud'
1152 3193 1229 3253 idern
1252 3201 1330 3254 sunt.
1367 3191 1478 3254 Arbitri

183 3293 324 3355 dicuntur
350 3293 475 3364 iudices,
505 3296 555 3373 qui
584 3312 638 3353 suo
666 3293 790 3355 arbitrio
820 3312 922 3356 causas
950 3294 1090 3354 iudicant.
1141 3293 1302 3355 Arbitrium
1332 3311 1404 3354 uero
1434 3302 1478 3355 est

144 3393 277 3458 ³⁰libera
300 3404 429 3475 potestas
449 3393 498 3455 uel
521 3395 666 3457 uoluntas.

268 3495 426 3570 Sciendum
455 3503 513 3566 est,
548 3496 625 3574 apud
654 3498 784 3558 Graecos
812 3496 837 3557 X
866 3508 896 3559 et
917 3496 978 3557 Vlll
1013 3515 1078 3557 esse
1112 3499 1363 3577 praepositiones,
1397 3497 1474 3576 apud

182 3600 303 3663 Latinos
332 3617 403 3659 uero
431 3597 522 3658 multo
554 3597 665 3677 plures.
711 3598 768 3659 Sed
802 3598 858 3658 boc
891 3598 960 3658 lacit
991 3599 1140 3678 polysema
1175 3599 1348 3676 significatio
1381 3615 1475 3676 paene

182 3699 319 3763 omnibus
342 3700 463 3761 Graecis
484 3699 755 3778 praepositionibus
778 3699 880 3760 indita.
927 3701 1014 3762 Verbi
1037 3703 1131 3779 gratia
1154 3699 1235 3780 περί
1255 3701 1366 3761 Graeca
1390 3718 1475 3778 prae·

181 3803 289 3883 positio
317 3801 443 3861 diuersis
470 3799 609 3862 sensibus
637 3801 794 3879 accipitur:
840 3798 1012 3880 περιφέρω
1046 3805 1124 3863 enim
1154 3803 1348 3870 circumfero,
1382 3801 1473 3881 nepi-

143 3915 307 3984 tempnere
329 3902 565 3971 circumlocutio,
589 3895 665 3981 περὶ
688 3895 725 3963 τὸ
749 3895 827 3979 ὅρος
849 3904 927 3963 cirea
950 3912 1081 3975 montes,
1105 3899 1182 3983 περὶ
1197 3897 1311 3983 ἀρχῶν
1332 3902 1369 3962 de
1391 3886 1474 3982 prin·

182 4006 281 4085 cipiis,
307 4001 318 4085 ΙΙ
336 4001 397 4065 134
418 4000 430 4083 ΙΙ
452 4003 690 4083 nepcncodoyc'n
719 4022 902 4082 superuacua
931 4004 1065 4065 adiectio.
1110 4005 1173 4066 lloc
1202 4005 1290 4064 modo
1320 4012 1348 4063 et
1375 3996 1472 4064 uerri:

182 4158 410 4170 .—....---—

251 4262 264 4308 1
283 4259 433 4324 dyptongon
453 4258 537 4308 inde‘l
614 4262 630 4308 3
651 4259 745 4309 Donati
761 4262 858 4308 lemma:
883 4257 955 4306 iuxta
972 4258 1104 4307 macellum
1123 4274 1173 4307 nnn
1191 4275 1244 4308 enm
1261 4260 1474 4322 interpretatione

181 4329 296 4378 onciasnm
316 4333 362 4375 eet.
448 4329 586 4392 5proprer·
604 4327 676 4376 dirtos
696 4340 733 4374 esc
819 4325 1006 4389 benignfrinm
1095 4323 1243 4390 resedent]
1264 4326 1321 4374 An:
1343 4325 1472 4374 insident?

182 4397 246 4446 Post
263 4393 361 4443 indices
380 4395 476 4444 Donati
493 4397 591 4443 lemrnn:
619 4410 664 4458 per
682 4395 802 4458 parietem
820 4395 950 4442 intercidit
968 4396 1070 4458 einspne
1087 4395 1226 4457 expositio.
1316 4395 1344 4441 11
1368 4393 1474 4458 Propter·

181 4458 355 4527 disciplinam]
376 4462 410 4524 cf.
429 4463 496 4512 lion.
514 4479 541 4526 p.
562 4465 622 4525 305,
641 4465 675 4510 20
692 4477 745 4511 curn
763 4463 927 4511 adnotatione
946 4461 1033 4512 Keilii.
1104 4463 1135 4511 13
1155 4463 1249 4511 llonnti
1266 4464 1366 4509 lemnae
1392 4476 1472 4525 prope

181 4530 316 4580 fenestram
337 4531 474 4580 intercidit.
563 4532 593 4579 15
616 4527 700 4590 liostie
788 4531 818 4578 17
841 4538 901 4592 post
923 4529 1020 4592 tergani
1107 4530 1139 4577 ‘25
1157 4528 1227 4579 ocbis
1312 4530 1345 4578 ‘27
1368 4526 1474 4578 Cireiter

181 4595 275 4663 auitos]
293 4600 327 4661 cs.
347 4599 415 4648 Don.
432 4615 458 4662 p.
473 4600 532 4655 365,
547 4600 580 4645 20
598 4613 651 4646 eum
668 4598 756 4646 adnot.
775 4597 809 4646 K.
880 4592 1059 4660 neutrumne]
1079 4596 1176 4645 domini
1249 4595 1438 4661 :dipolissemn

181 4681 247 4731 pene
315 4668 348 4717 33
366 4667 449 4731 grecie
517 4659 596 4716 ΠΕΡΙ
616 4679 691 4729 greca
776 4667 808 4715 34
827 4663 936 4728 periiero
1007 4664 1139 4729 perilrnsis
1230 4667 1262 4715 33
1281 4665 1361 4730 perito
1381 4678 1438 4713 oros

181 4733 330 4801 periarchon
400 4735 432 4784 36
450 4731 603 4799 perl⁸ologio
658 4741 713 4781 cabi
