3420 5378
313 309 429 358 CCXXX
605 292 654 343 DE
673 288 824 343 IVLIANO
844 287 1039 341 TOLETANO
1057 284 1300 337 GRAMMATICO

311 483 351 544 [ta
375 501 391 542 a
415 481 532 542 benern.

484 566 521 626 Si
545 565 634 625 deus
658 569 713 623 est
734 563 877 624 animus
900 561 1026 629 uobis,
1051 568 1090 620 ut
1111 562 1274 622 carmina
1298 559 1438 620 dicunt.

311 653 352 713 ua
376 650 546 729 elongem.

439 737 512 796 Eua
535 732 705 795 columba
730 732 800 793 tuu
822 740 909 792 tune
932 730 1104 799 candida,
1129 732 1233 808 nigra
1257 729 1403 790 deinde.

310 822 350 884 [la
375 840 391 882 e
415 820 546 881 breuem.

329 962 334 972 ,
436 905 518 985 lpse
542 903 603 965 ubi
625 911 771 980 ternpus
794 902 882 970 erit,
906 918 1031 962 omnes
1053 902 1089 960 in
1113 900 1216 961 tonte
1239 899 1380 961 lauabo.

311 993 349 1053 Da
373 992 383 1050 i
406 988 537 1069 longum.

438 1074 499 1134 Ibo
522 1083 558 1134 et
579 1071 813 1138 Chalcidico,
839 1088 930 1149 quae
953 1077 1039 1131 sunt
1060 1069 1149 1130 mihi
1172 1069 1324 1131 condita
1347 1087 1467 1130 uersu.

312 1161 351 1221 Da
374 1161 385 1220 i
408 1159 540 1220 breuem.
889 1189 892 1195 .

437 1245 553 1304 Tutus
576 1244 652 1321 agit
674 1243 733 1302 uir
755 1242 878 1302 iustus
900 1242 974 1300 iter
997 1239 1054 1300 nol
1077 1256 1143 1318 per
1165 1259 1263 1300 mare
1286 1256 1464 1316 maguum.
1625 1263 1650 1300 n

311 1332 352 1393 Da
375 1350 392 1389 o
414 1328 546 1407 longum.
1210 1372 1214 1381 .

439 1415 509 1475 Ore
532 1411 701 1474 columbo
724 1411 843 1472 refert
866 1428 1004 1471 ramum
1029 1410 1235 1471 uiridantis
1257 1408 1389 1470 oliuae.

314 1500 354 1561 Da
377 1520 395 1560 o
418 1499 551 1561 breuem.

439 1584 464 1646 0
487 1582 659 1644 mortalis
681 1584 801 1650 horno,
826 1582 957 1642 rnortis
980 1581 1229 1640 reminiscere
1251 1597 1368 1640 casus.

313 1671 352 1731 lla
378 1688 396 1730 ιι
420 1668 551 1746 longum.

442 1754 512 1813 Vna
536 1772 578 1812 ex
599 1752 707 1813 Adam
731 1759 787 1811 est
809 1769 921 1820 mors,
944 1750 1084 1812 Christi
1107 1757 1141 1809 et
1163 1767 1234 1809 tina
1257 1747 1368 1809 salus.
1393 1783 1433 1793 -

441 1840 513 1898 Vna
537 1840 660 1898 uirtus
683 1837 819 1896 lorrnat
840 1837 937 1915 ipsa,
960 1852 1149 1915 quaequae
1172 1842 1260 1894 sunt
1282 1831 1429 1894 uitalia.

313 1924 354 1985 Da
377 1943 397 1985 u
421 1923 554 1984 breuem.

439 2008 648 2087 Hospitium
672 2006 738 2066 hoc
761 2005 899 2067 ‹lernini
923 2015 992 2075 est,
1016 2004 1090 2064 ilex
1107 2000 1551 2065 ubiirondeallarnbrae.
1569 2038 1613 2047 —

441 2093 573 2154 Clarus
598 2091 733 2171 ubique
756 2091 848 2152 deus
870 2109 1065 2169 numquam
1089 2086 1284 2149 nurtabilis
1306 2095 1449 2149 auctor.
1626 2110 1652 2150 ro

378 2299 438 2369 (De
451 2317 475 2358 x
489 2299 625 2371 litteru):
648 2293 750 2354 daubi
773 2296 811 2355 sit
832 2314 886 2375 pro
909 2293 1051 2373 simplice.

442 2382 485 2442 Et
506 2380 720 2460 prostrauit
742 2379 856 2439 litora
880 2378 1060 2440 Xanthus.

315 2467 354 2527 Da
377 2465 427 2527 obi
450 2484 504 2546 pro
528 2464 655 2542 duplice.

437 2550 649 2630 Adnixique
671 2548 822 2628 globum
844 2552 866 2623 †
888 2550 1035 2627 zipperi
1058 2548 1156 2608 treta
1179 2566 1267 2607 cauo
1291 2547 1480 2610 secabant.

318 2755 357 2816 lla
380 2755 431 2816 ubi
454 2753 463 2814 l
486 2755 640 2834 liquescat.

439 2839 477 2900 ln
500 2841 638 2901 iontem
660 2837 785 2899 refluo
809 2837 983 2898 lordonis
1005 2837 1155 2914 gurgite
1178 2836 1311 2897 lectur.

316 2926 356 2986 Da
379 2924 429 2985 ubi
453 2944 507 3003 pro
529 2931 711 2985 consonante
735 2925 888 3002 accipitur.

440 3012 583 3071 Coruus
606 3009 699 3069 enirn
723 3007 896 3085 ingluuie
919 3026 985 3087 per
1008 3005 1115 3066 foeda
1137 3006 1322 3067 cadauera
1346 3015 1486 3087 captus,

316 3095 357 3155 lla
379 3094 431 3154 ubi
454 3113 481 3153 ιιι
506 3093 658 3172 liquescat.

440 3179 561 3239 litora
586 3176 737 3239 rnulturn
760 3176 826 3237 ille
849 3184 884 3237 et
906 3178 1020 3239 terris
1043 3178 1206 3237 iactatus
1230 3183 1265 3236 et
1287 3175 1372 3238 alto.

349 3413 574 3448 cincinnorum.

313 3472 347 3526 lla
370 3470 463 3526 breue.
508 3471 594 3526 Tutus
616 3472 672 3543 agit
693 3501 734 3510 -
757 3471 791 3526 tta
816 3488 832 3525 ιι
856 3469 975 3543 longum.
1018 3464 1086 3524 ‘Vna
1114 3485 1145 3525 ex
1168 3468 1250 3524 uuam
1274 3479 1316 3525 est
1338 3487 1426 3534 mors,
1456 3470 1558 3528 Christi
1582 3482 1612 3529 et

316 3573 367 3612 una
391 3555 486 3611 salus.’
533 3556 566 3609 llo
590 3556 681 3611 breue.
721 3555 888 3628 ‘llospitiuru
911 3555 963 3610 hoo
985 3554 1086 3610 domiui
1109 3564 1161 3625 est,
1186 3553 1236 3609 ilex
1260 3555 1305 3610 ubi
1329 3554 1442 3612 lrurulea
1465 3556 1610 3616 llamlrre?

398 3640 435 3695 ‘21
461 3639 593 3694 Iulianus
613 3658 642 3710 p.
666 3644 699 3694 S:
728 3640 762 3694 ua
792 3639 835 3695 unt
866 3642 901 3695 sit
931 3657 980 3713 pro
1010 3639 1140 3712 simplice.
1185 3638 1228 3695 ‘Et
1257 3641 1408 3712 prostrauit
1434 3641 1514 3696 litore
1539 3642 1611 3698 Xan·

314 3726 401 3796 thus’,
430 3725 476 3780 soil
505 3724 575 3797 apud
604 3724 735 3794 Graecos,
765 3741 819 3779 nou
849 3725 918 3797 apud
948 3742 1006 3779 uos.
1058 3726 1090 3779 ua
1121 3724 1165 3779 ιιΙιί
1195 3740 1244 3796 quo
1273 3724 1389 3798 duplice.
1443 3727 1609 3800 ‘Adnixique

315 3810 427 3881 globum
450 3806 569 3882 Ziplreri’
594 3819 621 3865 et
644 3819 733 3866 cetera
756 3807 827 3880 (sic).

400 3894 439 3952 25
463 3895 596 3951 Iulianus
614 3911 646 3964 p.
664 3897 690 3949 8.
707 3898 738 3949 c:
775 3894 810 3948 Da
834 3894 878 3949 uhi
902 3894 1054 3966 liquescant
1106 3893 1134 3950 lu
1157 3894 1260 3950 fontem
1288 3925 1321 3933 -
1347 3895 1478 3951 cadauera
1502 3905 1612 3970 eaptus.

314 3979 359 4049 lla,
383 3980 426 4034 uui
452 3997 476 4034 ιιι
501 3976 641 4053 liquescat.
681 3980 758 4034 ‘Curn
781 3979 895 4035 suadens
918 3978 1029 4033 coluber
1054 3980 1170 4052 proiecit
1193 3979 1288 4034 arbore
1313 3978 1458 4034 uenennrn'
1476 4010 1515 4021 —
1533 3984 1613 4037 Ama-

318 4066 413 4119 thunta
444 4064 561 4119 metallo.
608 4063 639 4118 Et
662 4064 732 4136 apud
755 4081 823 4137 quos
847 4063 991 4137 liquescit?
1035 4065 1111 4137 Aquul
1135 4066 1267 4131 Graecos,
1300 4081 1353 4119 nou
1376 4065 1446 4138 apud
1470 4082 1530 4121 nos.
1576 4067 1612 4122 lla

319 4149 363 4204 nui
388 4165 442 4203 nou
465 4149 597 4221 liquescat
623 4178 658 4188 -
684 4148 734 4203 suu
759 4157 865 4205 mutent
888 4159 1008 4222 ternpore
1033 4149 1095 4203 iotis
1123 4180 1156 4189 -
1183 4149 1338 4204 ostenderat
1361 4159 1448 4204 ortus.

317 4380 432 4413 (soulers
452 4379 607 4413 sennensis
627 4367 676 4415 207
694 4380 841 4416 renierus.

379 4431 533 4497 estnon]
554 4433 801 4482 estrumentum
887 4429 987 4498 illua]
1011 4435 1409 4484 Prurlentit'enrlreirirlienu.1
1495 4434 1606 4502 tilpse]

316 4501 453 4566 Verqecl.
475 4500 524 4549 III
542 4505 575 4549 97
643 4499 987 4567 81n0]Ver9.eet.i'50
1039 4502 1159 4551 euleidieo
1213 4518 1303 4550 uersus¹
1358 4505 1389 4552 10
1406 4501 1500 4569 Tutus]
1523 4506 1606 4556 Prred.

312 4571 548 4619 conuenientes
636 4571 666 4618 12
685 4565 745 4634 Ore]
767 4571 846 4623 Prud.
864 4570 1000 4623 encheirid.
1021 4588 1043 4619 ιι.
1064 4573 1095 4619 10
1166 4572 1196 4619 14
1215 4570 1234 4615 u
1255 4567 1381 4634 mentulis]
1405 4570 1512 4634 Enyent'i
1529 4584 1609 4623 earm.

315 4637 348 4685 II
366 4640 379 4685 1
398 4641 452 4687 roll.
473 4637 577 4685 Patrem
598 4638 678 4700 huod.
699 4646 753 4687 torn.
775 4638 834 4687 XII
851 4655 876 4701 p.
891 4640 944 4687 315
964 4639 994 4688 D.
1066 4640 1097 4688 19
1116 4639 1245 4702 tlptiunnu
1266 4637 1322 4701 lior]
1344 4640 1421 4687 Pruu.
1443 4640 1513 4689 enelr.
1532 4659 1558 4691 u.
1574 4645 1611 4691 13

346 4715 385 4753 est
402 4705 442 4753 lex
511 4706 543 4753 22
561 4704 645 4753 xantis
714 4704 888 4770 ectutouu]
910 4705 1077 4754 procem-11.
1098 4724 1119 4754 u.
1140 4710 1174 4754 57
1247 4704 1609 4771 2800r1111s]l’ru‹t.enct.

317 4788 339 4819 n.
363 4775 392 4820 11
447 4772 576 4837 ingluuiae
596 4789 642 4838 per
660 4773 717 4822 feda
785 4777 817 4824 30
836 4772 933 4837 Litora]
956 4774 1033 4837 Verq.
1055 4775 1119 4825 Aru.
1140 4774 1190 4822 13
