3420 5378
741 323 810 376 tus
827 324 958 377 aarum

664 544 710 607 nu
733 545 1041 608 rittui’ostttorttt.

221 738 235 759 ,
289 681 473 763 l‘raepositio
495 690 539 742 est
561 700 629 762 pars
651 683 802 751 orationis,
825 701 901 762 quae
923 683 1091 763 praeposita
1113 682 1180 743 aliis
1201 681 1335 764 partibus
1357 685 1504 749 orationis

203 786 450 863 significationem
479 801 580 844 earum
611 793 661 844 aut
693 783 812 863 conplet
844 791 895 844 aut
926 792 1020 846 mutat
1048 791 1098 844 aut
1124 785 1240 846 minuit.
1284 785 1503 865 Praepositioui

204 886 310 947 accidit
332 904 422 947 unum
447 893 575 953 tantum,
599 885 676 946 idest
697 903 784 946 casus
806 885 865 946 duo
888 888 1075 949 accusatiuus
1091 894 1120 946 et
1135 885 1291 949 ablatiuus.
1336 874 1401 948 liae
1423 890 1501 950 enirn

202 995 272 1049 sunt
293 989 529 1067 praepositiones
551 1005 636 1048 casus
657 988 831 1049 accusatiui:
855 988 892 1048 ad
914 989 991 1068 apud
1015 997 1082 1048 ante
1098 988 1258 1049 aduersum
1279 989 1323 1050 cis
1345 990 1422 1051 citra
1443 992 1525 1051 cir-s

203 1110 271 1153 oum
299 1092 378 1151 circa
407 1098 509 1150 contra
539 1106 608 1167 erga
637 1097 719 1150 extra
747 1091 826 1149 inter
855 1091 931 1150 intra
959 1091 1037 1152 inira
1060 1092 1141 1152 iuxta
1165 1089 1204 1150 ob
1226 1108 1306 1170 pone
1328 1109 1385 1169 per
1408 1109 1501 1170 prope

203 1191 367 1253 secuudum
391 1199 457 1270 post
478 1200 562 1253 trans
584 1189 661 1251 ultra
684 1199 808 1271 propter
828 1209 918 1270 supra
938 1210 1033 1271 usque
1055 1210 1159 1271 penes.
1197 1191 1352 1265 Quomodo
1376 1190 1501 1253 dicimus

203 1294 239 1355 ad
256 1302 369 1373 patrem
387 1340 395 1354 .
413 1340 420 1354 .
438 1338 446 1353 .
463 1339 471 1354 .
489 1293 569 1353 etad
593 1301 706 1372 patres,
730 1300 801 1372 aput
823 1291 922 1353 uillam
946 1312 1012 1354 sum
1033 1300 1063 1353 ct
1085 1301 1156 1374 aput
1177 1293 1279 1362 uillas,
1302 1302 1372 1355 ante
1396 1294 1500 1356 aedem

203 1406 249 1458 sto
273 1404 303 1457 ct
324 1403 393 1457 ante
416 1395 520 1464 aedes,
548 1394 707 1455 aduersum
738 1394 890 1454 inimicum
919 1412 1018 1474 pugno
1042 1403 1072 1456 et
1093 1395 1251 1457 atluersum
1274 1396 1430 1464 inimicos,
1458 1396 1501 1457 cis

204 1500 327 1559 tluuiuur
350 1517 416 1558 sum
438 1504 467 1556 et
489 1497 532 1556 cis
554 1497 676 1565 lluuios,
701 1497 774 1556 citra
792 1496 888 1557 iorum
911 1504 955 1556 sto
978 1506 1008 1558 ct
1029 1499 1103 1558 citra
1125 1499 1206 1567 lora,
1230 1498 1342 1558 circum
1366 1498 1499 1558 uicinum
1513 1518 1534 1555 n

203 1599 339 1660 discurro
362 1605 392 1659 et
414 1600 526 1659 circum
550 1598 680 1668 uicinos,
703 1600 782 1659 circa
807 1598 949 1677 toutplum
972 1597 1090 1659 ambulo
1106 1606 1136 1659 et
1151 1600 1230 1660 circa
1253 1596 1374 1678 templa,
1399 1608 1501 1661 contra

204 1700 320 1763 hostem
336 1718 435 1780 pugno
451 1707 481 1759 et
495 1707 597 1760 contra
614 1698 727 1767 lrostes,
752 1717 821 1776 erga
844 1701 1043 1780 propinquum
1067 1707 1097 1760 ct
1119 1718 1188 1778 erga
1210 1703 1398 1781 propinquos
1413 1700 1500 1770 uado,

203 1813 284 1865 extra
301 1803 462 1863 torminum
479 1802 574 1878 migro
591 1809 619 1861 et
635 1809 716 1859 extra
733 1803 890 1871 terminos,
914 1803 992 1862 inter
1015 1820 1121 1863 nauem
1144 1801 1221 1863 uado
1245 1810 1273 1863 et
1294 1803 1374 1864 inter
1398 1821 1499 1871 naues,

202 1906 279 1965 intra
303 1922 419 1964 murum
443 1902 533 1964 sedeo
556 1910 585 1962 ct
607 1903 683 1962 iutra
708 1919 818 1971 muros,
841 1904 917 1963 inira
940 1911 1051 1964 tectum
1074 1922 1138 1964 sum
1162 1911 1192 1964 et
1213 1904 1289 1964 inira
1304 1911 1395 1972 tecta.
1419 1905 1498 1967 iuxta

137 2067 140 2072 ,
204 2005 358 2066 macellum
382 2014 428 2066 sto
451 2013 480 2064 et
501 2005 580 2064 iuxta
604 2002 737 2071 macella,
761 2003 800 2065 ob
815 2005 972 2081 augurium
995 2007 1155 2084 praeuenio
1171 2013 1201 2065 et
1215 2003 1253 2065 ob
1269 2006 1405 2083 auguria,
1422 2023 1531 2084 poueu

202 2104 331 2168 tribunal
358 2106 457 2166 iudico
487 2113 516 2165 et
544 2124 621 2185 pono
649 2103 822 2175 tribunalia,
851 2122 905 2182 per
933 2108 1076 2186 parietem
1099 2106 1208 2185 aspicio
1231 2115 1261 2167 ct
1282 2124 1337 2185 per
1359 2108 1498 2185 parimas,

202 2227 296 2287 prope
319 2210 479 2269 fenestram
503 2215 549 2267 sto
566 2215 595 2268 et
610 2225 704 2287 prope
728 2206 888 2282 fenestras,
912 2207 1076 2268 secundum
1100 2206 1196 2287 legem
1219 2206 1317 2289 iudico
1339 2216 1371 2268 et
1392 2226 1498 2270 secun-

203 2309 273 2369 dum
302 2307 395 2387 loges,
425 2315 491 2388 post
519 2317 636 2386 tergum
659 2306 748 2386 alligo
770 2315 800 2368 et
821 2315 889 2388 post
911 2316 1008 2386 terga,
1037 2315 1119 2402 traps
1145 2310 1240 2388 ripam
1264 2307 1342 2370 uado
1364 2317 1397 2370 et
1418 2317 1499 2372 trans

201 2412 298 2491 ripas,
327 2408 403 2470 ultra
431 2410 519 2470 linem
542 2428 608 2471 sum
631 2417 661 2470 et
682 2407 759 2471 ultra
781 2411 870 2479 lines,
901 2419 1024 2489 propter
1052 2410 1182 2472 oillcium
1210 2410 1299 2472 uenio
1323 2417 1352 2471 et
1373 2420 1498 2493 propter

201 2513 310 2581 ollicia,
334 2530 424 2591 supra
446 2509 562 2574 caelum
583 2510 710 2572 ascendo
733 2518 763 2572 et
783 2528 873 2591 supra
896 2510 1007 2582 caelos,
1032 2529 1125 2590 usquo
1148 2530 1229 2573 mare
1252 2511 1329 2573 uado
1351 2519 1384 2575 ot
1405 2531 1530 2594 usqueso

165 2655 167 2659 ,
202 2615 309 2684 maria,
332 2632 426 2694 penes
448 2612 594 2675 arbitrum
615 2611 714 2673 iudico
737 2621 768 2674 et
788 2631 881 2693 penes
902 2612 1040 2675 arbitros.
1085 2613 1134 2674 Sic
1157 2631 1230 2692 ergo
1252 2631 1371 2694 semper
1394 2612 1497 2676 obscr-

201 2715 330 2778 uandum
353 2723 413 2783 ost,
437 2723 469 2776 ut
491 2715 546 2775 bae
568 2715 805 2795 praepositiones
827 2717 889 2777 siue
912 2717 943 2776 in
966 2715 1108 2794 singulari
1124 2733 1247 2776 numero
1262 2716 1326 2776 siue
1341 2716 1373 2777 iu
1389 2714 1497 2796 plurali

167 2843 173 2851 ·
201 2837 260 2879 non
283 2818 405 2880 alterius
428 2836 515 2878 casus
537 2815 735 2886 declinationi,
759 2814 818 2877 nisi
840 2818 1002 2879 accusatiui
1023 2817 1164 2886 seruiaut,
1187 2818 1293 2886 itaut,
1317 2836 1386 2879 cum
1409 2836 1496 2897 prae·

200 2923 362 3000 positiones
383 2923 465 3001 ipsae
488 2928 709 2998 praeponantur
731 2919 915 2989 nominibus,
945 2918 981 2979 de
1004 2917 1200 2979 declinatione
1228 2937 1313 2980 casus
1335 2921 1497 2982 accusatiui

202 3040 257 3082 nec
279 3041 335 3082 una
358 3021 455 3082 littera
477 3019 677 3082 subtrahatur.
1438 3078 1443 3087 ,
1505 3040 1529 3082 ss

286 3123 524 3202 Praepositiones
552 3141 639 3183 casus
667 3121 785 3184 ablatiui
814 3130 885 3184 suut
911 3123 981 3183 bae:
1011 3143 1027 3185 a
1054 3121 1092 3183 ab
1120 3119 1174 3182 abs
1201 3140 1268 3183 cum
1296 3140 1399 3183 coram
1421 3121 1496 3184 clam

201 3224 239 3283 de
262 3242 278 3282 e
302 3242 335 3283 ex
360 3244 413 3304 pro
435 3244 508 3304 prae
530 3222 627 3303 palam
656 3225 720 3284 sine
742 3224 854 3305 absque
879 3233 974 3286 tenus.
1019 3223 1182 3286 Dicendum
1206 3240 1278 3302 ergo
1300 3232 1347 3284 est
1366 3243 1385 3284 a
1408 3224 1496 3286 domo

201 3324 330 3385 uado-et
352 3344 367 3386 a
391 3325 542 3394 domibus,
566 3325 602 3385 ab
625 3325 745 3386 lrominc
761 3372 768 3385 .
786 3372 793 3387 .
810 3373 817 3386 .
836 3373 843 3388 .
860 3335 890 3387 et
911 3324 948 3386 ab
971 3325 1157 3400 bominibus,
1186 3323 1238 3386 abs
1260 3323 1394 3403 quolibet
1411 3372 1420 3387 .
1436 3372 1445 3388 .
1460 3371 1495 3388 ..

201 3436 230 3488 ct
257 3427 310 3488 abs
338 3427 445 3505 quibus
472 3426 559 3497 libet,
588 3445 655 3486 eum
685 3428 816 3487 exercitu
843 3437 890 3487 sto
918 3436 1040 3488 etcum
1069 3426 1261 3501 exercitibus,
1291 3444 1393 3489 coram
1423 3436 1496 3491 teste

200 3531 266 3590 dieo
290 3537 318 3589 et
340 3547 446 3616 coram
463 3526 605 3601 testibus,
636 3527 712 3588 clam
735 3528 856 3590 custode
880 3572 962 3589 ....
987 3536 1017 3589 et
1038 3528 1113 3589 olam
1135 3526 1323 3602 custodibus,
1348 3527 1385 3588 de
1409 3522 1529 3608 prae-so

199 3633 275 3691 torio
298 3638 403 3692 teneor
426 3637 456 3690 et
484 3628 520 3690 de
548 3631 721 3710 praetoriis,
750 3648 766 3690 e
793 3636 873 3692 terra
900 3631 996 3709 migro
1019 3641 1049 3691 et
1070 3649 1087 3691 c
1109 3632 1212 3700 terris,
1241 3647 1278 3691 ex
1305 3630 1495 3708 praelectum

199 3802 427 3810 *αι-

266 3920 282 3968 2
300 3933 366 3980 quoe
384 3919 532 3983 praeposita
548 3945 582 3954 —
600 3919 691 3968 minuit
708 3934 755 3973 om,
773 3919 797 3968 A
874 3922 890 3970 3
908 3919 1004 3968 minuet
1020 3919 1040 3968 B
1112 3920 1129 3969 4
1146 3934 1224 3968 trorum
1243 3927 1340 3968 tanturm
1358 3918 1494 3969 aceeditB

199 3987 261 4037 boec
279 3988 359 4043 euim,
377 4003 423 4036 om.
444 3986 521 4035 estA
544 3988 610 4035 enirn
633 3987 720 4036 omli
805 3987 1078 4052 bpraepositiouisll
1164 3986 1344 4053 'ipropterB
1368 3989 1494 4051 pretorA

199 4071 277 4120 penes
295 4056 403 4105 dicimus
422 4055 487 4103 cuim
507 4055 526 4102 B
586 4054 653 4104 iisd
673 4064 769 4120 patrem
788 4055 856 4119 opud
876 4054 961 4103 uillam
979 4065 1038 4103 urite
1055 4055 1142 4104 aedem
1161 4061 1220 4111 eto..
1240 4057 1338 4106 omunia
1352 4053 1413 4117 sere
1430 4068 1495 4106 oen·

197 4139 247 4187 per
264 4130 290 4173 et
307 4123 392 4173 uerbis
405 4123 487 4187 finitis
504 4128 529 4171 et
544 4124 636 4185 formio
651 4122 831 4187 ploratibusss
900 4123 970 4173 seis
991 4124 1096 4174 iluuium
1115 4132 1139 4172 et
1157 4123 1290 4172 duuiusB
1361 4124 1393 4172 to
1411 4132 1452 4173 sto
1469 4132 1496 4173 et

197 4191 260 4240 citra
278 4190 333 4239 lora
352 4192 467 4240 discurro
485 4191 581 4238 circum
600 4190 711 4238 uicinum
730 4201 755 4239 et
775 4192 869 4239 circum
894 4192 991 4239 uicinos
1011 4192 1033 4238 Α
1137 4193 1168 4242 13
1190 4202 1215 4240 ot
1236 4192 1303 4239 intro
1326 4205 1406 4240 naues
1429 4191 1495 4240 inter

198 4260 338 4308 murumd
390 4260 455 4307 inter
472 4272 563 4307 nauem
582 4258 648 4307 iutro
666 4259 793 4306 moenium
813 4258 853 4307 uel
871 4274 971 4307 murum
990 4256 1056 4308 inira
1073 4259 1203 4308 tectumB
1272 4259 1305 4308 to
1322 4255 1356 4324 pp
1375 4259 1493 4308 uenioA

199 4328 231 4376 19
250 4335 332 4390 pretor
351 4325 464 4375 oilleium
482 4328 558 4375 uenio
578 4336 602 4375 et
620 4336 719 4391 praeter
737 4325 860 4375 oldciod
935 4329 968 4377 20
986 4325 1218 4391 superroclumd
1270 4326 1493 4390 supercoelosA

198 4410 278 4455 usque
296 4408 365 4441 mare
383 4393 422 4442 uel
442 4395 601 4443 oceanumil
671 4396 701 4443 21
721 4409 794 4458 pene,
813 4394 890 4443 bisll
943 4393 986 4444 Sic
1003 4394 1203 4459 crgo-littero
1222 4393 1388 4444 subtrabatur
1406 4394 1494 4449 ΜΒ

197 4463 230 4510 24
248 4463 304 4526 ipse
322 4475 494 4526 proeponatur
512 4464 657 4511 nominatur
674 4463 706 4510 de
722 4461 925 4511 declinatiouell
994 4462 1027 4511 26
1045 4461 1249 4527 praepositiones
1267 4478 1314 4514 ont.
1333 4462 1354 4511 B
1387 4461 1495 4512 ablatiui

197 4544 272 4577 casus
291 4528 338 4577 bae
356 4529 453 4577 suutB
504 4529 614 4578 oblatiue
632 4531 656 4578 Α
740 4532 772 4580 27
791 4533 875 4594 pred
928 4529 1038 4578 dicimus
1061 4531 1127 4578 enim
1146 4545 1160 4578 a
1178 4530 1256 4578 domo
1274 4528 1494 4580 abhomineobs

197 4596 310 4657 quolibet
327 4611 383 4644 cum
403 4598 515 4646 exercitu
532 4612 617 4646 coram
635 4607 698 4646 teste
716 4597 780 4645 clam
803 4597 953 4646 custodibus
973 4597 1137 4661 singulariter
1154 4612 1206 4646 non
1224 4607 1263 4645 est
1280 4597 1312 4646 de
1329 4599 1462 4662 praeturio
1480 4613 1494 4648 o

196 4674 280 4712 cetero
299 4678 330 4711 cx
350 4664 507 4728 praefectura
526 4680 571 4729 pro
589 4667 679 4713 allento
697 4680 759 4730 pruo
771 4666 860 4714 timore
872 4665 956 4730 palam
971 4665 1088 4714 omnibus
1107 4666 1162 4714 sine
1179 4664 1266 4714 labore
1283 4665 1495 4727 absquo'lniuria

196 4742 269 4781 tortus
288 4746 376 4796 puppe
392 4733 461 4793 qtuod
479 4748 527 4781 nos
544 4733 653 4782 dicimus
672 4748 741 4798 pupe
758 4732 868 4781 tennsB
936 4736 969 4784 28
987 4735 1018 4782 ab
1037 4733 1140 4783 bomine
1156 4733 1194 4782 sie
1212 4743 1236 4781 et
1252 4733 1283 4781 ab
1301 4732 1453 4786 bominibus
1471 4735 1494 4784 tt

196 4800 229 4849 29
247 4813 304 4847 cum
322 4800 434 4848 exercitu
452 4810 492 4851 oto
509 4815 640 4865 suprascr.
657 4799 671 4848 i
689 4802 761 4850 eod
829 4802 863 4851 30
880 4802 993 4866 pretorio
1011 4803 1034 4850 Α
1103 4803 1135 4852 31
1153 4816 1186 4850 ex
1203 4800 1390 4867 praelectusA
