<?xml version="1.0" encoding="UTF-8"?>
<!DOCTYPE html PUBLIC "-//W3C//DTD XHTML 1.0 Transitional//EN"
    "http://www.w3.org/TR/xhtml1/DTD/xhtml1-transitional.dtd">
<html xmlns="http://www.w3.org/1999/xhtml" xml:lang="en" lang="en">
 <head>
  <title>
</title>
<meta http-equiv="Content-Type" content="text/html;charset=utf-8" />
  <meta name='ocr-system' content='tesseract 3.04.00' />
  <meta name='ocr-capabilities' content='ocr_page ocr_carea ocr_par ocr_line ocrx_word'/>
</head>
<body>
  <div class='ocr_page' id='page_1' title='image "./grammaticilatin04keilgoog/grammaticilatin04keilgoog_0048.png"; bbox 0 0 3420 5378; ppageno 0'>
   <div class='ocr_carea' id='block_1_1' title="bbox 700 185 1484 252">
    <p class='ocr_par' dir='ltr' id='par_1_1' title="bbox 700 185 1484 252">
     <span class='ocr_line' id='line_1_1' title="bbox 700 185 1484 252; baseline 0.019 -16"><span class='ocrx_word' id='word_1_1' title='bbox 700 185 784 240; x_wconf 84' lang='lat' dir='ltr'>COD.</span> <span class='ocrx_word' id='word_1_2' title='bbox 803 186 908 240; x_wconf 79' lang='lat' dir='ltr'>BERN.</span> <span class='ocrx_word' id='word_1_3' title='bbox 931 190 969 239; x_wconf 89' lang='grc'><strong>16.</strong></span> <span class='ocrx_word' id='word_1_4' title='bbox 1385 203 1484 252; x_wconf 80' lang='lat' dir='ltr'>XLVII</span> 
     </span>
    </p>
   </div>
   <div class='ocr_carea' id='block_1_2' title="bbox 112 377 1486 3320">
    <p class='ocr_par' dir='ltr' id='par_1_2' title="bbox 112 377 1486 3320">
     <span class='ocr_line' id='line_1_2' title="bbox 186 377 1485 452; baseline 0.001 -19"><span class='ocrx_word' id='word_1_5' title='bbox 186 379 241 449; x_wconf 89' lang='lat' dir='ltr'><strong>agit</strong></span> <span class='ocrx_word' id='word_1_6' title='bbox 266 378 370 434; x_wconf 86' lang='lat' dir='ltr'><strong>Cicero.</strong></span> <span class='ocrx_word' id='word_1_7' title='bbox 416 378 532 434; x_wconf 76' lang='lat' dir='ltr'><strong>Vadatur</strong></span> <span class='ocrx_word' id='word_1_8' title='bbox 554 379 643 448; x_wconf 88' lang='lat' dir='ltr'><strong>enim,</strong></span> <span class='ocrx_word' id='word_1_9' title='bbox 672 377 742 432; x_wconf 85' lang='lat' dir='ltr'><strong>idest</strong></span> <span class='ocrx_word' id='word_1_10' title='bbox 764 393 871 433; x_wconf 88' lang='lat' dir='ltr'><strong>causam</strong></span> <span class='ocrx_word' id='word_1_11' title='bbox 895 378 960 451; x_wconf 80' lang='lat' dir='ltr'><strong>agit</strong></span> <span class='ocrx_word' id='word_1_12' title='bbox 1006 377 1048 432; x_wconf 78' lang='lat' dir='ltr'><strong>Fit</strong></span> <span class='ocrx_word' id='word_1_13' title='bbox 1071 385 1099 433; x_wconf 91' lang='lat' dir='ltr'><strong>ct</strong></span> <span class='ocrx_word' id='word_1_14' title='bbox 1121 392 1170 450; x_wconf 92' lang='lat' dir='ltr'><strong>per</strong></span> <span class='ocrx_word' id='word_1_15' title='bbox 1191 377 1410 452; x_wconf 74' lang='lat' dir='ltr'><strong>distinctionem,</strong></span> <span class='ocrx_word' id='word_1_16' title='bbox 1441 391 1485 435; x_wconf 89' lang='lat' dir='ltr'><strong>ut:</strong></span> 
     </span>
     <span class='ocr_line' id='line_1_3' title="bbox 186 459 1485 535; baseline 0.002 -19"><span class='ocrx_word' id='word_1_17' title='bbox 186 462 256 517; x_wconf 87' lang='lat' dir='ltr'><strong>‘Vidi</strong></span> <span class='ocrx_word' id='word_1_18' title='bbox 279 471 396 518; x_wconf 89' lang='lat' dir='ltr'><strong>statuam</strong></span> <span class='ocrx_word' id='word_1_19' title='bbox 425 478 532 519; x_wconf 76' lang='lat' dir='ltr'><strong>astream</strong></span> <span class='ocrx_word' id='word_1_20' title='bbox 557 462 662 518; x_wconf 88' lang='lat' dir='ltr'><strong>hastam</strong></span> <span class='ocrx_word' id='word_1_21' title='bbox 686 459 844 517; x_wconf 86' lang='lat' dir='ltr'><strong>tenentem’</strong></span> <span class='ocrx_word' id='word_1_22' title='bbox 889 461 964 517; x_wconf 89' lang='lat' dir='ltr'><strong>Sicut</strong></span> <span class='ocrx_word' id='word_1_23' title='bbox 987 462 1096 535; x_wconf 88' lang='lat' dir='ltr'><strong>quidam</strong></span> <span class='ocrx_word' id='word_1_24' title='bbox 1120 462 1147 518; x_wconf 89' lang='lat' dir='ltr'><strong>iu</strong></span> <span class='ocrx_word' id='word_1_25' title='bbox 1170 471 1334 519; x_wconf 88' lang='lat' dir='ltr'><strong>testamento</strong></span> <span class='ocrx_word' id='word_1_26' title='bbox 1359 464 1485 520; x_wconf 80' lang='lat' dir='ltr'><strong>heredem</strong></span> 
     </span>
     <span class='ocr_line' id='line_1_4' title="bbox 112 546 1486 620; baseline 0.005 -23"><span class='ocrx_word' id='word_1_27' title='bbox 112 586 119 597; x_wconf 88' lang='lat'>.</span> <span class='ocrx_word' id='word_1_28' title='bbox 186 564 265 604; x_wconf 90' lang='lat' dir='ltr'><strong>suum</strong></span> <span class='ocrx_word' id='word_1_29' title='bbox 289 547 396 618; x_wconf 75' lang='lat' dir='ltr'><strong>statuit,</strong></span> <span class='ocrx_word' id='word_1_30' title='bbox 418 555 449 602; x_wconf 92' lang='lat' dir='ltr'><strong>ut</strong></span> <span class='ocrx_word' id='word_1_31' title='bbox 471 546 504 602; x_wconf 93' lang='lat' dir='ltr'><strong>ab</strong></span> <span class='ocrx_word' id='word_1_32' title='bbox 527 564 560 603; x_wconf 88' lang='lat' dir='ltr'><strong>eo</strong></span> <span class='ocrx_word' id='word_1_33' title='bbox 582 546 633 602; x_wconf 82' lang='lat' dir='ltr'><strong>sibi</strong></span> <span class='ocrx_word' id='word_1_34' title='bbox 656 555 772 620; x_wconf 87' lang='lat' dir='ltr'><strong>poneret</strong></span> <span class='ocrx_word' id='word_1_35' title='bbox 795 554 911 604; x_wconf 86' lang='lat' dir='ltr'><strong>statuam</strong></span> <span class='ocrx_word' id='word_1_36' title='bbox 934 563 1041 605; x_wconf 90' lang='lat' dir='ltr'><strong>auream</strong></span> <span class='ocrx_word' id='word_1_37' title='bbox 1064 547 1169 605; x_wconf 81' lang='lat' dir='ltr'><strong>hastam</strong></span> <span class='ocrx_word' id='word_1_38' title='bbox 1193 556 1339 604; x_wconf 88' lang='lat' dir='ltr'><strong>tenentem.</strong></span> <span class='ocrx_word' id='word_1_39' title='bbox 1384 548 1432 604; x_wconf 89' lang='lat' dir='ltr'><strong>Vbi</strong></span> <span class='ocrx_word' id='word_1_40' title='bbox 1456 549 1486 604; x_wconf 84' lang='lat' dir='ltr'><strong>dt</strong></span> 
     </span>
     <span class='ocr_line' id='line_1_5' title="bbox 184 631 1485 706; baseline 0.002 -19"><span class='ocrx_word' id='word_1_41' title='bbox 184 632 359 706; x_wconf 79' lang='lat' dir='ltr'><strong>ambiguitas,</strong></span> <span class='ocrx_word' id='word_1_42' title='bbox 382 648 416 687; x_wconf 89' lang='lat' dir='ltr'><strong>au</strong></span> <span class='ocrx_word' id='word_1_43' title='bbox 438 648 546 688; x_wconf 88' lang='lat' dir='ltr'><strong>auream</strong></span> <span class='ocrx_word' id='word_1_44' title='bbox 570 640 686 687; x_wconf 85' lang='lat' dir='ltr'><strong>statuam</strong></span> <span class='ocrx_word' id='word_1_45' title='bbox 711 648 813 705; x_wconf 91' lang='lat' dir='ltr'><strong>ponere</strong></span> <span class='ocrx_word' id='word_1_46' title='bbox 836 632 915 687; x_wconf 85' lang='lat' dir='ltr'><strong>heres</strong></span> <span class='ocrx_word' id='word_1_47' title='bbox 933 631 1059 703; x_wconf 86' lang='lat' dir='ltr'><strong>debebat,</strong></span> <span class='ocrx_word' id='word_1_48' title='bbox 1083 633 1199 706; x_wconf 82' lang='lat' dir='ltr'><strong>aliquam</strong></span> <span class='ocrx_word' id='word_1_49' title='bbox 1216 633 1319 688; x_wconf 87' lang='lat' dir='ltr'><strong>hastam</strong></span> <span class='ocrx_word' id='word_1_50' title='bbox 1336 641 1485 704; x_wconf 87' lang='lat' dir='ltr'><strong>tenentem,</strong></span> 
     </span>
     <span class='ocr_line' id='line_1_6' title="bbox 159 714 1400 774; baseline 0.005 -6"><span class='ocrx_word' id='word_1_51' title='bbox 159 728 217 773; x_wconf 78' lang='lat' dir='ltr'><strong>aan</strong></span> <span class='ocrx_word' id='word_1_52' title='bbox 241 726 357 773; x_wconf 90' lang='lat' dir='ltr'><strong>statuam</strong></span> <span class='ocrx_word' id='word_1_53' title='bbox 380 717 527 774; x_wconf 91' lang='lat' dir='ltr'><strong>cuiuslibet</strong></span> <span class='ocrx_word' id='word_1_54' title='bbox 550 716 677 773; x_wconf 89' lang='lat' dir='ltr'><strong>materiae</strong></span> <span class='ocrx_word' id='word_1_55' title='bbox 700 717 805 772; x_wconf 88' lang='lat' dir='ltr'><strong>hastam</strong></span> <span class='ocrx_word' id='word_1_56' title='bbox 828 714 916 773; x_wconf 92' lang='lat' dir='ltr'><strong>solum</strong></span> <span class='ocrx_word' id='word_1_57' title='bbox 940 733 1049 774; x_wconf 90' lang='lat' dir='ltr'><strong>auream</strong></span> <span class='ocrx_word' id='word_1_58' title='bbox 1075 724 1218 774; x_wconf 83' lang='lat' dir='ltr'><strong>tenentem.</strong></span> <span class='ocrx_word' id='word_1_59' title='bbox 1263 718 1295 773; x_wconf 84' lang='lat' dir='ltr'><strong>Et</strong></span> <span class='ocrx_word' id='word_1_60' title='bbox 1319 718 1400 774; x_wconf 87' lang='lat' dir='ltr'><strong>iliud:</strong></span> 
     </span>
     <span class='ocr_line' id='line_1_7' title="bbox 387 800 1205 859; baseline 0.002 -3"><span class='ocrx_word' id='word_1_61' title='bbox 387 801 452 858; x_wconf 86' lang='lat' dir='ltr'><strong>Nec</strong></span> <span class='ocrx_word' id='word_1_62' title='bbox 475 801 611 857; x_wconf 83' lang='lat' dir='ltr'><strong>intuere</strong></span> <span class='ocrx_word' id='word_1_63' title='bbox 634 800 707 857; x_wconf 82' lang='lat' dir='ltr'><strong>dodi</strong></span> <span class='ocrx_word' id='word_1_64' title='bbox 731 800 878 857; x_wconf 79' lang='lat' dir='ltr'><strong>fratrem</strong></span> <span class='ocrx_word' id='word_1_65' title='bbox 900 801 1048 858; x_wconf 90' lang='lat' dir='ltr'><strong>lunonis</strong></span> <span class='ocrx_word' id='word_1_66' title='bbox 1071 811 1104 858; x_wconf 88' lang='lat' dir='ltr'><strong>ct</strong></span> <span class='ocrx_word' id='word_1_67' title='bbox 1127 804 1205 859; x_wconf 88' lang='lat' dir='ltr'><strong>irae.</strong></span> 
     </span>
     <span class='ocr_line' id='line_1_8' title="bbox 184 886 1484 962; baseline 0.002 -21"><span class='ocrx_word' id='word_1_68' title='bbox 184 887 278 943; x_wconf 89' lang='lat' dir='ltr'><strong>Vtrum</strong></span> <span class='ocrx_word' id='word_1_69' title='bbox 302 887 413 943; x_wconf 80' lang='lat' dir='ltr'><strong>fratrem</strong></span> <span class='ocrx_word' id='word_1_70' title='bbox 436 887 545 943; x_wconf 82' lang='lat' dir='ltr'><strong>lunonis</strong></span> <span class='ocrx_word' id='word_1_71' title='bbox 568 903 599 943; x_wconf 87' lang='lat' dir='ltr'><strong>an</strong></span> <span class='ocrx_word' id='word_1_72' title='bbox 624 886 679 943; x_wconf 89' lang='lat' dir='ltr'><strong>doit</strong></span> <span class='ocrx_word' id='word_1_73' title='bbox 703 886 824 958; x_wconf 87' lang='lat' dir='ltr'><strong>lunonis,</strong></span> <span class='ocrx_word' id='word_1_74' title='bbox 846 888 981 943; x_wconf 89' lang='lat' dir='ltr'><strong>incertum</strong></span> <span class='ocrx_word' id='word_1_75' title='bbox 1004 895 1056 944; x_wconf 87' lang='lat' dir='ltr'><strong>est.</strong></span> <span class='ocrx_word' id='word_1_76' title='bbox 1094 887 1137 944; x_wconf 82' lang='lat' dir='ltr'><strong>Fit</strong></span> <span class='ocrx_word' id='word_1_77' title='bbox 1160 896 1187 943; x_wconf 93' lang='lat' dir='ltr'><strong>et</strong></span> <span class='ocrx_word' id='word_1_78' title='bbox 1209 904 1257 961; x_wconf 88' lang='lat' dir='ltr'><strong>per</strong></span> <span class='ocrx_word' id='word_1_79' title='bbox 1274 887 1484 962; x_wconf 83' lang='lat' dir='ltr'><strong>homonymiam,</strong></span> 
     </span>
     <span class='ocr_line' id='line_1_9' title="bbox 185 971 1483 1046; baseline 0.002 -19"><span class='ocrx_word' id='word_1_80' title='bbox 185 981 216 1028; x_wconf 91' lang='lat' dir='ltr'><strong>ut</strong></span> <span class='ocrx_word' id='word_1_81' title='bbox 242 973 330 1046; x_wconf 90' lang='lat' dir='ltr'><strong>siquis</strong></span> <span class='ocrx_word' id='word_1_82' title='bbox 357 973 442 1028; x_wconf 83' lang='lat' dir='ltr'><strong>aciem</strong></span> <span class='ocrx_word' id='word_1_83' title='bbox 470 971 541 1029; x_wconf 92' lang='lat' dir='ltr'><strong>dicat</strong></span> <span class='ocrx_word' id='word_1_84' title='bbox 568 981 595 1027; x_wconf 92' lang='lat' dir='ltr'><strong>et</strong></span> <span class='ocrx_word' id='word_1_85' title='bbox 624 987 679 1027; x_wconf 92' lang='lat' dir='ltr'><strong>non</strong></span> <span class='ocrx_word' id='word_1_86' title='bbox 707 971 787 1028; x_wconf 92' lang='lat' dir='ltr'><strong>addat</strong></span> <span class='ocrx_word' id='word_1_87' title='bbox 813 971 972 1043; x_wconf 83' lang='lat' dir='ltr'><strong>oculorum,</strong></span> <span class='ocrx_word' id='word_1_88' title='bbox 1001 981 1047 1030; x_wconf 90' lang='lat' dir='ltr'><strong>aut</strong></span> <span class='ocrx_word' id='word_1_89' title='bbox 1069 971 1205 1029; x_wconf 84' lang='lat' dir='ltr'><strong>exercitus</strong></span> <span class='ocrx_word' id='word_1_90' title='bbox 1228 981 1274 1029; x_wconf 93' lang='lat' dir='ltr'><strong>aut</strong></span> <span class='ocrx_word' id='word_1_91' title='bbox 1297 971 1371 1028; x_wconf 77' lang='lat' dir='ltr'><strong>terri.</strong></span> <span class='ocrx_word' id='word_1_92' title='bbox 1416 973 1483 1030; x_wconf 79' lang='lat' dir='ltr'><strong>(teu-</strong></span> 
     </span>
     <span class='ocr_line' id='line_1_10' title="bbox 185 1056 518 1128; baseline 0.009 -17"><span class='ocrx_word' id='word_1_93' title='bbox 185 1056 272 1112; x_wconf 85' lang='lat' dir='ltr'><strong>iorum</strong></span> <span class='ocrx_word' id='word_1_94' title='bbox 296 1058 369 1113; x_wconf 91' lang='lat' dir='ltr'><strong>acies</strong></span> <span class='ocrx_word' id='word_1_95' title='bbox 391 1064 449 1128; x_wconf 88' lang='lat' dir='ltr'><strong>est,</strong></span> <span class='ocrx_word' id='word_1_96' title='bbox 472 1065 518 1114; x_wconf 86' lang='lat' dir='ltr'><strong>ut:</strong></span> 
     </span>
     <span class='ocr_line' id='line_1_11' title="bbox 147 1140 1431 1216; baseline 0.004 -24"><span class='ocrx_word' id='word_1_97' title='bbox 147 1154 172 1193; x_wconf 83' lang='grc' dir='ltr'><strong>ιο</strong></span> <span class='ocrx_word' id='word_1_98' title='bbox 389 1140 459 1197; x_wconf 83' lang='lat' dir='ltr'><strong>{luc</strong></span> <span class='ocrx_word' id='word_1_99' title='bbox 481 1143 635 1215; x_wconf 87' lang='lat' dir='ltr'><strong>geminas</strong></span> <span class='ocrx_word' id='word_1_100' title='bbox 659 1158 747 1198; x_wconf 92' lang='lat' dir='ltr'><strong>nuuc</strong></span> <span class='ocrx_word' id='word_1_101' title='bbox 770 1141 880 1198; x_wconf 81' lang='lat' dir='ltr'><strong>flecte</strong></span> <span class='ocrx_word' id='word_1_102' title='bbox 903 1143 1013 1213; x_wconf 85' lang='lat' dir='ltr'><strong>acies,</strong></span> <span class='ocrx_word' id='word_1_103' title='bbox 1036 1142 1122 1199; x_wconf 91' lang='lat' dir='ltr'><strong>hane</strong></span> <span class='ocrx_word' id='word_1_104' title='bbox 1143 1141 1262 1216; x_wconf 82' lang='lat' dir='ltr'><strong>aspice</strong></span> <span class='ocrx_word' id='word_1_105' title='bbox 1284 1151 1431 1216; x_wconf 86' lang='lat' dir='ltr'><strong>gentem.</strong></span> 
     </span>
     <span class='ocr_line' id='line_1_12' title="bbox 185 1226 569 1296; baseline -0.003 -14"><span class='ocrx_word' id='word_1_106' title='bbox 185 1227 325 1283; x_wconf 78' lang='lat' dir='ltr'><strong>Exercitus</strong></span> <span class='ocrx_word' id='word_1_107' title='bbox 347 1226 418 1282; x_wconf 90' lang='lat' dir='ltr'><strong>acies</strong></span> <span class='ocrx_word' id='word_1_108' title='bbox 441 1233 501 1296; x_wconf 85' lang='lat' dir='ltr'><strong>est,</strong></span> <span class='ocrx_word' id='word_1_109' title='bbox 524 1234 569 1282; x_wconf 88' lang='lat' dir='ltr'><strong>ut:</strong></span> 
     </span>
     <span class='ocr_line' id='line_1_13' title="bbox 388 1309 1252 1385; baseline 0.002 -20"><span class='ocrx_word' id='word_1_110' title='bbox 388 1309 471 1366; x_wconf 88' lang='lat' dir='ltr'><strong>Hine</strong></span> <span class='ocrx_word' id='word_1_111' title='bbox 494 1311 588 1366; x_wconf 86' lang='lat' dir='ltr'><strong>acics</strong></span> <span class='ocrx_word' id='word_1_112' title='bbox 611 1317 717 1385; x_wconf 90' lang='lat' dir='ltr'><strong>atque</strong></span> <span class='ocrx_word' id='word_1_113' title='bbox 741 1310 819 1366; x_wconf 92' lang='lat' dir='ltr'><strong>hinc</strong></span> <span class='ocrx_word' id='word_1_114' title='bbox 842 1312 935 1366; x_wconf 89' lang='lat' dir='ltr'><strong>acics</strong></span> <span class='ocrx_word' id='word_1_115' title='bbox 957 1320 1076 1368; x_wconf 90' lang='lat' dir='ltr'><strong>astare</strong></span> <span class='ocrx_word' id='word_1_116' title='bbox 1099 1310 1252 1367; x_wconf 82' lang='lat' dir='ltr'><strong>Latinas.</strong></span> 
     </span>
     <span class='ocr_line' id='line_1_14' title="bbox 186 1396 436 1452; baseline -0.008 -2"><span class='ocrx_word' id='word_1_117' title='bbox 186 1396 260 1451; x_wconf 78' lang='lat' dir='ltr'><strong>Ferri</strong></span> <span class='ocrx_word' id='word_1_118' title='bbox 283 1397 356 1452; x_wconf 90' lang='lat' dir='ltr'><strong>acics</strong></span> <span class='ocrx_word' id='word_1_119' title='bbox 378 1401 436 1451; x_wconf 89' lang='lat' dir='ltr'><strong>est:</strong></span> 
     </span>
     <span class='ocr_line' id='line_1_15' title="bbox 591 1479 1266 1538; baseline 0.001 -3"><span class='ocrx_word' id='word_1_120' title='bbox 591 1488 663 1535; x_wconf 89' lang='lat' dir='ltr'><strong>stat</strong></span> <span class='ocrx_word' id='word_1_121' title='bbox 685 1479 778 1535; x_wconf 82' lang='lat' dir='ltr'><strong>terri</strong></span> <span class='ocrx_word' id='word_1_122' title='bbox 802 1480 895 1537; x_wconf 86' lang='lat' dir='ltr'><strong>acies</strong></span> <span class='ocrx_word' id='word_1_123' title='bbox 917 1497 1084 1537; x_wconf 88' lang='lat' dir='ltr'><strong>mucrone</strong></span> <span class='ocrx_word' id='word_1_124' title='bbox 1106 1497 1266 1538; x_wconf 89' lang='lat' dir='ltr'><strong>corusco.</strong></span> 
     </span>
     <span class='ocr_line' id='line_1_16' title="bbox 149 1563 1484 1640; baseline 0.002 -20"><span class='ocrx_word' id='word_1_125' title='bbox 149 1574 173 1613; x_wconf 79' lang='lat'><strong>15</strong></span> <span class='ocrx_word' id='word_1_126' title='bbox 186 1565 228 1621; x_wconf 83' lang='lat' dir='ltr'><strong>Fit</strong></span> <span class='ocrx_word' id='word_1_127' title='bbox 250 1573 392 1640; x_wconf 89' lang='lat' dir='ltr'><strong>practerea</strong></span> <span class='ocrx_word' id='word_1_128' title='bbox 415 1563 541 1638; x_wconf 80' lang='lat' dir='ltr'><strong>pluribus</strong></span> <span class='ocrx_word' id='word_1_129' title='bbox 564 1565 668 1638; x_wconf 90' lang='lat' dir='ltr'><strong>modis,</strong></span> <span class='ocrx_word' id='word_1_130' title='bbox 691 1581 761 1638; x_wconf 89' lang='lat' dir='ltr'><strong>quos</strong></span> <span class='ocrx_word' id='word_1_131' title='bbox 785 1581 927 1622; x_wconf 81' lang='lat' dir='ltr'><strong>recensere</strong></span> <span class='ocrx_word' id='word_1_132' title='bbox 950 1581 1045 1622; x_wconf 90' lang='lat' dir='ltr'><strong>omnes</strong></span> <span class='ocrx_word' id='word_1_133' title='bbox 1068 1583 1101 1622; x_wconf 92' lang='lat' dir='ltr'><strong>ne</strong></span> <span class='ocrx_word' id='word_1_134' title='bbox 1124 1566 1204 1621; x_wconf 88' lang='lat' dir='ltr'><strong>niuds</strong></span> <span class='ocrx_word' id='word_1_135' title='bbox 1226 1566 1338 1639; x_wconf 88' lang='lat' dir='ltr'><strong>lengum</strong></span> <span class='ocrx_word' id='word_1_136' title='bbox 1361 1566 1407 1638; x_wconf 88' lang='lat' dir='ltr'><strong>sit,</strong></span> <span class='ocrx_word' id='word_1_137' title='bbox 1430 1584 1484 1623; x_wconf 92' lang='lat' dir='ltr'><strong>non</strong></span> 
     </span>
     <span class='ocr_line' id='line_1_17' title="bbox 186 1658 304 1724; baseline 0.008 -19"><span class='ocrx_word' id='word_1_138' title='bbox 186 1658 304 1724; x_wconf 87' lang='lat' dir='ltr'><strong>oportet.</strong></span> 
     </span>
     <span class='ocr_line' id='line_1_18' title="bbox 270 1734 1483 1811; baseline 0.002 -21"><span class='ocrx_word' id='word_1_139' title='bbox 270 1737 288 1790; x_wconf 89' lang='grc'><strong>1.</strong></span> <span class='ocrx_word' id='word_1_140' title='bbox 305 1734 364 1792; x_wconf 66' lang='lat'><strong>27⁶</strong></span> <span class='ocrx_word' id='word_1_141' title='bbox 380 1735 433 1791; x_wconf 85' lang='lat' dir='ltr'><strong>cod.</strong></span> <span class='ocrx_word' id='word_1_142' title='bbox 453 1737 480 1792; x_wconf 90' lang='lat'><strong>1.</strong></span> <span class='ocrx_word' id='word_1_143' title='bbox 516 1734 690 1809; x_wconf 77' lang='lat' dir='ltr'><strong>duasdipiosis</strong></span> <span class='ocrx_word' id='word_1_144' title='bbox 713 1744 755 1792; x_wconf 90' lang='lat' dir='ltr'><strong>cst</strong></span> <span class='ocrx_word' id='word_1_145' title='bbox 778 1736 886 1792; x_wconf 80' lang='lat' dir='ltr'><strong>iteratio</strong></span> <span class='ocrx_word' id='word_1_146' title='bbox 909 1735 1072 1792; x_wconf 91' lang='lat' dir='ltr'><strong>uerborum:</strong></span> <span class='ocrx_word' id='word_1_147' title='bbox 1103 1736 1178 1791; x_wconf 81' lang='lat' dir='ltr'><strong>‘itate</strong></span> <span class='ocrx_word' id='word_1_148' title='bbox 1206 1736 1268 1792; x_wconf 84' lang='lat' dir='ltr'><strong>date</strong></span> <span class='ocrx_word' id='word_1_149' title='bbox 1291 1736 1398 1792; x_wconf 87' lang='lat' dir='ltr'><strong>ueniam</strong></span> <span class='ocrx_word' id='word_1_150' title='bbox 1423 1755 1483 1811; x_wconf 88' lang='lat' dir='ltr'><strong>par·</strong></span> 
     </span>
     <span class='ocr_line' id='line_1_19' title="bbox 186 1820 305 1876; baseline -0.008 0"><span class='ocrx_word' id='word_1_151' title='bbox 186 1820 305 1876; x_wconf 84' lang='lat' dir='ltr'><strong>ricidae’</strong></span> 
     </span>
     <span class='ocr_line' id='line_1_20' title="bbox 268 1904 1484 1980; baseline 0.002 -21"><span class='ocrx_word' id='word_1_152' title='bbox 268 1905 333 1961; x_wconf 83' lang='lat' dir='ltr'><strong>ibid.</strong></span> <span class='ocrx_word' id='word_1_153' title='bbox 369 1904 541 1978; x_wconf 83' lang='lat' dir='ltr'><strong>hnadipiusis</strong></span> <span class='ocrx_word' id='word_1_154' title='bbox 570 1914 613 1962; x_wconf 91' lang='lat' dir='ltr'><strong>est</strong></span> <span class='ocrx_word' id='word_1_155' title='bbox 642 1906 843 1979; x_wconf 80' lang='lat' dir='ltr'><strong>congeminatio</strong></span> <span class='ocrx_word' id='word_1_156' title='bbox 873 1905 1019 1975; x_wconf 90' lang='lat' dir='ltr'><strong>dictionis,</strong></span> <span class='ocrx_word' id='word_1_157' title='bbox 1046 1921 1115 1978; x_wconf 86' lang='lat' dir='ltr'><strong>qrrae</strong></span> <span class='ocrx_word' id='word_1_158' title='bbox 1143 1922 1175 1961; x_wconf 84' lang='lat' dir='ltr'><strong>ex</strong></span> <span class='ocrx_word' id='word_1_159' title='bbox 1202 1905 1299 1963; x_wconf 86' lang='lat' dir='ltr'><strong>uitium</strong></span> <span class='ocrx_word' id='word_1_160' title='bbox 1323 1906 1383 1962; x_wconf 91' lang='lat' dir='ltr'><strong>loco</strong></span> <span class='ocrx_word' id='word_1_161' title='bbox 1407 1923 1484 1980; x_wconf 90' lang='lat' dir='ltr'><strong>prae·</strong></span> 
     </span>
     <span class='ocr_line' id='line_1_21' title="bbox 148 1989 1025 2065; baseline 0 -21"><span class='ocrx_word' id='word_1_162' title='bbox 148 2001 173 2038; x_wconf 78' lang='grc' dir='ltr'><strong>ιο</strong></span> <span class='ocrx_word' id='word_1_163' title='bbox 187 1989 308 2045; x_wconf 79' lang='lat' dir='ltr'><strong>ccrlentis</strong></span> <span class='ocrx_word' id='word_1_164' title='bbox 333 2005 429 2044; x_wconf 90' lang='lat' dir='ltr'><strong>uersus</strong></span> <span class='ocrx_word' id='word_1_165' title='bbox 453 1998 481 2045; x_wconf 90' lang='lat' dir='ltr'><strong>et</strong></span> <span class='ocrx_word' id='word_1_166' title='bbox 503 1990 638 2063; x_wconf 89' lang='lat' dir='ltr'><strong>principie</strong></span> <span class='ocrx_word' id='word_1_167' title='bbox 661 1991 803 2065; x_wconf 86' lang='lat' dir='ltr'><strong>sequentis</strong></span> <span class='ocrx_word' id='word_1_168' title='bbox 827 1993 958 2061; x_wconf 79' lang='lat' dir='ltr'><strong>iteratur,</strong></span> <span class='ocrx_word' id='word_1_169' title='bbox 982 1999 1025 2045; x_wconf 91' lang='lat' dir='ltr'><strong>ut:</strong></span> 
     </span>
     <span class='ocr_line' id='line_1_22' title="bbox 590 2075 1162 2150; baseline 0 -19"><span class='ocrx_word' id='word_1_170' title='bbox 590 2076 747 2149; x_wconf 85' lang='lat' dir='ltr'><strong>equitum</strong></span> <span class='ocrx_word' id='word_1_171' title='bbox 770 2075 1038 2150; x_wconf 87' lang='lat' dir='ltr'><strong>pulcherrimus</strong></span> <span class='ocrx_word' id='word_1_172' title='bbox 1058 2078 1162 2132; x_wconf 85' lang='lat' dir='ltr'><strong>dstur</strong></span> 
     </span>
     <span class='ocr_line' id='line_1_23' title="bbox 388 2159 752 2233; baseline 0.003 -19"><span class='ocrx_word' id='word_1_173' title='bbox 388 2161 495 2216; x_wconf 81' lang='lat' dir='ltr'><strong>Astur</strong></span> <span class='ocrx_word' id='word_1_174' title='bbox 517 2176 605 2233; x_wconf 91' lang='lat' dir='ltr'><strong>equo</strong></span> <span class='ocrx_word' id='word_1_175' title='bbox 628 2159 752 2216; x_wconf 83' lang='lat' dir='ltr'><strong>tideus.</strong></span> 
     </span>
     <span class='ocr_line' id='line_1_24' title="bbox 186 2245 267 2300; baseline -0.025 0"><span class='ocrx_word' id='word_1_176' title='bbox 186 2245 267 2300; x_wconf 87' lang='lat' dir='ltr'><strong>item:</strong></span> 
     </span>
     <span class='ocr_line' id='line_1_25' title="bbox 388 2328 1202 2404; baseline 0.002 -20"><span class='ocrx_word' id='word_1_177' title='bbox 388 2329 473 2386; x_wconf 82' lang='lat' dir='ltr'><strong>Ecce</strong></span> <span class='ocrx_word' id='word_1_178' title='bbox 497 2330 640 2385; x_wconf 80' lang='lat' dir='ltr'><strong>dionaei</strong></span> <span class='ocrx_word' id='word_1_179' title='bbox 663 2332 843 2404; x_wconf 87' lang='lat' dir='ltr'><strong>processit</strong></span> <span class='ocrx_word' id='word_1_180' title='bbox 864 2328 1030 2386; x_wconf 84' lang='lat' dir='ltr'><strong>Caesaris</strong></span> <span class='ocrx_word' id='word_1_181' title='bbox 1054 2338 1202 2402; x_wconf 90' lang='lat' dir='ltr'><strong>astrum,</strong></span> 
     </span>
     <span class='ocr_line' id='line_1_26' title="bbox 146 2414 1217 2490; baseline 0.002 -22"><span class='ocrx_word' id='word_1_182' title='bbox 146 2421 172 2462; x_wconf 67' lang='lat'><strong>25</strong></span> <span class='ocrx_word' id='word_1_183' title='bbox 388 2416 543 2484; x_wconf 81' lang='lat' dir='ltr'><strong>dstrurn,</strong></span> <span class='ocrx_word' id='word_1_184' title='bbox 567 2432 632 2488; x_wconf 87' lang='lat' dir='ltr'><strong>quo</strong></span> <span class='ocrx_word' id='word_1_185' title='bbox 656 2424 801 2489; x_wconf 81' lang='lat' dir='ltr'><strong>segetes</strong></span> <span class='ocrx_word' id='word_1_186' title='bbox 824 2414 1019 2490; x_wconf 79' lang='lat' dir='ltr'><strong>gauderent</strong></span> <span class='ocrx_word' id='word_1_187' title='bbox 1041 2414 1217 2490; x_wconf 75' lang='lat' dir='ltr'><strong>frugibus.</strong></span> 
     </span>
     <span class='ocr_line' id='line_1_27' title="bbox 268 2499 1482 2575; baseline 0.001 -20"><span class='ocrx_word' id='word_1_188' title='bbox 268 2499 333 2555; x_wconf 82' lang='lat' dir='ltr'><strong>ibid.</strong></span> <span class='ocrx_word' id='word_1_189' title='bbox 370 2499 488 2555; x_wconf 83' lang='lat' dir='ltr'><strong>dnaiora</strong></span> <span class='ocrx_word' id='word_1_190' title='bbox 517 2507 560 2554; x_wconf 90' lang='lat' dir='ltr'><strong>est</strong></span> <span class='ocrx_word' id='word_1_191' title='bbox 587 2500 716 2574; x_wconf 87' lang='lat' dir='ltr'><strong>repetitio</strong></span> <span class='ocrx_word' id='word_1_192' title='bbox 745 2500 865 2557; x_wconf 86' lang='lat' dir='ltr'><strong>eiusdem</strong></span> <span class='ocrx_word' id='word_1_193' title='bbox 895 2500 970 2556; x_wconf 91' lang='lat' dir='ltr'><strong>uerbi</strong></span> <span class='ocrx_word' id='word_1_194' title='bbox 1000 2516 1050 2574; x_wconf 92' lang='lat' dir='ltr'><strong>per</strong></span> <span class='ocrx_word' id='word_1_195' title='bbox 1078 2501 1209 2574; x_wconf 91' lang='lat' dir='ltr'><strong>principia</strong></span> <span class='ocrx_word' id='word_1_196' title='bbox 1241 2517 1371 2557; x_wconf 88' lang='lat' dir='ltr'><strong>uersuum</strong></span> <span class='ocrx_word' id='word_1_197' title='bbox 1399 2499 1482 2575; x_wconf 91' lang='lat' dir='ltr'><strong>pluri·</strong></span> 
     </span>
     <span class='ocr_line' id='line_1_28' title="bbox 186 2593 375 2652; baseline -0.011 -12"><span class='ocrx_word' id='word_1_198' title='bbox 186 2600 307 2652; x_wconf 88' lang='lat' dir='ltr'><strong>morum,</strong></span> <span class='ocrx_word' id='word_1_199' title='bbox 331 2593 375 2640; x_wconf 91' lang='lat' dir='ltr'><strong>ut:</strong></span> 
     </span>
     <span class='ocr_line' id='line_1_29' title="bbox 387 2667 1282 2744; baseline 0.004 -22"><span class='ocrx_word' id='word_1_200' title='bbox 387 2667 452 2723; x_wconf 87' lang='lat' dir='ltr'><strong>Nos</strong></span> <span class='ocrx_word' id='word_1_201' title='bbox 476 2677 507 2723; x_wconf 85' lang='lat' dir='ltr'><strong>te</strong></span> <span class='ocrx_word' id='word_1_202' title='bbox 530 2669 697 2725; x_wconf 81' lang='lat' dir='ltr'><strong>bardanio</strong></span> <span class='ocrx_word' id='word_1_203' title='bbox 721 2672 863 2725; x_wconf 90' lang='lat' dir='ltr'><strong>incensa</strong></span> <span class='ocrx_word' id='word_1_204' title='bbox 887 2678 1014 2744; x_wconf 91' lang='lat' dir='ltr'><strong>tuaque</strong></span> <span class='ocrx_word' id='word_1_205' title='bbox 1036 2686 1127 2725; x_wconf 88' lang='lat' dir='ltr'><strong>arma</strong></span> <span class='ocrx_word' id='word_1_206' title='bbox 1150 2671 1282 2742; x_wconf 87' lang='lat' dir='ltr'><strong>secuti,</strong></span> 
     </span>
     <span class='ocr_line' id='line_1_30' title="bbox 387 2751 1341 2827; baseline 0.002 -21"><span class='ocrx_word' id='word_1_207' title='bbox 387 2751 454 2807; x_wconf 87' lang='lat' dir='ltr'><strong>Nos</strong></span> <span class='ocrx_word' id='word_1_208' title='bbox 477 2753 642 2809; x_wconf 86' lang='lat' dir='ltr'><strong>tumidum</strong></span> <span class='ocrx_word' id='word_1_209' title='bbox 665 2752 728 2810; x_wconf 91' lang='lat' dir='ltr'><strong>sub</strong></span> <span class='ocrx_word' id='word_1_210' title='bbox 753 2762 784 2808; x_wconf 88' lang='lat' dir='ltr'><strong>te</strong></span> <span class='ocrx_word' id='word_1_211' title='bbox 807 2756 978 2826; x_wconf 89' lang='lat' dir='ltr'><strong>permensi</strong></span> <span class='ocrx_word' id='word_1_212' title='bbox 1002 2753 1178 2810; x_wconf 86' lang='lat' dir='ltr'><strong>elassibus</strong></span> <span class='ocrx_word' id='word_1_213' title='bbox 1201 2771 1341 2827; x_wconf 88' lang='lat' dir='ltr'><strong>aequor.</strong></span> 
     </span>
     <span class='ocr_line' id='line_1_31' title="bbox 147 2838 265 2892; baseline -0.008 0"><span class='ocrx_word' id='word_1_214' title='bbox 147 2838 265 2892; x_wconf 71' lang='lat' dir='ltr'><strong>mitem:</strong></span> 
     </span>
     <span class='ocr_line' id='line_1_32' title="bbox 387 2922 1306 2998; baseline 0.002 -20"><span class='ocrx_word' id='word_1_215' title='bbox 387 2922 485 2994; x_wconf 87' lang='lat' dir='ltr'><strong>Nate,</strong></span> <span class='ocrx_word' id='word_1_216' title='bbox 508 2938 601 2979; x_wconf 88' lang='lat' dir='ltr'><strong>meac</strong></span> <span class='ocrx_word' id='word_1_217' title='bbox 623 2924 738 2995; x_wconf 87' lang='lat' dir='ltr'><strong>uires,</strong></span> <span class='ocrx_word' id='word_1_218' title='bbox 762 2938 831 2980; x_wconf 89' lang='lat' dir='ltr'><strong>mea</strong></span> <span class='ocrx_word' id='word_1_219' title='bbox 853 2938 969 2998; x_wconf 87' lang='lat' dir='ltr'><strong>magna</strong></span> <span class='ocrx_word' id='word_1_220' title='bbox 992 2925 1169 2997; x_wconf 88' lang='lat' dir='ltr'><strong>potentia,</strong></span> <span class='ocrx_word' id='word_1_221' title='bbox 1193 2922 1306 2994; x_wconf 86' lang='lat' dir='ltr'><strong>seius,</strong></span> 
     </span>
     <span class='ocr_line' id='line_1_33' title="bbox 387 3006 1314 3083; baseline 0.002 -20"><span class='ocrx_word' id='word_1_222' title='bbox 387 3006 492 3080; x_wconf 85' lang='lat' dir='ltr'><strong>Nate,</strong></span> <span class='ocrx_word' id='word_1_223' title='bbox 515 3009 629 3082; x_wconf 89' lang='lat' dir='ltr'><strong>patris</strong></span> <span class='ocrx_word' id='word_1_224' title='bbox 651 3009 792 3080; x_wconf 85' lang='lat' dir='ltr'><strong>summi,</strong></span> <span class='ocrx_word' id='word_1_225' title='bbox 815 3008 874 3083; x_wconf 88' lang='lat' dir='ltr'><strong>qui</strong></span> <span class='ocrx_word' id='word_1_226' title='bbox 898 3007 968 3064; x_wconf 85' lang='lat' dir='ltr'><strong>tcta</strong></span> <span class='ocrx_word' id='word_1_227' title='bbox 990 3008 1314 3082; x_wconf 76' lang='lat' dir='ltr'><strong>Typhoea-temnis.</strong></span> 
     </span>
     <span class='ocr_line' id='line_1_34' title="bbox 186 3092 266 3147; baseline 0 0"><span class='ocrx_word' id='word_1_228' title='bbox 186 3092 266 3147; x_wconf 86' lang='lat' dir='ltr'><strong>item:</strong></span> 
     </span>
     <span class='ocr_line' id='line_1_35' title="bbox 540 3176 1231 3252; baseline 0.003 -19"><span class='ocrx_word' id='word_1_229' title='bbox 540 3177 676 3235; x_wconf 80' lang='lat' dir='ltr'><strong>ltaliam</strong></span> <span class='ocrx_word' id='word_1_230' title='bbox 699 3180 832 3252; x_wconf 90' lang='lat' dir='ltr'><strong>primus</strong></span> <span class='ocrx_word' id='word_1_231' title='bbox 854 3176 1048 3234; x_wconf 80' lang='lat' dir='ltr'><strong>conclamat</strong></span> <span class='ocrx_word' id='word_1_232' title='bbox 1071 3179 1231 3235; x_wconf 74' lang='lat' dir='ltr'><strong>Achates.</strong></span> 
     </span>
     <span class='ocr_line' id='line_1_36' title="bbox 147 3260 1127 3320; baseline 0.003 -5"><span class='ocrx_word' id='word_1_233' title='bbox 147 3269 173 3307; x_wconf 68' lang='lat' dir='ltr'><strong>aa</strong></span> <span class='ocrx_word' id='word_1_234' title='bbox 390 3260 526 3318; x_wconf 88' lang='lat' dir='ltr'><strong>italiam</strong></span> <span class='ocrx_word' id='word_1_235' title='bbox 550 3261 643 3319; x_wconf 87' lang='lat' dir='ltr'><strong>iacto</strong></span> <span class='ocrx_word' id='word_1_236' title='bbox 667 3264 759 3320; x_wconf 89' lang='lat' dir='ltr'><strong>sccii</strong></span> <span class='ocrx_word' id='word_1_237' title='bbox 784 3262 936 3319; x_wconf 89' lang='lat' dir='ltr'><strong>clamore</strong></span> <span class='ocrx_word' id='word_1_238' title='bbox 958 3262 1127 3319; x_wconf 88' lang='lat' dir='ltr'><strong>salutant.</strong></span> 
     </span>
    </p>
   </div>
   <div class='ocr_carea' id='block_1_3' title="bbox 186 3441 1483 3633">
    <p class='ocr_par' dir='ltr' id='par_1_3' title="bbox 186 3441 1483 3633">
     <span class='ocr_line' id='line_1_37' title="bbox 255 3441 1483 3510; baseline 0.003 -18"><span class='ocrx_word' id='word_1_239' title='bbox 255 3446 356 3508; x_wconf 80' lang='lat' dir='ltr'><strong>tegat,</strong></span> <span class='ocrx_word' id='word_1_240' title='bbox 375 3443 414 3492; x_wconf 80' lang='lat' dir='ltr'><strong>bis</strong></span> <span class='ocrx_word' id='word_1_241' title='bbox 465 3442 504 3492; x_wconf 78' lang='lat' dir='ltr'><strong>Fit</strong></span> <span class='ocrx_word' id='word_1_242' title='bbox 521 3456 546 3493; x_wconf 88' lang='lat' dir='ltr'><strong>ct</strong></span> <span class='ocrx_word' id='word_1_243' title='bbox 563 3459 608 3510; x_wconf 87' lang='lat' dir='ltr'><strong>per</strong></span> <span class='ocrx_word' id='word_1_244' title='bbox 626 3445 816 3495; x_wconf 75' lang='lat' dir='ltr'><strong>distinctIonem</strong></span> <span class='ocrx_word' id='word_1_245' title='bbox 834 3471 865 3481; x_wconf 96' lang='lat'>-</span> <span class='ocrx_word' id='word_1_246' title='bbox 884 3446 900 3494; x_wconf 99' lang='grc'>2</span> <span class='ocrx_word' id='word_1_247' title='bbox 919 3441 1057 3509; x_wconf 83' lang='lat' dir='ltr'><strong>tenentem]</strong></span> <span class='ocrx_word' id='word_1_248' title='bbox 1078 3445 1142 3495; x_wconf 82' lang='lat' dir='ltr'><strong>Dan.</strong></span> <span class='ocrx_word' id='word_1_249' title='bbox 1150 3461 1179 3508; x_wconf 90' lang='lat' dir='ltr'><strong>p.</strong></span> <span class='ocrx_word' id='word_1_250' title='bbox 1190 3447 1251 3509; x_wconf 88' lang='grc'><em>395,</em></span> <span class='ocrx_word' id='word_1_251' title='bbox 1261 3448 1297 3496; x_wconf 88' lang='grc'><strong>23</strong></span> <span class='ocrx_word' id='word_1_252' title='bbox 1367 3448 1483 3496; x_wconf 70' lang='lat' dir='ltr'><strong>testam</strong></span> 
     </span>
     <span class='ocr_line' id='line_1_38' title="bbox 186 3511 1483 3578; baseline 0 -15"><span class='ocrx_word' id='word_1_253' title='bbox 186 3511 369 3563; x_wconf 84' lang='lat' dir='ltr'><strong>3utnbeosi</strong></span> <span class='ocrx_word' id='word_1_254' title='bbox 404 3511 842 3578; x_wconf 84' lang='lat' dir='ltr'><strong>diceusebeosibiponistatuam</strong></span> <span class='ocrx_word' id='word_1_255' title='bbox 856 3513 971 3562; x_wconf 78' lang='lat' dir='ltr'><strong>ludiones</strong></span> <span class='ocrx_word' id='word_1_256' title='bbox 1006 3522 1086 3562; x_wconf 80' lang='lat' dir='ltr'><strong>astam</strong></span> <span class='ocrx_word' id='word_1_257' title='bbox 1139 3514 1234 3563; x_wconf 71' lang='lat' dir='ltr'><strong>dnum</strong></span> <span class='ocrx_word' id='word_1_258' title='bbox 1253 3524 1362 3564; x_wconf 83' lang='lat' dir='ltr'><strong>statuum</strong></span> <span class='ocrx_word' id='word_1_259' title='bbox 1381 3529 1483 3564; x_wconf 82' lang='lat' dir='ltr'><strong>errreum</strong></span> 
     </span>
     <span class='ocr_line' id='line_1_39' title="bbox 187 3579 1483 3633; baseline -0.001 -3"><span class='ocrx_word' id='word_1_260' title='bbox 187 3580 302 3630; x_wconf 80' lang='lat' dir='ltr'><strong>Iulianus</strong></span> <span class='ocrx_word' id='word_1_261' title='bbox 353 3579 444 3628; x_wconf 81' lang='lat' dir='ltr'><strong>debeat</strong></span> <span class='ocrx_word' id='word_1_262' title='bbox 461 3581 518 3631; x_wconf 82' lang='lat' dir='ltr'><strong>cod.</strong></span> <span class='ocrx_word' id='word_1_263' title='bbox 537 3588 563 3630; x_wconf 82' lang='lat' dir='ltr'><strong>et</strong></span> <span class='ocrx_word' id='word_1_264' title='bbox 582 3582 698 3633; x_wconf 79' lang='lat' dir='ltr'><strong>Iulianus</strong></span> <span class='ocrx_word' id='word_1_265' title='bbox 733 3592 815 3631; x_wconf 82' lang='lat' dir='ltr'><strong>astam</strong></span> <span class='ocrx_word' id='word_1_266' title='bbox 867 3583 933 3631; x_wconf 80' lang='lat' dir='ltr'><strong>ban</strong></span> <span class='ocrx_word' id='word_1_267' title='bbox 952 3590 1062 3630; x_wconf 86' lang='lat' dir='ltr'><strong>statuam</strong></span> <span class='ocrx_word' id='word_1_268' title='bbox 1081 3581 1153 3629; x_wconf 88' lang='lat' dir='ltr'><strong>cuius</strong></span> <span class='ocrx_word' id='word_1_269' title='bbox 1171 3595 1264 3631; x_wconf 85' lang='lat' dir='ltr'><strong>manus</strong></span> <span class='ocrx_word' id='word_1_270' title='bbox 1283 3581 1381 3632; x_wconf 82' lang='lat' dir='ltr'><strong>hastam</strong></span> <span class='ocrx_word' id='word_1_271' title='bbox 1400 3582 1483 3631; x_wconf 86' lang='lat' dir='ltr'><strong>solum</strong></span> 
     </span>
    </p>
   </div>
   <div class='ocr_carea' id='block_1_4' title="bbox 186 3659 1483 3749">
    <p class='ocr_par' dir='ltr' id='par_1_4' title="bbox 186 3659 1483 3749">
     <span class='ocr_line' id='line_1_40' title="bbox 186 3659 1483 3749; baseline 0.002 -18"><span class='ocrx_word' id='word_1_272' title='bbox 186 3696 290 3731; x_wconf 73' lang='lat' dir='ltr'><strong>astream</strong></span> <span class='ocrx_word' id='word_1_273' title='bbox 316 3689 400 3729; x_wconf 81' lang='lat' dir='ltr'><strong>teneat</strong></span> <span class='ocrx_word' id='word_1_274' title='bbox 427 3680 541 3732; x_wconf 78' lang='lat' dir='ltr'><strong>Iulianus</strong></span> <span class='ocrx_word' id='word_1_275' title='bbox 609 3693 692 3732; x_wconf 84' lang='lat' dir='ltr'><strong>netum</strong></span> <span class='ocrx_word' id='word_1_276' title='bbox 779 3679 988 3747; x_wconf 67' lang='lat' dir='ltr'><strong>edecimare]</strong></span> <span class='ocrx_word' id='word_1_277' title='bbox 1012 3682 1283 3746; x_wconf 77' lang='lat' dir='ltr'><strong>Verg.Aen.1130</strong></span> <span class='ocrx_word' id='word_1_278' title='bbox 1317 3659 1399 3749; x_wconf 56' lang='lat' dir='ltr'><strong>latire</strong></span> <span class='ocrx_word' id='word_1_279' title='bbox 1468 3685 1483 3733; x_wconf 86' lang='grc'><em>7</em></span> 
     </span>
    </p>
   </div>
   <div class='ocr_carea' id='block_1_5' title="bbox 186 3757 1485 4716">
    <p class='ocr_par' dir='ltr' id='par_1_5' title="bbox 186 3757 1485 4716">
     <span class='ocr_line' id='line_1_41' title="bbox 187 3757 1485 3848; baseline 0 -15"><span class='ocrx_word' id='word_1_280' title='bbox 187 3784 226 3833; x_wconf 84' lang='lat' dir='ltr'><strong>Fit</strong></span> <span class='ocrx_word' id='word_1_281' title='bbox 244 3792 269 3832; x_wconf 87' lang='lat' dir='ltr'><strong>et</strong></span> <span class='ocrx_word' id='word_1_282' title='bbox 286 3797 381 3847; x_wconf 85' lang='lat' dir='ltr'><strong>per-</strong></span> <span class='ocrx_word' id='word_1_283' title='bbox 400 3782 416 3832; x_wconf 88' lang='grc'><em>8</em></span> <span class='ocrx_word' id='word_1_284' title='bbox 434 3778 503 3848; x_wconf 75' lang='lat' dir='ltr'><strong>ferri]</strong></span> <span class='ocrx_word' id='word_1_285' title='bbox 522 3783 589 3834; x_wconf 86' lang='lat' dir='ltr'><strong>Dcn.</strong></span> <span class='ocrx_word' id='word_1_286' title='bbox 607 3800 635 3848; x_wconf 87' lang='lat' dir='ltr'><strong>p.</strong></span> <span class='ocrx_word' id='word_1_287' title='bbox 655 3786 720 3842; x_wconf 88' lang='grc'><em>395,</em></span> <span class='ocrx_word' id='word_1_288' title='bbox 741 3785 784 3834; x_wconf 84' lang='grc'><strong>21.</strong></span> <span class='ocrx_word' id='word_1_289' title='bbox 804 3786 837 3834; x_wconf 90' lang='grc'><strong>25</strong></span> <span class='ocrx_word' id='word_1_290' title='bbox 907 3784 1071 3833; x_wconf 87' lang='lat' dir='ltr'><strong>omenimium</strong></span> <span class='ocrx_word' id='word_1_291' title='bbox 1140 3757 1203 3835; x_wconf 77' lang='lat' dir='ltr'><strong>eit</strong></span> <span class='ocrx_word' id='word_1_292' title='bbox 1221 3787 1347 3836; x_wconf 83' lang='lat' dir='ltr'><strong>exereitus</strong></span> <span class='ocrx_word' id='word_1_293' title='bbox 1417 3783 1485 3833; x_wconf 88' lang='lat' dir='ltr'><strong>Ocu·</strong></span> 
     </span>
     <span class='ocr_line' id='line_1_42' title="bbox 187 3846 1483 3918; baseline 0.002 -19"><span class='ocrx_word' id='word_1_294' title='bbox 187 3847 281 3915; x_wconf 84' lang='lat' dir='ltr'><strong>terum]</strong></span> <span class='ocrx_word' id='word_1_295' title='bbox 301 3849 335 3911; x_wconf 74' lang='lat' dir='ltr'><strong>rs.</strong></span> <span class='ocrx_word' id='word_1_296' title='bbox 354 3846 470 3915; x_wconf 71' lang='lat' dir='ltr'><strong>[Serpit]</strong></span> <span class='ocrx_word' id='word_1_297' title='bbox 488 3852 593 3915; x_wconf 79' lang='lat' dir='ltr'><strong>explan.</strong></span> <span class='ocrx_word' id='word_1_298' title='bbox 613 3854 639 3901; x_wconf 85' lang='lat' dir='ltr'><strong>a‘n</strong></span> <span class='ocrx_word' id='word_1_299' title='bbox 658 3852 724 3903; x_wconf 78' lang='lat' dir='ltr'><strong>uon.</strong></span> <span class='ocrx_word' id='word_1_300' title='bbox 743 3868 768 3916; x_wconf 88' lang='lat' dir='ltr'><strong>p.</strong></span> <span class='ocrx_word' id='word_1_301' title='bbox 788 3853 855 3914; x_wconf 87' lang='grc'><em>538,</em></span> <span class='ocrx_word' id='word_1_302' title='bbox 875 3855 907 3902; x_wconf 84' lang='grc'><strong>16</strong></span> <span class='ocrx_word' id='word_1_303' title='bbox 923 3869 978 3918; x_wconf 85' lang='lat' dir='ltr'><strong>seq.</strong></span> <span class='ocrx_word' id='word_1_304' title='bbox 1048 3854 1080 3902; x_wconf 93' lang='grc'><strong>10</strong></span> <span class='ocrx_word' id='word_1_305' title='bbox 1098 3848 1165 3918; x_wconf 88' lang='lat' dir='ltr'><strong>Huc]</strong></span> <span class='ocrx_word' id='word_1_306' title='bbox 1188 3854 1266 3917; x_wconf 79' lang='lat' dir='ltr'><strong>Vcrg.</strong></span> <span class='ocrx_word' id='word_1_307' title='bbox 1286 3856 1352 3907; x_wconf 79' lang='lat' dir='ltr'><strong>Aen.</strong></span> <span class='ocrx_word' id='word_1_308' title='bbox 1375 3853 1416 3903; x_wconf 86' lang='lat' dir='ltr'><strong>VI</strong></span> <span class='ocrx_word' id='word_1_309' title='bbox 1435 3855 1483 3903; x_wconf 89' lang='grc'><strong>789</strong></span> 
     </span>
     <span class='ocr_line' id='line_1_43' title="bbox 220 3915 1483 3985; baseline 0.001 -17"><span class='ocrx_word' id='word_1_310' title='bbox 220 3920 320 3968; x_wconf 83' lang='lat' dir='ltr'><strong>flectere</strong></span> <span class='ocrx_word' id='word_1_311' title='bbox 374 3919 404 3966; x_wconf 90' lang='grc'><strong>12</strong></span> <span class='ocrx_word' id='word_1_312' title='bbox 424 3915 499 3985; x_wconf 84' lang='lat' dir='ltr'><strong>Hinc]</strong></span> <span class='ocrx_word' id='word_1_313' title='bbox 523 3919 602 3985; x_wconf 78' lang='lat' dir='ltr'><strong>Verg.</strong></span> <span class='ocrx_word' id='word_1_314' title='bbox 622 3920 688 3970; x_wconf 85' lang='lat' dir='ltr'><strong>Aen.</strong></span> <span class='ocrx_word' id='word_1_315' title='bbox 706 3918 819 3969; x_wconf 83' lang='grc'><em>111559</em></span> <span class='ocrx_word' id='word_1_316' title='bbox 860 3921 955 3968; x_wconf 82' lang='lat' dir='ltr'><strong>instare</strong></span> <span class='ocrx_word' id='word_1_317' title='bbox 974 3919 1089 3969; x_wconf 81' lang='lat' dir='ltr'><strong>Iulianus</strong></span> <span class='ocrx_word' id='word_1_318' title='bbox 1158 3923 1190 3972; x_wconf 88' lang='grc'><strong>13</strong></span> <span class='ocrx_word' id='word_1_319' title='bbox 1209 3921 1277 3970; x_wconf 90' lang='lat' dir='ltr'><strong>Ferri</strong></span> <span class='ocrx_word' id='word_1_320' title='bbox 1296 3923 1363 3971; x_wconf 81' lang='lat' dir='ltr'><strong>scies</strong></span> <span class='ocrx_word' id='word_1_321' title='bbox 1382 3932 1422 3970; x_wconf 86' lang='lat' dir='ltr'><strong>est</strong></span> <span class='ocrx_word' id='word_1_322' title='bbox 1439 3922 1483 3983; x_wconf 86' lang='lat' dir='ltr'><strong>ita,</strong></span> 
     </span>
     <span class='ocr_line' id='line_1_44' title="bbox 187 3983 1485 4054; baseline 0.002 -20"><span class='ocrx_word' id='word_1_323' title='bbox 187 3998 213 4035; x_wconf 87' lang='lat' dir='ltr'><strong>ut</strong></span> <span class='ocrx_word' id='word_1_324' title='bbox 232 3985 309 4036; x_wconf 83' lang='lat' dir='ltr'><strong>‘ierri</strong></span> <span class='ocrx_word' id='word_1_325' title='bbox 327 3985 394 4034; x_wconf 83' lang='lat' dir='ltr'><strong>acies</strong></span> <span class='ocrx_word' id='word_1_326' title='bbox 412 4000 534 4035; x_wconf 87' lang='lat' dir='ltr'><strong>mucrene</strong></span> <span class='ocrx_word' id='word_1_327' title='bbox 551 3991 673 4037; x_wconf 85' lang='lat' dir='ltr'><strong>corusco&#39;</strong></span> <span class='ocrx_word' id='word_1_328' title='bbox 698 3986 815 4037; x_wconf 83' lang='lat' dir='ltr'><strong>Iulianus</strong></span> <span class='ocrx_word' id='word_1_329' title='bbox 902 3989 933 4038; x_wconf 82' lang='lat' dir='ltr'><strong>tt</strong></span> <span class='ocrx_word' id='word_1_330' title='bbox 951 3983 1013 4054; x_wconf 82' lang='lat' dir='ltr'><strong>stur]</strong></span> <span class='ocrx_word' id='word_1_331' title='bbox 1038 3987 1091 4037; x_wconf 86' lang='lat' dir='ltr'><strong>Ver</strong></span> <span class='ocrx_word' id='word_1_332' title='bbox 1110 4022 1118 4038; x_wconf 89' lang='lat'><strong>.</strong></span> <span class='ocrx_word' id='word_1_333' title='bbox 1136 3991 1199 4038; x_wconf 85' lang='lat' dir='ltr'><strong>Aea.</strong></span> <span class='ocrx_word' id='word_1_334' title='bbox 1216 3987 1252 4037; x_wconf 94' lang='grc'><strong>11</strong></span> <span class='ocrx_word' id='word_1_335' title='bbox 1270 3991 1326 4040; x_wconf 88' lang='grc'><strong>333</strong></span> <span class='ocrx_word' id='word_1_336' title='bbox 1397 3991 1427 4039; x_wconf 82' lang='lat' dir='ltr'><strong>lo</strong></span> <span class='ocrx_word' id='word_1_337' title='bbox 1446 3989 1485 4038; x_wconf 88' lang='lat' dir='ltr'><strong>Fit</strong></span> 
     </span>
     <span class='ocr_line' id='line_1_45' title="bbox 186 4004 1484 4121; baseline 0.002 -19"><span class='ocrx_word' id='word_1_338' title='bbox 186 4065 317 4120; x_wconf 84' lang='lat' dir='ltr'><strong>praeterea</strong></span> <span class='ocrx_word' id='word_1_339' title='bbox 335 4080 369 4088; x_wconf 92' lang='lat'>—</span> <span class='ocrx_word' id='word_1_340' title='bbox 387 4067 437 4102; x_wconf 91' lang='lat' dir='ltr'><strong>nen</strong></span> <span class='ocrx_word' id='word_1_341' title='bbox 457 4052 568 4120; x_wconf 88' lang='lat' dir='ltr'><strong>eportet]</strong></span> <span class='ocrx_word' id='word_1_342' title='bbox 589 4056 655 4106; x_wconf 83' lang='lat' dir='ltr'><strong>Dan.</strong></span> <span class='ocrx_word' id='word_1_343' title='bbox 675 4072 700 4118; x_wconf 83' lang='grc' dir='ltr'><strong>ρ.</strong></span> <span class='ocrx_word' id='word_1_344' title='bbox 714 4058 775 4118; x_wconf 87' lang='grc'><em>395,</em></span> <span class='ocrx_word' id='word_1_345' title='bbox 788 4057 822 4104; x_wconf 84' lang='grc'><strong>25</strong></span> <span class='ocrx_word' id='word_1_346' title='bbox 875 4070 963 4105; x_wconf 88' lang='lat' dir='ltr'><strong>omnes</strong></span> <span class='ocrx_word' id='word_1_347' title='bbox 980 4004 1149 4116; x_wconf 58' lang='grc' dir='ltr'><strong>ιι’ἰιίιῐιίἾῇΗΙΙΙ</strong></span> <span class='ocrx_word' id='word_1_348' title='bbox 1164 4055 1268 4121; x_wconf 79' lang='lat' dir='ltr'><strong>lengum</strong></span> <span class='ocrx_word' id='word_1_349' title='bbox 1339 4059 1369 4107; x_wconf 85' lang='grc'><strong>17</strong></span> <span class='ocrx_word' id='word_1_350' title='bbox 1389 4056 1429 4105; x_wconf 82' lang='lat' dir='ltr'><strong>Ex</strong></span> <span class='ocrx_word' id='word_1_351' title='bbox 1447 4049 1484 4105; x_wconf 84' lang='lat' dir='ltr'><strong>tib</strong></span> 
     </span>
     <span class='ocr_line' id='line_1_46' title="bbox 186 4118 1484 4189; baseline 0.002 -18"><span class='ocrx_word' id='word_1_352' title='bbox 186 4118 256 4172; x_wconf 78' lang='lat' dir='ltr'><strong>arciri</strong></span> <span class='ocrx_word' id='word_1_353' title='bbox 275 4121 320 4183; x_wconf 86' lang='lat'><strong>(=</strong></span> <span class='ocrx_word' id='word_1_354' title='bbox 330 4137 362 4170; x_wconf 89' lang='lat' dir='ltr'><strong>ex</strong></span> <span class='ocrx_word' id='word_1_355' title='bbox 375 4121 438 4170; x_wconf 88' lang='lat' dir='ltr'><strong>libre</strong></span> <span class='ocrx_word' id='word_1_356' title='bbox 451 4123 556 4184; x_wconf 82' lang='lat' dir='ltr'><strong>artium)</strong></span> <span class='ocrx_word' id='word_1_357' title='bbox 569 4122 735 4189; x_wconf 74' lang='lat' dir='ltr'><strong>Anadiplosis</strong></span> <span class='ocrx_word' id='word_1_358' title='bbox 749 4132 806 4181; x_wconf 69' lang='lat' dir='ltr'><strong>etc„</strong></span> <span class='ocrx_word' id='word_1_359' title='bbox 825 4124 860 4185; x_wconf 87' lang='lat' dir='ltr'><strong>cs.</strong></span> <span class='ocrx_word' id='word_1_360' title='bbox 874 4125 907 4172; x_wconf 82' lang='grc' dir='ltr'><strong>Α.</strong></span> <span class='ocrx_word' id='word_1_361' title='bbox 922 4123 978 4172; x_wconf 76' lang='grc' dir='ltr'><strong>Μαι·</strong></span> <span class='ocrx_word' id='word_1_362' title='bbox 989 4130 1054 4173; x_wconf 86' lang='lat' dir='ltr'><strong>nuci.</strong></span> <span class='ocrx_word' id='word_1_363' title='bbox 1068 4123 1153 4173; x_wconf 82' lang='lat' dir='ltr'><strong>Vatia.</strong></span> <span class='ocrx_word' id='word_1_364' title='bbox 1170 4123 1211 4173; x_wconf 90' lang='lat' dir='ltr'><strong>VI</strong></span> <span class='ocrx_word' id='word_1_365' title='bbox 1223 4141 1248 4188; x_wconf 90' lang='lat' dir='ltr'><strong>p.</strong></span> <span class='ocrx_word' id='word_1_366' title='bbox 1261 4127 1311 4174; x_wconf 83' lang='grc'><strong>575</strong></span> <span class='ocrx_word' id='word_1_367' title='bbox 1356 4123 1414 4174; x_wconf 85' lang='lat' dir='ltr'><strong>date</strong></span> <span class='ocrx_word' id='word_1_368' title='bbox 1426 4124 1484 4175; x_wconf 84' lang='lat' dir='ltr'><strong>date</strong></span> 
     </span>
     <span class='ocr_line' id='line_1_47' title="bbox 186 4189 1484 4256; baseline 0.002 -16"><span class='ocrx_word' id='word_1_369' title='bbox 186 4191 287 4240; x_wconf 76' lang='lat' dir='ltr'><strong>taeniam</strong></span> <span class='ocrx_word' id='word_1_370' title='bbox 301 4189 387 4239; x_wconf 84' lang='lat' dir='ltr'><strong>Maius</strong></span> <span class='ocrx_word' id='word_1_371' title='bbox 400 4206 435 4240; x_wconf 81' lang='lat' dir='ltr'><strong>eae</strong></span> <span class='ocrx_word' id='word_1_372' title='bbox 445 4193 572 4253; x_wconf 77' lang='lat' dir='ltr'><strong>glossario</strong></span> <span class='ocrx_word' id='word_1_373' title='bbox 586 4190 712 4241; x_wconf 82' lang='lat' dir='ltr'><strong>Vaticano</strong></span> <span class='ocrx_word' id='word_1_374' title='bbox 748 4190 1012 4256; x_wconf 72' lang='lat' dir='ltr'><strong>ductedicteuenianr</strong></span> <span class='ocrx_word' id='word_1_375' title='bbox 1027 4189 1159 4255; x_wconf 82' lang='lat' dir='ltr'><strong>parracida</strong></span> <span class='ocrx_word' id='word_1_376' title='bbox 1212 4193 1243 4242; x_wconf 83' lang='lat'><strong>19</strong></span> <span class='ocrx_word' id='word_1_377' title='bbox 1262 4192 1316 4242; x_wconf 77' lang='lat' dir='ltr'><strong>Ars</strong></span> <span class='ocrx_word' id='word_1_378' title='bbox 1333 4191 1484 4244; x_wconf 73' lang='lat' dir='ltr'><strong>codBeru.</strong></span> 
     </span>
     <span class='ocr_line' id='line_1_48' title="bbox 187 4254 1484 4326; baseline 0.003 -18"><span class='ocrx_word' id='word_1_379' title='bbox 187 4257 604 4323; x_wconf 70' lang='lat' dir='ltr'><strong>207fi65·‚·1uttanuap.3c.</strong></span> <span class='ocrx_word' id='word_1_380' title='bbox 658 4274 727 4322; x_wconf 67' lang='lat' dir='ltr'><strong>ccx</strong></span> <span class='ocrx_word' id='word_1_381' title='bbox 805 4260 836 4308; x_wconf 86' lang='grc'><strong>21</strong></span> <span class='ocrx_word' id='word_1_382' title='bbox 856 4254 980 4323; x_wconf 85' lang='lat' dir='ltr'><strong>equitum]</strong></span> <span class='ocrx_word' id='word_1_383' title='bbox 1006 4258 1084 4322; x_wconf 82' lang='lat' dir='ltr'><strong>Verp.</strong></span> <span class='ocrx_word' id='word_1_384' title='bbox 1106 4259 1172 4308; x_wconf 79' lang='lat' dir='ltr'><strong>Aen.</strong></span> <span class='ocrx_word' id='word_1_385' title='bbox 1193 4260 1219 4308; x_wconf 89' lang='lat' dir='ltr'><em>X</em></span> <span class='ocrx_word' id='word_1_386' title='bbox 1237 4262 1299 4322; x_wconf 85' lang='grc'><em>189,</em></span> <span class='ocrx_word' id='word_1_387' title='bbox 1319 4262 1352 4322; x_wconf 80' lang='lat' dir='ltr'><strong>cf.</strong></span> <span class='ocrx_word' id='word_1_388' title='bbox 1371 4261 1439 4310; x_wconf 88' lang='lat' dir='ltr'><strong>Don.</strong></span> <span class='ocrx_word' id='word_1_389' title='bbox 1457 4278 1484 4326; x_wconf 82' lang='lat' dir='ltr'><strong>p.</strong></span> 
     </span>
     <span class='ocr_line' id='line_1_49' title="bbox 188 4322 1450 4392; baseline 0.002 -17"><span class='ocrx_word' id='word_1_390' title='bbox 188 4328 247 4383; x_wconf 88' lang='grc'><em>398,</em></span> <span class='ocrx_word' id='word_1_391' title='bbox 268 4330 354 4392; x_wconf 75' lang='lat' dir='ltr'><strong>deep.</strong></span> <span class='ocrx_word' id='word_1_392' title='bbox 406 4326 535 4388; x_wconf 85' lang='lat' dir='ltr'><strong>aequitum</strong></span> <span class='ocrx_word' id='word_1_393' title='bbox 604 4328 637 4376; x_wconf 86' lang='grc'><strong>22</strong></span> <span class='ocrx_word' id='word_1_394' title='bbox 655 4341 737 4390; x_wconf 82' lang='lat' dir='ltr'><strong>ecquo</strong></span> <span class='ocrx_word' id='word_1_395' title='bbox 815 4327 849 4376; x_wconf 82' lang='grc'><strong>24</strong></span> <span class='ocrx_word' id='word_1_396' title='bbox 867 4322 942 4390; x_wconf 83' lang='lat' dir='ltr'><strong>Ecce]</strong></span> <span class='ocrx_word' id='word_1_397' title='bbox 967 4325 1044 4390; x_wconf 79' lang='lat' dir='ltr'><strong>Verg.</strong></span> <span class='ocrx_word' id='word_1_398' title='bbox 1064 4324 1121 4375; x_wconf 77' lang='lat' dir='ltr'><strong>uu.</strong></span> <span class='ocrx_word' id='word_1_399' title='bbox 1141 4327 1185 4377; x_wconf 88' lang='lat' dir='ltr'><strong>IX</strong></span> <span class='ocrx_word' id='word_1_400' title='bbox 1203 4330 1236 4377; x_wconf 82' lang='grc'><strong>18</strong></span> <span class='ocrx_word' id='word_1_401' title='bbox 1288 4343 1345 4377; x_wconf 88' lang='lat' dir='ltr'><strong>ecce</strong></span> <span class='ocrx_word' id='word_1_402' title='bbox 1365 4327 1450 4378; x_wconf 85' lang='lat' dir='ltr'><strong>idonci</strong></span> 
     </span>
     <span class='ocr_line' id='line_1_50' title="bbox 186 4393 1485 4460; baseline 0.005 -20"><span class='ocrx_word' id='word_1_403' title='bbox 186 4405 287 4443; x_wconf 87' lang='lat' dir='ltr'><strong>anuum</strong></span> <span class='ocrx_word' id='word_1_404' title='bbox 355 4396 389 4444; x_wconf 86' lang='grc'><strong>25</strong></span> <span class='ocrx_word' id='word_1_405' title='bbox 407 4404 507 4442; x_wconf 89' lang='lat' dir='ltr'><strong>autrum</strong></span> <span class='ocrx_word' id='word_1_406' title='bbox 560 4395 655 4460; x_wconf 85' lang='lat' dir='ltr'><strong>gaudet</strong></span> <span class='ocrx_word' id='word_1_407' title='bbox 722 4396 801 4457; x_wconf 60' lang='grc' dir='ltr'><em>2611ι</em></span> <span class='ocrx_word' id='word_1_408' title='bbox 820 4393 991 4443; x_wconf 84' lang='lat' dir='ltr'><strong>hnaioraest</strong></span> <span class='ocrx_word' id='word_1_409' title='bbox 1037 4393 1151 4443; x_wconf 80' lang='lat' dir='ltr'><strong>Annium</strong></span> <span class='ocrx_word' id='word_1_410' title='bbox 1170 4419 1200 4428; x_wconf 94' lang='lat'>—</span> <span class='ocrx_word' id='word_1_411' title='bbox 1219 4396 1252 4446; x_wconf 86' lang='grc'><strong>29</strong></span> <span class='ocrx_word' id='word_1_412' title='bbox 1271 4396 1485 4457; x_wconf 76' lang='lat' dir='ltr'><strong>nequiorleid.1</strong></span> 
     </span>
     <span class='ocr_line' id='line_1_51' title="bbox 188 4460 1484 4527; baseline 0.003 -17"><span class='ocrx_word' id='word_1_413' title='bbox 188 4463 231 4525; x_wconf 88' lang='grc'><strong>35,</strong></span> <span class='ocrx_word' id='word_1_414' title='bbox 247 4464 272 4511; x_wconf 86' lang='grc'><strong>8.</strong></span> <span class='ocrx_word' id='word_1_415' title='bbox 299 4461 376 4511; x_wconf 73' lang='lat' dir='ltr'><strong>Totam</strong></span> <span class='ocrx_word' id='word_1_416' title='bbox 393 4463 463 4512; x_wconf 83' lang='lat' dir='ltr'><strong>lucus</strong></span> <span class='ocrx_word' id='word_1_417' title='bbox 480 4468 554 4512; x_wconf 78' lang='lat' dir='ltr'><strong>extat</strong></span> <span class='ocrx_word' id='word_1_418' title='bbox 571 4464 598 4512; x_wconf 85' lang='lat' dir='ltr'><strong>in</strong></span> <span class='ocrx_word' id='word_1_419' title='bbox 616 4462 848 4512; x_wconf 84' lang='lat' dir='ltr'><strong>artecod.Beru.</strong></span> <span class='ocrx_word' id='word_1_420' title='bbox 869 4461 955 4522; x_wconf 76' lang='lat' dir='ltr'><strong>aurs.</strong></span> <span class='ocrx_word' id='word_1_421' title='bbox 974 4460 1246 4527; x_wconf 75' lang='lat' dir='ltr'><strong>65⁸,·es.1u1iunip.</strong></span> <span class='ocrx_word' id='word_1_422' title='bbox 1266 4465 1309 4513; x_wconf 83' lang='grc'><em>36.</em></span> <span class='ocrx_word' id='word_1_423' title='bbox 1379 4465 1412 4514; x_wconf 86' lang='grc'><strong>28</strong></span> <span class='ocrx_word' id='word_1_424' title='bbox 1431 4463 1484 4514; x_wconf 86' lang='lat' dir='ltr'><strong>Nes</strong></span> 
     </span>
     <span class='ocr_line' id='line_1_52' title="bbox 187 4525 1481 4597; baseline 0.003 -21"><span class='ocrx_word' id='word_1_425' title='bbox 187 4525 223 4594; x_wconf 91' lang='lat' dir='ltr'><strong>te]</strong></span> <span class='ocrx_word' id='word_1_426' title='bbox 247 4529 325 4592; x_wconf 80' lang='lat' dir='ltr'><strong>Vcrp.</strong></span> <span class='ocrx_word' id='word_1_427' title='bbox 340 4531 406 4582; x_wconf 78' lang='lat' dir='ltr'><strong>Aen.</strong></span> <span class='ocrx_word' id='word_1_428' title='bbox 420 4529 474 4581; x_wconf 89' lang='grc'><strong>111</strong></span> <span class='ocrx_word' id='word_1_429' title='bbox 491 4532 540 4581; x_wconf 81' lang='grc'><strong>155</strong></span> <span class='ocrx_word' id='word_1_430' title='bbox 607 4532 641 4580; x_wconf 87' lang='grc'><strong>29</strong></span> <span class='ocrx_word' id='word_1_431' title='bbox 660 4529 768 4578; x_wconf 89' lang='lat' dir='ltr'><strong>inmensi</strong></span> <span class='ocrx_word' id='word_1_432' title='bbox 838 4531 869 4578; x_wconf 88' lang='grc'><strong>31</strong></span> <span class='ocrx_word' id='word_1_433' title='bbox 890 4527 1039 4579; x_wconf 76' lang='lat' dir='ltr'><strong>Naue-3¹3</strong></span> <span class='ocrx_word' id='word_1_434' title='bbox 1058 4531 1149 4578; x_wconf 88' lang='lat' dir='ltr'><strong>temnis</strong></span> <span class='ocrx_word' id='word_1_435' title='bbox 1164 4531 1228 4581; x_wconf 81' lang='lat' dir='ltr'><strong>Dora.</strong></span> <span class='ocrx_word' id='word_1_436' title='bbox 1242 4547 1268 4595; x_wconf 87' lang='lat' dir='ltr'><strong>p.</strong></span> <span class='ocrx_word' id='word_1_437' title='bbox 1283 4534 1371 4593; x_wconf 68' lang='grc'><em>3987</em></span> <span class='ocrx_word' id='word_1_438' title='bbox 1407 4530 1481 4597; x_wconf 86' lang='lat' dir='ltr'><strong>Nate]</strong></span> 
     </span>
     <span class='ocr_line' id='line_1_53' title="bbox 191 4594 1483 4665; baseline 0.005 -22"><span class='ocrx_word' id='word_1_439' title='bbox 191 4596 344 4662; x_wconf 69' lang='lat' dir='ltr'><strong>Vergden.</strong></span> <span class='ocrx_word' id='word_1_440' title='bbox 362 4596 379 4645; x_wconf 91' lang='lat'><em>1</em></span> <span class='ocrx_word' id='word_1_441' title='bbox 397 4600 446 4647; x_wconf 80' lang='grc'><strong>161</strong></span> <span class='ocrx_word' id='word_1_442' title='bbox 500 4614 539 4646; x_wconf 83' lang='lat' dir='ltr'><strong>nie</strong></span> <span class='ocrx_word' id='word_1_443' title='bbox 558 4599 624 4647; x_wconf 87' lang='lat' dir='ltr'><strong>uires</strong></span> <span class='ocrx_word' id='word_1_444' title='bbox 693 4599 726 4649; x_wconf 80' lang='lat'><strong>32</strong></span> <span class='ocrx_word' id='word_1_445' title='bbox 744 4596 824 4646; x_wconf 84' lang='lat' dir='ltr'><strong>tiioen</strong></span> <span class='ocrx_word' id='word_1_446' title='bbox 894 4594 1370 4662; x_wconf 61' lang='grc' dir='ltr'><em>3419311111]νενμ.ι1ωι,111523</em></span> <span class='ocrx_word' id='word_1_447' title='bbox 1411 4601 1483 4665; x_wconf 86' lang='lat' dir='ltr'><strong>prinu</strong></span> 
     </span>
     <span class='ocr_line' id='line_1_54' title="bbox 187 4665 809 4716; baseline 0.002 -3"><span class='ocrx_word' id='word_1_448' title='bbox 187 4665 343 4713; x_wconf 82' lang='lat' dir='ltr'><strong>conclamem</strong></span> <span class='ocrx_word' id='word_1_449' title='bbox 361 4674 429 4714; x_wconf 81' lang='lat' dir='ltr'><strong>entes</strong></span> <span class='ocrx_word' id='word_1_450' title='bbox 498 4667 531 4716; x_wconf 83' lang='lat'><strong>35</strong></span> <span class='ocrx_word' id='word_1_451' title='bbox 549 4665 598 4715; x_wconf 83' lang='lat' dir='ltr'><strong>ictu</strong></span> <span class='ocrx_word' id='word_1_452' title='bbox 617 4681 679 4716; x_wconf 91' lang='lat' dir='ltr'><strong>suco</strong></span> <span class='ocrx_word' id='word_1_453' title='bbox 697 4665 809 4714; x_wconf 84' lang='lat' dir='ltr'><strong>eiamore</strong></span> 
     </span>
    </p>
   </div>
   <div class='ocr_carea' id='block_1_6' title="bbox 0 0 1718 5378">
    <p class='ocr_par' dir='ltr' id='par_1_6' title="bbox 0 0 1718 5378">
     <span class='ocr_line' id='line_1_55' title="bbox 0 0 1718 5378; baseline 0 0"><span class='ocrx_word' id='word_1_454' title='bbox 0 0 1718 5378; x_wconf 95' lang='lat' dir='ltr'><strong> </strong></span> 
     </span>
    </p>
   </div>
  </div>
 </body>
</html>
