3420 5378
715 316 956 372 ιιιιιιιιιιίιοι.
1445 319 1488 384 55

274 505 307 566 ln
329 504 483 567 aduerbiis
504 507 593 568 etiam
615 509 835 585 conparationis
856 507 967 586 gradus
989 516 1058 567 sunt
1080 516 1154 578 tres,
1179 509 1324 587 positiuus
1344 527 1487 588 conpara·

188 610 270 669 tiuus
285 605 495 687 superlatiuus.
532 606 681 669 l’ositiuus
701 616 735 668 ut
754 609 894 688 pulchre,
918 609 1127 689 conparatiuus
1141 619 1174 669 ιιι
1189 608 1357 688 pulchrius,
1381 628 1486 689 soper-

189 708 300 771 latiuus
326 715 360 771 ut
386 707 598 789 pulcherrime.
644 709 719 770 Sunt
745 717 846 770 tamen
869 708 1026 781 aduerbia,
1049 730 1125 790 quae
1152 730 1206 791 per
1233 711 1287 771 hos
1308 710 1419 789 gradus
1441 714 1487 772 ire

188 828 249 872 non
272 818 406 890 possunt
450 809 603 872 Interdum
626 811 771 890 positiuus
792 819 908 872 tanturn
931 812 1040 891 gradus
1062 814 1228 883 inuenitur,
1257 820 1290 873 ut
1312 814 1487 892 spontaliter

162 912 380 974 mediocriter
402 910 592 980 naturaliter;
622 911 784 992 spontalius
806 914 988 975 mediocrius
1010 914 1174 976 naturalius
1196 924 1248 975 aut
1268 895 1486 995 spontalissiine

188 1013 427 1075 mediocrissime
457 1012 505 1074 uel
533 1013 750 1074 naturalissinre
778 1014 836 1075 dici
864 1035 922 1076 non
951 1024 1057 1096 potest.
1103 1015 1255 1077 interdum
1284 1017 1429 1096 positiuus
1456 1026 1487 1079 et

188 1117 412 1195 conparatiuus,
436 1123 468 1177 ut
489 1116 712 1185 contumaciter,
736 1119 953 1186 contumacius;
978 1136 1045 1179 narn
1069 1120 1328 1180 contumacissime
1349 1118 1407 1180 dici
1425 1137 1484 1180 non

188 1225 296 1298 potest.
334 1217 487 1279 interdum
510 1220 660 1298 positiuus
682 1225 712 1277 et
734 1216 950 1297 superlatiuus,
973 1226 1005 1279 ιιι
1020 1221 1068 1298 pie
1082 1221 1230 1299 piissime,
1254 1219 1332 1301 quod
1357 1222 1486 1299 pientius

188 1318 248 1380 dici
275 1336 335 1380 nou
364 1325 468 1398 potest.
512 1318 548 1379 Et
576 1317 775 1398 superlatiuus
797 1319 907 1398 gradus
930 1329 1045 1381 tantum
1068 1322 1233 1392 inuenitur,
1259 1329 1290 1382 ut
1312 1324 1484 1391 nouissime,

149 1420 285 1482 methis
307 1421 413 1482 similia
437 1420 540 1481 eadem
563 1422 681 1482 ratione
702 1419 889 1483 obseruanda
913 1432 993 1483 sunt.
1032 1422 1160 1500 Figurae
1182 1422 1394 1485 aduerbiorum
1415 1431 1485 1485 sunt

186 1520 278 1594 duae,
308 1524 432 1602 simplex
455 1531 485 1582 ct
506 1524 671 1602 conposita,
696 1523 823 1603 simplex
846 1531 878 1583 ut
900 1522 986 1584 docte
1009 1523 1185 1604 prudenter,
1210 1526 1361 1603 conposita
1384 1533 1417 1585 ut
1440 1525 1484 1584 iu·

186 1623 274 1686 docte
288 1624 495 1704 inprudenter.
532 1624 608 1684 Sunt
621 1632 719 1685 autem
742 1624 893 1692 aduerbia,
912 1632 1047 1704 utsupra
1072 1624 1181 1686 dictum
1205 1634 1258 1696 est,
1275 1628 1305 1685 in
1322 1623 1482 1686 elitteram

187 1728 340 1796 exeuntia,
363 1732 395 1787 ut
416 1728 513 1805 perite
535 1725 660 1787 facunde
682 1727 766 1787 tarde
788 1727 951 1786 honorifice
973 1727 1132 1787 artificiose
1154 1729 1306 1805 ingeniose
1329 1726 1484 1806 splendide

185 1833 254 1909 apte
276 1827 382 1889 callide
405 1826 483 1887 bene
505 1825 582 1886 male
605 1826 694 1888 stulto
717 1829 827 1905 optime
849 1828 976 1908 pessime
998 1829 1072 1889 dure
1097 1826 1196 1889 dolose
1212 1831 1327 1907 ingrate
1342 1828 1483 1889 insidiose

148 1929 331 2008 reflagitiose
363 1930 559 2007 ignominiose
593 1931 752 1989 criminose
785 1936 1013 2007 argumentnose
1042 1928 1242 2008 conpendiose
1273 1929 1484 1991 declamatorie

185 2032 317 2093 oilieiosc
338 2033 432 2092 ciuice
455 2037 540 2091 caute
563 2039 665 2090 sancte
687 2029 841 2091 commode
865 2038 1028 2109 temperate
1051 2038 1080 2090 et
1095 2031 1140 2091 liis
1156 2031 1275 2091 similia.
1306 2031 1482 2108 itemquae

184 2134 216 2195 iu
238 2152 254 2193 r
275 2131 405 2193 litteram
429 2139 555 2201 exeunt,
583 2131 767 2192 sufficienter
790 2134 963 2209 perenniter
986 2132 1126 2193 ardenter
1149 2132 1356 2213 separabiliter
1378 2133 1481 2194 liuma-

185 2236 265 2296 niter
285 2234 458 2296 ioculariter
481 2233 669 2295 concorditer
690 2234 866 2311 spontaliter
889 2234 1049 2295 ellicaciter
1071 2233 1224 2295 audaciter
1246 2235 1310 2296 siue
1332 2233 1483 2302 audacter,

186 2334 375 2398 turbulenter
403 2335 548 2396 uelociter
571 2343 770 2414 properanter
793 2335 918 2398 feliciter
940 2336 1101 2397 infeliciter
1124 2335 1229 2397 leuiter
1253 2338 1380 2416 turpiter
1402 2336 1481 2396 irau-

145 2436 321 2499 roduleuter
348 2439 493 2499 instanter
521 2436 728 2498 miserabiliter
758 2437 989 2499 misericorditer
1017 2437 1180 2500 clementer
1208 2437 1366 2516 opulenter
1388 2436 1482 2497 abun·

185 2539 290 2600 dauter
313 2538 452 2600 ferociter
474 2538 653 2617 adroganter
675 2540 820 2600 iactanter
842 2538 1016 2600 seculariter
1038 2538 1190 2600 moraliter
1213 2539 1392 2618 regulariter
1407 2540 1482 2614 ilgo-

184 2639 287 2702 raliter
309 2639 422 2701 utiliter
443 2636 630 2703 incessanter
652 2640 751 2701 ethis
774 2639 891 2701 similia.

686 2826 734 2887 DE
757 2825 978 2888 ruurlcu’iu.

269 2946 459 3026 Participium
484 2953 620 3026 estpars
647 2946 790 3005 orationis
813 2963 847 3003 ec
871 2944 960 3012 dicte,
984 2945 1062 3024 quod
1085 2952 1199 3023 partem
1224 2946 1320 3025 capiat
1341 2947 1479 3015 nominis,

144 3056 299 3130 aspartem
321 3049 417 3110 uerbi.
461 3048 579 3127 Recipit
600 3048 678 3107 eniru
701 3064 716 3105 a
740 3047 859 3106 nomine
881 3063 990 3125 genera
1015 3054 1044 3107 ct
1065 3065 1165 3117 casua,
1189 3064 1205 3106 a
1228 3046 1322 3109 uerbo
1346 3055 1480 3127 tempora

183 3157 215 3212 et
235 3150 481 3229 significationes,
504 3148 541 3210 ab
565 3155 692 3226 utroque
716 3165 788 3209 uero
811 3164 968 3207 numerum
993 3156 1022 3207 et
1043 3149 1176 3226 figuram.
1222 3149 1381 3228 Participio
1404 3150 1480 3209 acei-

173 3252 259 3315 dunt
279 3270 346 3321 sex,
372 3268 467 3329 genus
489 3268 575 3310 casus
597 3258 714 3329 tempus
736 3249 914 3327 significatio
937 3267 1079 3311 numerus
1101 3252 1204 3327 ligura.
1249 3251 1365 3312 Genera
1387 3252 1479 3330 parti·

183 3356 270 3434 cipiis
298 3352 438 3414 accidunt
464 3357 617 3430 quattuor,
647 3351 840 3412 masculinum
865 3360 898 3411 ut
919 3349 1071 3419 laudatus,
1100 3350 1275 3411 femininum
1298 3359 1331 3411 ut
1352 3351 1478 3421 laudata,

183 3463 321 3515 neutrum
345 3461 378 3513 ut
400 3453 563 3523 laudatum,
588 3470 745 3514 commune
768 3459 800 3513 ut
822 3451 954 3512 laudans.
1000 3452 1073 3513 Nam
1098 3455 1195 3513 ornnia
1216 3455 1381 3532 praesentis
1404 3461 1477 3514 tem-

143 3559 266 3638 soporis
294 3557 448 3635 participia
476 3557 596 3634 generis
618 3563 687 3616 suut
710 3557 891 3622 communis,
922 3562 955 3614 ut
976 3556 1000 3614 si
1024 3552 1104 3614 dicas
1126 3554 1302 3633 intellegens
1325 3572 1413 3614 orans
1435 3553 1478 3613 di-

182 3676 254 3720 cens
282 3657 407 3738 loquens
434 3675 559 3718 currens
588 3657 718 3718 exaltans
746 3666 915 3735 temperans
944 3656 1063 3716 irruens
1086 3655 1217 3716 febriens
1239 3663 1322 3716 stans
1345 3672 1479 3733 pugnans

181 3758 299 3840 fulgens
315 3758 405 3820 ethis
427 3756 544 3820 similia.
582 3757 674 3820 Casus
697 3759 818 3819 totidem
836 3765 906 3819 sunt
920 3758 1155 3836 participiorum,
1174 3767 1245 3837 quot
1260 3767 1289 3816 et
1304 3759 1476 3817 nominum:

181 3879 250 3923 nam
279 3879 333 3941 per
360 3879 464 3921 omues
491 3878 576 3920 casus
601 3859 698 3920 omnia
722 3861 877 3938 participia
901 3859 1097 3920 declinantur.
1143 3858 1290 3938 Tempora
1313 3860 1477 3939 participiis

181 3962 320 4024 accidunt
340 3965 411 4032 tria,
434 3978 576 4041 praesens
598 3962 793 4041 praeteritum
816 3969 846 4019 et
862 3960 1008 4029 futurum,
1033 3967 1064 4019 ut
1078 3959 1202 4036 loquens
1217 3961 1356 4038 loquutus
1371 3960 1476 4035 loquu-

142 4073 276 4126 arturus.
331 4064 566 4142 significationes
602 4064 827 4142 participiorum
864 4069 1023 4122 sumuntur
1056 4080 1072 4120 a
1105 4060 1266 4139 generibus
1303 4060 1475 4122 uerborum.

233 4316 408 4382 epuler-eu
477 4317 696 4381 dpossitiuusA
765 4315 981 4381 Gpossitinusd
1062 4316 1093 4365 10
1110 4315 1272 4366 suntoculi
1344 4316 1376 4365 14
1393 4315 1477 4366 calide

181 4386 204 4434 Α
254 4385 416 4435 ἱιιείοἰοιιΑ
487 4387 517 4433 15
535 4387 769 4448 argumeut'osed
837 4383 1056 4449 declamatoriprt
1144 4386 1175 4434 16
1193 4384 1300 4433 comode
1318 4384 1339 4430 rt

247 4452 366 4503 ecdico
384 4452 453 4502 eoB
505 4453 597 4500 ominis
618 4454 640 4499 Α
708 4453 741 4501 25
759 4452 890 4515 recepitB
943 4451 1089 4500 nonreuell
1157 4453 1189 4501 26
1208 4467 1267 4499 rrero
1286 4453 1367 4502 erud
1404 4467 1475 4501 ncce-

179 4520 281 4571 duutB
349 4521 382 4571 2⁷
399 4518 554 4585 significatio
574 4521 713 4583 tempusll
767 4520 957 4584 participiorum
977 4528 1039 4580 quot
1057 4518 1153 4567 surrtll
1216 4520 1249 4568 29
1267 4520 1395 4582 praesenti
1414 4530 1476 4567 tcm-

179 4589 292 4654 porisd
345 4591 377 4638 30
395 4589 537 4636 eommunis
556 4588 632 4635 trium
650 4601 770 4650 generunt
791 4587 810 4634 ll
861 4590 891 4637 31
913 4602 1016 4636 currens
1036 4614 1067 4622 —
1085 4586 1186 4651 lulgeus
1204 4602 1250 4639 orn.
1271 4586 1290 4634 B
1355 4589 1387 4635 32
1405 4586 1474 4649 quod

178 4659 243 4707 οιΑ
313 4658 345 4706 33
364 4657 450 4704 οιιιιιίιι
469 4656 571 4704 nornine
590 4654 762 4719 participiaA
832 4655 980 4719 partecipiis
999 4655 1122 4704 accedunt
1140 4654 1230 4703 treeB
1303 4655 1336 4704 34
1354 4669 1475 4719 praesens

179 4733 208 4774 ut
224 4722 331 4786 loquens
350 4720 425 4788 praei
441 4724 561 4785 loquutus
580 4718 620 4772 lui
642 4722 794 4783 loquuturus
813 4721 833 4770 B
884 4738 990 4788 presens
1008 4723 1028 4772 B
1096 4723 1130 4773 35
1146 4721 1348 4787 significationes
1366 4736 1381 4770 a
1399 4736 1476 4789 gene·

177 4793 249 4842 ribus
267 4791 402 4842 uerborum
420 4792 553 4857 participia
570 4799 704 4840 sumentur
723 4789 740 4839 Β
