3420 5378
650 318 838 372 sancitati.

101 501 137 563 Et
160 519 250 563 arnum
275 502 401 565 uerbum
424 505 530 575 micio,
553 514 585 566 ut
615 528 621 535 ·

303 605 416 667 Reice
439 625 483 668 ne
505 607 666 670 maculis
688 610 850 672 infuscet
874 610 1019 673 uellera
1041 611 1169 692 pullis.

100 705 214 769 Omnes
236 707 457 769 interiectiones
480 710 505 770 si
528 708 749 790 monosyllabae
771 713 901 782 luerint,
924 712 1139 793 producuntur,
1163 724 1196 777 ut
1218 715 1292 786 heu;
1316 727 1394 779 cete·

101 826 153 870 rae
175 827 248 870 uero
271 813 407 887 exemplo
423 810 563 871 similium
579 815 708 891 anartium
724 816 865 874 orationis
881 815 1081 877 aestimandae
1096 826 1173 878 sunt.
1208 818 1281 879 ltem
1304 819 1396 880 inter-

72 923 86 975 a
101 912 244 971 lectiones
260 927 372 978 omnies,
396 910 626 974 caducarius
649 916 696 985 ait,
714 935 790 996 «luae
806 916 842 977 dc
859 916 972 978 Graeco
987 936 1125 978 sermone
1142 923 1269 981 mutuati
1284 940 1394 992 snmus,

101 1012 168 1074 ideo
190 1014 221 1073 in
243 1015 413 1074 nouissimis
436 1013 554 1093 syllabis
576 1017 725 1095 fastigium
742 1020 871 1098 capiunt,
897 1029 928 1080 ut
945 1038 1039 1100 papae
1054 1029 1135 1082 attat.
1181 1021 1292 1084 Eodem
1308 1023 1396 1083 modo

101 1124 132 1176 et
158 1122 276 1176 ceterae
304 1113 439 1176 similiter
466 1121 516 1177 uei
537 1126 657 1179 acutum
687 1118 734 1180 uel
762 1120 987 1183 circumflexum
1017 1123 1048 1181 in
1077 1120 1180 1184 ultimo
1203 1134 1325 1187 sumunt
1346 1144 1393 1185 ac·

100 1226 228 1279 centum.

169 1494 181 1540 i
203 1505 279 1539 rantum
298 1506 345 1540 orn.
364 1489 439 1540 Beda
495 1493 510 1541 2
529 1491 632 1539 iuinlret
651 1491 743 1540 uellem
763 1489 862 1559 puluis]
886 1494 1192 1559 Verp.Georp.11138d
1260 1495 1394 1563 adunes]

101 1560 143 1620 Gr.
163 1558 249 1609 Seruii
266 1560 298 1609 de
312 1559 432 1621 finalibus
450 1576 475 1622 p.
493 1562 553 1622 455,
574 1563 656 1615 3—5,·
674 1559 749 1610 Beda
766 1579 793 1625 p.
813 1562 934 1612 23631).
999 1573 1025 1610 nt
1044 1563 1106 1611 laeua
1125 1565 1301 1628 producuntur
1318 1565 1395 1616 Beda

151 1639 261 1677 ceterum
280 1627 402 1676 similium
470 1629 487 1678 4
505 1628 645 1677 estirrmnde
660 1628 664 1693 Ι
681 1629 867 1678 existimandae
885 1628 961 1679 Beda
1034 1633 1049 1681 5
1069 1643 1095 1680 ut
1112 1632 1232 1681 cumatius
1252 1646 1278 1683 ut
1295 1650 1346 1695 que
1363 1635 1396 1683 de

99 1709 176 1760 greco
195 1708 312 1744 sermone
331 1695 419 1743 ueritati
485 1692 625 1760 Aiulncins]
647 1696 762 1745 Audacia
779 1698 835 1745 end.
855 1696 935 1747 Bern.
955 1700 1010 1747 336
1026 1715 1093 1748 naec.
1117 1700 1275 1750 VIII-IX
1288 1703 1310 1764 s.
1331 1703 1394 1751 45¹:

99 1764 287 1812 interiectionem
307 1776 395 1812 aminea
414 1764 474 1825 quiin
492 1764 524 1812 de
541 1778 618 1828 greco
630 1778 747 1813 sermone
766 1767 872 1814 nuumti
891 1781 989 1823 sumus,
1009 1766 1066 1816 ideo
1079 1767 1103 1815 in
1124 1770 1270 1817 nouissimis
1288 1768 1394 1833 syllabis

99 1830 231 1895 fastigium
259 1832 364 1895 capiunt
389 1842 416 1879 nt
443 1847 509 1897 perpe
531 1843 593 1880 attat
618 1831 665 1881 lroc
684 1831 740 1880 hem
759 1844 783 1881 et
800 1844 886 1899 cetere.
903 1834 1018 1882 similiter
1037 1834 1075 1883 uel
1094 1847 1210 1884 uccuturn
1230 1838 1268 1886 uel
1287 1839 1394 1886 circnm-

100 1898 195 1948 dexnm
213 1900 238 1947 in
258 1899 346 1948 ultimo
365 1909 480 1958 sumunt,
499 1899 533 1961 cs.
552 1899 619 1949 Keil.
639 1900 730 1953 Herm.
749 1900 765 1949 Ι
782 1916 808 1963 p.
824 1904 881 1950 333
949 1901 1103 1967 Glartiginnt
1120 1904 1225 1968 eupiunt
1293 1920 1360 1970 pape

100 1962 152 2017 eod
168 1967 227 2016 arod
244 1978 269 2016 et
286 1960 328 2016 cei
345 1966 419 2016 simil
436 1968 475 2016 uel
493 1968 684 2017 circumllexum
779 1969 854 2018 ‘latei
878 1980 978 2018 notatum
1004 1971 1042 2019 uel
1065 1972 1255 2022 oirenmilennm
1275 1972 1350 2024 Beda
1368 1980 1393 2022 et

98 2038 157 2088 eod.
175 2036 295 2087 Audacia.

634 2208 860 2216 ..n-*-

185 2396 299 2455 Eadem
322 2397 416 2469 ipitur
443 2411 502 2456 aaa
531 2397 592 2454 nisi
605 2397 716 2471 paucis
742 2398 864 2456 mutatis
892 2397 979 2473 apud
1000 2396 1117 2457 Badara
1136 2416 1169 2473 p.
1196 2404 1271 2457 2363
1293 2399 1328 2457 P.
1350 2400 1390 2457 le-

95 2494 263 2576 auatur.*)
310 2497 410 2572 Neque
432 2506 530 2555 tarmen
554 2495 659 2556 Bedae
680 2496 778 2572 ipsius
799 2505 976 2574 excerptum
1004 2502 1034 2558 ia
1065 2499 1199 2559 omuibus
1226 2501 1284 2559 illis
1310 2501 1381 2559 cudi

88 2601 181 2665 ‚daus
208 2598 359 2674 Serpiaao
385 2599 462 2658 iidro
491 2601 639 2659 adiectum
669 2616 731 2659 esse
753 2601 940 2675 putabimus,
976 2603 1118 2675 paeoniam
1146 2600 1265 2660 Badara
1292 2601 1395 2660 Seruii

95 2699 196 2779 copiis
217 2698 370 2761 liberrime
391 2717 475 2760 ueram
497 2717 560 2760 esse
581 2707 715 2779 caresta,
743 2703 824 2777 quod
844 2704 961 2762 Keilius
982 2720 1050 2762 cum
1072 2700 1211 2770 uidisset,
1239 2704 1270 2761 ia
1298 2702 1390 2763 uduo

96 2808 211 2867 tatione
231 2801 342 2864 critica
363 2804 505 2879 opuscula
527 2805 566 2862 de
584 2802 728 2873 finalibus
749 2804 881 2864 subiecta
908 2801 952 2861 ad
973 2803 1075 2863 Seruii
1099 2805 1193 2863 araba
1222 2805 1271 2863 uei
1294 2819 1390 2863 emea-

96 2908 204 2969 daada
226 2908 275 2966 uel
295 2905 480 2980 explicanda
502 2912 583 2964 reete
604 2904 720 2964 Bedam
743 2923 858 2979 quoque
880 2905 1025 2965 adhibuit.
1069 2907 1177 2980 Itaque
1199 2903 1335 2966 Audacia
1354 2907 1392 2965 de

96 3011 337 3072 interiectionum
363 3007 537 3066 accentibus
564 3008 737 3065 disserentis
764 3009 862 3081 laras,
899 3025 985 3081 quem
1019 3024 1059 3067 eae
1088 3006 1175 3065 Beda
1208 3009 1392 3083 deprompsit

97 3114 214 3175 Keilim
236 3110 339 3169 Herm.
358 3111 418 3184 lp.
437 3115 502 3181 333,
528 3126 587 3167 aaa
610 3109 653 3166 ad
671 3108 784 3167 Bedam
807 3112 913 3184 ipsum,
938 3111 990 3169 sed
1013 3109 1056 3167 ud
1076 3111 1306 3168 commentarios
1321 3108 1389 3168 Ser-

93 3217 205 3291 piaaos
238 3214 370 3287 pertinet
399 3210 517 3269 Bedam
551 3217 652 3269 aetate
678 3212 836 3285 aliquanta
865 3211 1085 3271 antecedentes.
1137 3210 1201 3270 Hae
1231 3227 1303 3269 uero
1329 3228 1390 3270 noa

94 3318 172 3377 leurs
192 3315 332 3375 momenti
351 3321 395 3372 est
416 3314 458 3371 aa
480 3312 614 3372 Audacia
635 3318 762 3371 aetatem
784 3314 961 3373 accuratius
982 3314 1195 3385 definiendam.

141 3487 239 3495 .-----
243 3486 318 3493 ....--

162 3603 189 3665 *l
208 3600 310 3654 Concinit
327 3603 405 3666 igitar
418 3601 522 3649 illuriani
536 3600 647 3649 iintelleri
667 3601 744 3649 riustri
758 3602 873 3662 iniquum
887 3602 918 3648 dc
930 3599 1012 3650 Seruii
1027 3601 1068 3648 ‘do
1082 3600 1211 3650 tinnlibus'
1226 3598 1309 3648 libello
1323 3600 1389 3647 iudi-

94 3673 252 3736 einm,quod
271 3671 448 3719 schedularum
474 3669 561 3716 tlsciuu
584 3685 629 3715 arra
651 3685 686 3720 nr.
700 3667 749 3716 XX
767 3668 852 3722 arinul.
873 3669 991 3721 Fleckeis,
1014 3671 1077 3720 1866
1097 3669 1246 3732 pblidaeq.
1265 3668 1389 3726 excussit,

94 3742 231 3804 siqnidem,
249 3740 292 3801 aad
311 3754 327 3787 n
345 3738 463 3787 ,lintellero
483 3754 508 3802 p.
519 3739 569 3787 565
587 3737 699 3785 ndi'ertrn·
717 3735 799 3786 Seruii
818 3737 889 3785 loeus
907 3753 932 3801 p.
951 3738 1035 3800 453st
1055 3737 1084 3794 ll,
1105 3752 1153 3785 nou
1174 3738 1247 3785 eceb
1265 3737 1314 3785 istu
1333 3749 1389 3784 eta

95 3810 164 3861 Beda
182 3807 270 3858 eodem
291 3817 403 3872 tempore
422 3821 453 3854 ex
472 3797 601 3853 l'ri'scinno
620 3805 630 3851 l
649 3820 675 3869 p.
693 3806 743 3854 327
763 3805 791 3854 ll.
809 3805 960 3869 desumptus
979 3815 1029 3861 cst,
1053 3805 1112 3866 quin
1132 3806 1156 3852 in
1176 3814 1245 3853 tanta
1264 3802 1346 3851 Seruii
1365 3815 1390 3849 et

95 3878 180 3928 Bcdae
192 3875 357 3926 similitudine
366 3873 489 3923 Priscinni
508 3888 564 3921 cum
583 3874 640 3921 istis
653 3873 752 3921 datobua
764 3873 944 3936 cognationem
957 3872 1049 3920 andium
1064 3887 1186 3935 nantuaco.
1213 3873 1300 3932 linque
1313 3871 1388 3919 uelim

94 3955 231 4012 expromat
253 3943 341 3993 sedatio
366 3944 404 3991 uir
426 3932 591 3990 ‹iocrtsiimus
614 3955 678 4001 cartas
703 3941 808 4005 insuper
832 3940 906 3988 lintius
930 3940 1005 3989 libelli
1026 3939 1134 3989 atlietesl
1155 3940 1257 3989 cantandi
1278 3939 1389 3987 rationes

94 4013 293 4063 sibi‘inueniase
311 4011 382 4060 trians
401 4022 439 4058 est
457 4010 472 4057 l.
492 4009 510 4060 l.
528 4025 553 4073 p.
572 4010 630 4059 565.
669 4007 719 4057 Nos
743 4010 776 4058 do
801 4008 848 4056 lmc
871 4007 953 4058 Seruii
978 4008 1101 4073 opusculo
1126 4022 1174 4057 non
1202 4008 1273 4056 aliter
1291 4007 1388 4054 indica-

95 4097 167 4138 mus,
186 4079 312 4142 quamde
331 4079 433 4141 reliquis
452 4079 494 4139 quii
515 4077 600 4126 Seruii
619 4075 657 4123 atel
676 4075 758 4140 Sergii
778 4077 880 4125 nomine
899 4076 1109 4126 circumferuntur
1121 4075 1318 4135 commentariis,
1337 4088 1387 4122 non

94 4149 177 4215 ipsius
196 4149 227 4197 ad
242 4158 329 4196 nostra
348 4158 462 4212 tempora
480 4146 615 4195 deuenisse
633 4143 715 4192 Sentii
734 4155 884 4209 praecepta,
906 4145 952 4194 sed
970 4143 1094 4193 Seruiana
1111 4155 1136 4193 et
1148 4160 1162 4192 a
1174 4142 1308 4207 discipulis
1327 4142 1387 4191 olim

93 4218 166 4265 narie
183 4216 300 4281 exposita
320 4225 342 4262 et
362 4232 374 4262 a
394 4215 564 4279 posteriorum
583 4224 693 4261 :tumtum
707 4213 880 4276 grnammuticis
893 4212 977 4262 deuito
996 4222 1147 4278 pertractata
1166 4212 1266 4275 digesta
1284 4209 1385 4259 dilatata

93 4293 216 4338 confinia.
