3420 5378
396 235 404 248 '
517 263 556 314 m
572 264 656 316 non,
675 264 800 315 aaran
817 265 996 320 uuonan.
1337 264 1401 331 263

419 453 502 514 dori
525 453 706 533 quondam
730 461 884 532 regnata
906 453 1085 535 Lycurgo.

112 552 136 613 F
143 551 350 615 uribundus
385 553 580 616 litteraturam
614 553 703 615 babet
731 556 896 635 participii,
935 556 1014 636 quod
1050 556 1272 619 similitudinem
1309 557 1500 622 haberem
1553 563 1558 572 '

111 655 247 726 furienti,
271 656 323 718 scd
346 674 453 718 nomen
476 665 534 727 est,
557 658 625 736 quia
648 674 707 718 non
729 659 812 718 uenit
826 675 841 716 a
857 660 985 737 pessino.
1028 658 1270 722 ludibundus
1290 658 1400 722 similis

112 767 156 820 est
169 757 293 820 ludenti.
322 758 568 821 lloribundus
590 758 693 820 similis
708 766 752 820 est
765 761 915 830 morienti,
937 761 988 822 sed
1004 764 1123 823 nomine
1139 770 1216 824 sunt
1254 762 1395 825 Passus.
1410 775 1459 825 ³⁸⁸,
1473 778 1498 817 21

84 860 241 922 r‘l‘assus’
263 864 292 922 si
310 869 433 942 quartae
456 860 659 923 declinationis
680 869 734 932 est,
750 870 821 923 tuuc
835 855 943 923 nomen
958 869 1004 923 est
1018 871 1048 924 et
1061 864 1208 942 siguificat
1228 882 1396 926 mensuram

111 962 233 1041 pedum;
249 963 376 1043 ‘passus'
390 965 414 1024 si
430 965 615 1043 participium
633 972 686 1033 est,
697 962 844 1042 significat
857 964 953 1042 ipsum
969 967 1031 1044 pati
1045 974 1075 1026 et
1090 973 1134 1026 est
1150 963 1258 1027 mobile
1272 984 1327 1046 per
1342 967 1397 1027 tria

110 1083 219 1143 genera
242 1067 273 1125 in
296 1067 382 1126 usin
405 1086 421 1126 a
444 1067 474 1126 in
497 1083 562 1134 um,
586 1072 618 1125 ut
640 1067 761 1145 ‘passus
784 1074 829 1125 est
850 1064 943 1128 heri’.
989 1066 1098 1128 Visus
1120 1085 1229 1129 nomen
1251 1067 1331 1129 idem
1353 1076 1398 1128 est

110 1175 139 1227 et
154 1169 240 1228 nisio.
271 1167 380 1229 ‘Visus'
397 1168 422 1227 si
444 1169 632 1248 participium
656 1175 715 1235 est.
739 1169 836 1247 ipsum
859 1166 961 1228 uidere
982 1169 1127 1247 significat
1148 1178 1181 1230 ut
1202 1169 1397 1248 apostolus
1465 1174 1468 1180 ’

110 1267 195 1330 dicit:
233 1271 438 1332 nouissime
468 1270 571 1330 uisus
598 1278 655 1329 est
683 1269 844 1329 etmihi.
890 1269 1017 1331 Cultus
1038 1272 1058 1330 i·
1082 1279 1213 1333 ornatus.
1258 1269 1394 1334 ‘Cultus'

73 1383 98 1423 ¹⁰
111 1388 219 1439 nomen
242 1346 387 1450 siginificat
401 1373 494 1450 ipsam
511 1370 672 1439 culturam;
695 1370 803 1432 ‘cultus
819 1372 903 1432 culti'
919 1373 1106 1453 participium
1130 1374 1277 1452 significat
1298 1374 1395 1453 ipsum

84 1462 217 1534 colere.
261 1472 317 1533 ista
346 1475 402 1534 tria
430 1472 548 1536 casibus
575 1474 785 1534 discernuntur
811 1480 840 1533 et
862 1472 1055 1553 temporibus.
1100 1474 1259 1555 ‘Sapiens’
1282 1473 1395 1536 ‘indul-

106 1578 198 1653 gens'
221 1574 339 1651 quando
367 1577 485 1636 nomina
514 1583 597 1644 sunt,
626 1577 876 1654 comparationem
905 1577 1066 1656 recipiunt:
1097 1577 1213 1656 quando
1240 1577 1395 1658 participia

107 1684 178 1738 sunt
205 1679 368 1756 praesentis
397 1678 553 1757 temporis,
589 1685 704 1757 tompus
736 1695 791 1756 pro
820 1679 1040 1756 comparatione
1069 1677 1188 1740 babent
1234 1680 1393 1759 Coeptus
1406 1694 1494 1742 ΒΜ

106 1778 295 1858 participium
318 1778 469 1858 praeteriti
492 1782 633 1857 temporis
657 1788 702 1839 est
723 1797 737 1839 a
761 1777 855 1840 uerbo
878 1778 986 1859 ‘coepi’
1001 1778 1149 1840 delectiuo
1171 1790 1201 1841 et
1221 1798 1280 1841 nou
1303 1779 1394 1842 habet

70 1890 93 1931 1⁵
107 1879 250 1941 iuturum.
297 1880 488 1957 Vrgendns
515 1883 539 1939 i·
569 1879 719 1959 cogendus
751 1898 810 1940 non
845 1880 933 1941 babet
964 1881 1095 1941 futurum
1123 1899 1138 1943 a
1168 1879 1263 1942 uerbo
1289 1899 1410 1963 urgeo,-

106 1981 184 2062 quod
207 1981 275 2042 iacit
298 1983 457 2061 praeterito
479 1983 554 2042 ‘ursi
577 1983 688 2042 arsisti’
712 1990 742 2041 et
764 1983 943 2060 ‘conturgeo
966 1983 1126 2043 contursi’.
1164 1985 1348 2064 Acceptus
1369 1985 1389 2044 i·
1403 1997 1452 2048 aaa,
1467 1998 1493 2038 aa

106 2092 262 2163 susceptus
290 2084 477 2163 participium
514 2084 664 2163 praeteriti
699 2085 841 2163 temporis
867 2083 903 2144 ab
931 2085 1044 2162 accipio
1072 2083 1180 2155 uerbo,
1214 2092 1245 2145 et
1273 2084 1391 2165 quando

106 2166 214 2245 nomeu
238 2193 297 2254 est,
327 2195 530 2264 comparatur,
555 2193 587 2245 ut
613 2193 750 2264 acceptus
773 2187 923 2266 acceptior
943 2181 1060 2267 1119211
1083 2188 1320 2267 acceptissimus:
1342 2206 1391 2248 ac·

104 2294 209 2366 ceptus
236 2288 256 2345 i·
280 2283 412 2350 dilectus.
455 2286 636 2347 incensus
664 2285 801 2348 similiter
828 2288 848 2346 i·
871 2296 1078 2349 concrematus
1105 2307 1121 2349 a
1151 2287 1242 2351 uerbo
1264 2288 1391 2350 incendo

65 2386 256 2450 uincendo:
281 2387 399 2467 quando
421 2405 528 2448 nomen
551 2395 609 2457 est,
633 2395 822 2467 comparatur
843 2389 994 2450 ‘incensus
1015 2391 1188 2452 incensior’.

568 2574 616 2635 DE
639 2573 924 2637 uudtvbcrtonu.

188 2694 362 2754 Coniunctio
384 2693 492 2755 dicitur
514 2712 529 2754 a
553 2693 772 2772 coniungendo,
797 2713 832 2754 oo
854 2693 931 2773 quod
948 2696 1102 2773 coniungit
1116 2694 1187 2757 alias
1202 2703 1310 2775 partes.
1338 2695 1390 2758 Est

103 2803 202 2857 autem
225 2796 309 2874 qnasi
331 2793 482 2857 uinculum
504 2796 642 2874 partium.
667 2796 839 2878 ¹Coniungit
860 2797 937 2856 enim
961 2795 1020 2857 duo
1041 2797 1170 2866 uomina,
1193 2804 1225 2857 ut
1239 2796 1389 2876 ‘Virgilius

13 2882 16 2887 ⁵
101 2907 132 2961 et
152 2896 350 2966 Priscianus',
373 2895 431 2958 duo
453 2898 627 2976 pronomina
651 2902 724 2975 ‘ego
747 2904 777 2957 et
798 2899 858 2965 tu',
888 2897 946 2959 duo
973 2895 1065 2958 uerba
1094 2896 1181 2976 ‘legit
1203 2908 1233 2959 et
1254 2897 1387 2969 scribit’,

63 2999 162 3087 rqdno
184 2997 340 3068 aduerbia,
364 3006 398 3059 ut
419 2997 502 3059 ‘heri
524 3007 554 3058 et
575 2997 690 3068 hodie’,
714 2997 773 3059 duo
795 2999 965 3077 participia,
988 3006 1020 3059 ut
1041 2998 1155 3078 ‘legens
1177 3008 1208 3060 et
1228 2999 1387 3073 soribcos',

101 3110 185 3163 etse
208 3101 301 3178 ipsam
324 3101 490 3179 coniungit,
514 3107 547 3161 ut
568 3100 605 3160 ‘si
628 3107 657 3160 et
678 3101 727 3169 si’,
751 3099 823 3161 duas
846 3101 1079 3180 praepositiones
1101 3103 1224 3165 ‘circum
1241 3111 1270 3164 et
1285 3104 1386 3177 circa’,

101 3203 175 3264 duas
195 3204 419 3264 interiectiones
441 3201 519 3262 ‘heu
542 3208 572 3261 et
593 3202 689 3263 euax?
735 3200 824 3262 Recte
852 3202 939 3262 ctiam
971 3210 1039 3282 post
1066 3202 1138 3265 alias
1164 3210 1265 3284 partes
1291 3207 1387 3285 posita

100 3314 147 3368 est
174 3307 360 3376 coniunctio,
389 3305 456 3383 quia
484 3321 534 3365 eas
562 3305 723 3382 coniungit.
768 3302 849 3364 Vnde
879 3311 910 3363 et
936 3305 1041 3365 morito
1064 3306 1229 3384 ‘potestas’
1252 3307 1279 3368 ei
1301 3306 1386 3369 datur

99 3426 156 3488 pro
183 3406 350 3481 accidente,
380 3425 466 3486 quam
496 3402 569 3467 aliae
597 3414 695 3486 partes
722 3424 782 3466 non
811 3404 929 3467 babent
981 3405 1139 3468 Sciendum
1167 3414 1281 3478 autem,
1315 3409 1386 3488 quia

60 3520 87 3561 ³⁰
100 3510 271 3573 coniunctio
293 3507 389 3569 tribus
413 3507 508 3568 modis
530 3509 683 3587 coniungit
704 3516 823 3587 partes:
848 3526 937 3570 sensu
959 3515 989 3569 et
1009 3507 1188 3578 litteratura,
1219 3507 1383 3571 litteratura

100 3620 130 3673 et
152 3629 211 3672 uon
232 3628 337 3679 sensu,
364 3628 454 3671 sensu
476 3617 506 3670 et
527 3628 586 3671 non
608 3611 780 3671 litteratura.
824 3609 882 3671 Sed
911 3611 967 3672 boc
994 3610 1212 3690 inquirentibus
1234 3610 1383 3674 dimitten-

99 3714 170 3775 dum
192 3721 246 3775 est.
297 3713 369 3773 Cum
398 3711 457 3772 duo
485 3713 602 3773 nomina
632 3720 702 3773 sunt
723 3719 754 3772 et
775 3730 867 3774 unum
895 3711 1036 3782 uerbum,
1066 3711 1124 3774 duo
1150 3715 1270 3775 uomina
1297 3722 1385 3793 egent

100 3815 323 3885 coniunctione,
346 3821 377 3874 ut
400 3812 552 3892 ‘Virgilius
574 3822 604 3873 et
625 3814 795 3875 Priscianus
816 3812 944 3892 legunt:
969 3821 998 3874 et
1020 3813 1137 3891 quando
1159 3813 1332 3887 ducuerba
1354 3825 1385 3877 et

99 3936 189 3979 unum
212 3934 336 3985 nomen,
365 3914 457 3975 uerba
487 3924 574 3994 egent
600 3916 821 3985 coniunctione,
856 3926 888 3976 ut
916 3915 1004 3992 ‘legit
1031 3922 1060 3976 et
1086 3913 1191 3976 scribit
1216 3915 1383 3995 Virgilins’.

60 4019 222 4092 &Quando
246 4037 318 4078 uero
341 4017 431 4078 multa
454 4018 571 4078 nomina
594 4016 703 4077 luerint
725 4024 754 4078 ot
776 4035 833 4077 una
855 4034 997 4096 persona,
1020 4027 1052 4077 ut
1074 4016 1208 4079 ‘Publius
1230 4016 1383 4081 Cornelius

97 4191 331 4201 ---

166 4291 301 4356 lligurgo
369 4285 568 4353 3ludibundus]
588 4288 647 4339 Hoc
661 4267 807 4338 {uocabulum
824 4289 895 4353 opud
912 4288 1037 4339 Dandum
1053 4291 1125 4353 uuipo
1143 4303 1193 4339 non
1209 4290 1309 4355 lapiton.
1365 4293 1382 4341 t

97 4375 192 4426 passus
210 4368 315 4421 quartae
332 4357 507 4408 declinationis
526 4367 585 4405 tunc
1427 4356 1431 4369 “

163 4615 197 4663 22
215 4613 306 4664 Gloaaa
322 4614 418 4664 codicia
435 4612 575 4662 Berraenaia
591 4611 612 4672 f.
629 4608 680 4661 tbi
697 4625 777 4675 morp.
794 4612 854 4664 dex.
867 4612 903 4660 ad
920 4612 985 4662 Don.
995 4627 1023 4677 p.
1037 4614 1098 4674 389,
1110 4614 1138 4661 2:
1157 4610 1278 4663 ‘Saltem’
1296 4627 1379 4663 sermo

97 4690 192 4732 tractus
210 4691 250 4732 est
265 4697 281 4730 a
298 4681 421 4747 captiuis,
439 4680 483 4742 qui
500 4679 601 4728 abducti
620 4678 688 4728 hosti
705 4678 804 4728 dicunt:
823 4676 927 4728 ‘Omnia
939 4690 1027 4733 nostra
1043 4680 1138 4746 accipe,
1156 4692 1181 4731 et
1198 4679 1286 4732 saltem
1305 4681 1379 4731 nobis

98 4749 175 4798 uitam
193 4749 323 4806 concode’,
342 4760 367 4799 et
383 4748 442 4798 inde
459 4749 581 4798 remansit
598 4747 687 4797 saltem
705 4761 752 4812 per
768 4747 900 4813 sincopam
919 4750 937 4804 i.
954 4764 1000 4815 per
1016 4750 1170 4800 abcisionam
1188 4765 1206 4800 u
1222 4748 1326 4800 litterae.
