3420 5378
597 297 648 347 DE
667 292 965 347 on'rfloannrffln.
1283 304 1428 352 CXXXVII

224 490 263 551 In
291 490 436 563 plassarr'i
462 488 598 563 exemplo
625 485 777 544 Berncnsi
797 491 834 543 io·
856 499 916 543 non
944 484 1005 544 nisi
1029 483 1105 542 naec
1127 483 1321 542 inueniuntur
1343 481 1433 540 Pauli

141 592 261 653 nominc
283 597 405 650 rrotato:
985 574 991 589 '

225 694 247 753 i.
270 687 308 751 6²
331 689 387 751 col.
410 688 423 749 1
446 689 539 750 Pauli.
583 687 714 749 Achilles
735 704 802 747 curn
824 688 1005 765 aspiratione.
1027 684 1171 745 scribitur
1194 682 1246 763 (1).

225 794 247 854 i.
271 787 331 852 81¹³
354 790 409 851 col.
433 791 444 851 1
468 790 570 851 inve.
615 790 674 851 Cir.
698 787 777 850 Urbs
799 789 976 849 mauritonio
999 788 1214 866 antiquissimo.

135 906 139 913 '
226 895 247 954 i.
274 888 353 953 liii
377 892 433 953 col.
457 891 482 952 ΙΙ
505 891 597 952 Pauli.
642 891 834 951 Disierminat
855 908 909 968 per
931 892 939 948 i
965 887 1165 949 scribendum.

226 998 264 1056 In
284 997 431 1069 plausoris·
449 996 587 1069 exemplo
604 994 787 1054 EinsidIensi
804 998 856 1051 293
878 992 949 1052 inde
963 1009 983 1050 a
1004 993 1107 1051 littera
1129 992 1158 1049 F
1177 1007 1269 1064 uspue
1290 991 1334 1049 aci
1353 990 1429 1049 litic-

140 1115 209 1159 ram
231 1096 268 1155 M
286 1097 362 1155 naec
383 1098 501 1157 inueni:

227 1196 374 1258 Paulini.
399 1197 507 1257 ssauius
529 1215 583 1274 per
606 1216 622 1255 ν
644 1204 674 1256 ei
695 1197 704 1255 i
727 1195 918 1256 scribendum
941 1190 992 1275 (2).

226 1298 320 1359 Pauli.
344 1298 490 1359 Hannibal
512 1317 578 1359 curn
600 1299 619 1359 h
635 1296 826 1359 scribendum
842 1294 892 1376 (5).
930 1296 1046 1357 {larena
1069 1314 1122 1375 per
1138 1294 1156 1354 h
1172 1294 1363 1356 scribendum
1381 1290 1431 1373 (6).

346 1400 450 1461 {lausit
471 1401 549 1480 quod
573 1408 618 1461 esi
640 1398 717 1461 bibit
738 1417 792 1479 per
814 1399 832 1459 h
855 1396 1055 1459 scribendum.

229 1501 322 1563 Pauli.
347 1501 488 1581 Hispidus
512 1498 550 1581 (9)
574 1501 711 1562 humidus
732 1519 785 1580 per
808 1500 827 1560 h
850 1499 1049 1561 scribendum.

227 1601 321 1664 naun.
344 1602 445 1663 Honor
467 1621 521 1683 per
544 1602 563 1662 h
585 1600 776 1664 scribendum
800 1600 850 1678 (9).

175 1738 178 1743 ·
227 1703 319 1768 Pauli.
343 1703 555 1766 Horritnndum
579 1704 755 1765 hortandum
778 1700 849 1783 (10).

227 1806 321 1867 Pauli.
345 1805 473 1883 Miceris
502 1815 571 1867 sunt
598 1809 729 1885 parietes
758 1806 837 1883 longi
864 1804 974 1886 quibus
1000 1807 1090 1884 uince
1118 1805 1217 1884 alique
1244 1803 1432 1867 clauduntur.

344 1907 463 1985 longum
488 1909 567 1968 enirn
590 1910 672 1986 greci
695 1926 818 1970 macron
841 1907 951 1969 dicuni.

228 2011 362 2085 Denique
389 2013 421 2069 in
448 2013 584 2086 exemplo
606 2011 801 2086 Sanpuiieasi
821 2016 877 2070 555
898 2027 977 2071 saec.
1000 2010 1046 2083 X,
1077 2010 1110 2070 id
1137 2012 1216 2085 5555
1242 2027 1282 2069 cx
1310 2011 1435 2071 Vscneri

142 2115 296 2189 excerptis
318 2114 460 2185 coenam,
479 2130 514 2187 p.
539 2119 618 2171 553·
640 2104 825 2192 nuncupes
846 2115 973 2188 lepitur:

346 2212 421 2273 nau
443 2211 501 2273 Por
524 2232 615 2274 unuin
638 2215 646 2276 l
670 2214 859 2275 scribendum
882 2213 948 2291 quin
972 2223 1014 2275 esi
1037 2215 1131 2291 inagis
1153 2213 1221 2275 uolo
1245 2209 1305 2293 (12)

144 2318 200 2379 sed
220 2318 337 2377 nomine
359 2316 462 2375 addito
478 2333 513 2391 p.
538 2314 627 2375 esst:

346 2416 419 2476 Male
442 2436 497 2496 per
520 2416 577 2478 duo
599 2418 629 2479 ll.

230 2517 314 2579 Pauli
336 2502 418 2581 Aue.
462 2519 659 2581 Scribonium
683 2524 751 2601 quio
775 2530 819 2582 cst
841 2523 936 2599 magis
958 2520 1034 2581 uelle
1058 2520 1129 2599 (11).

228 2640 359 2711 Quorum
381 2657 421 2701 eac
443 2657 567 2701 nutriero
589 2658 651 2701 non
673 2643 790 2709 55555,
813 2643 885 2714 puin
907 2643 969 2701 ioci
988 2642 1104 2715 aliquot
1118 2657 1138 2699 5
1152 2641 1248 2700 Paulo
1262 2641 1320 2700 isto
1334 2641 1433 2699 orina-

140 2742 263 2819 prapno
292 2743 386 2802 alieni
411 2759 473 2802 esse
495 2745 692 2803 existimandi
716 2746 788 2812 siret,
817 2745 865 2801 iiii
889 2745 1019 2811 scilicet,
1047 2743 1154 2817 quibus
1181 2759 1239 2801 non
1269 2744 1306 2801 de
1335 2743 1432 2802 orrico

139 2844 276 2921 propicia
298 2845 411 2917 upitur,
436 2845 489 2902 sed
511 2845 549 2903 dc
571 2842 643 2904 aliis
663 2846 751 2905 rrius
772 2848 862 2919 lonpe
877 2846 1013 2905 diuersis.
1044 2845 1111 2903 Iam
1127 2861 1205 2918 5555
1219 2845 1304 2918 apua
1319 2845 1433 2903 lilerium

141 2948 284 3020 lepuntur
305 2946 408 3005 ultimo
430 2946 495 3006 loco
511 2964 559 3005 nr.
581 2952 703 3019 13-15,
729 2964 769 3006 ca:
790 2949 961 3006 commentis
981 2947 1167 3020 Verpiiinnis
1181 2954 1327 3021 excerpta
1346 2954 1433 3014 sunt;

142 3048 245 3121 apiiur
266 3043 345 3104 enim
368 3048 405 3105 eie
427 3048 517 3121 Verp.
535 3050 609 3107 Aen.
633 3049 652 3107 I
674 3054 751 3115 664,-
773 3049 808 3107 X
820 3054 892 3116 952;
922 3048 969 3107 r'J
991 3055 1051 3107 112.
1096 3048 1240 3107 Similiter
1264 3054 1281 3105 ῖ
1302 3055 1332 3107 et
1354 3054 1372 3105 o‘·
1393 3047 1436 3106 ad

148 3148 277 3223 Verpiiii
296 3149 388 3207 uerna
410 3150 642 3225 interpretanda
661 3153 831 3226 pertinent,
854 3167 932 3225 5555
953 3152 1097 3223 lepuntur
1119 3153 1193 3209 Aen.
1210 3150 1305 3208 Iseo
1318 3158 1347 3209 et
1363 3151 1435 3209 IIII

143 3256 212 3310 257.
256 3251 359 3325 Νε555
385 3252 483 3309 mineus
504 3249 622 3311 alienus
644 3251 682 3310 ab
704 3254 758 3312 isio
780 3252 876 3311 Paulo
897 3258 940 3310 est
961 3253 1033 3312 libri
1053 3252 1217 3311 Bernenn's
1244 3253 1342 3312 locus:
1370 3252 1435 3311 ‘Cir

141 3352 214 3413 urbs
234 3353 444 3412 Mauritaniae
470 3355 706 3427 anitiquissima’,
738 3354 855 3413 ‘Cirta'
878 3355 1007 3426 scilicet,
1037 3363 1066 3413 et
1087 3355 1218 3428 exempli
1238 3353 1435 3414 Einsicilensis

141 3461 333 3529 excerptum,
362 3455 443 3527 5555
471 3456 575 3514 ultima
602 3456 667 3516 ioco
693 3458 849 3531 proponti.
895 3455 973 3515 ⁴iiam
999 3457 1126 3529 sinpulis
1147 3456 1194 3513 nis
1215 3472 1289 3529 5555
1310 3471 1433 3515 comme·

141 3557 263 3615 morani
287 3556 362 3614 locis
389 3556 479 3614 Pauli
504 3573 610 3615 rrarrrcn
637 3574 657 3615 5
683 3557 813 3617 librario
835 3573 1001 3632 perperam
1035 3558 1204 3632 adpositum
1237 3573 1300 3616 esse
1327 3557 1434 3623 initieri,

141 3658 201 3716 icae
217 3660 399 3732 praesertim
422 3676 456 3716 re
484 3659 670 3733 cortprairnri
691 3661 802 3733 possit,
836 3660 918 3733 5555
949 3661 1039 3734 ionpe
1069 3661 1203 3719 maxima
1232 3675 1307 3733 pars
1332 3674 1434 3717 eorum

141 3774 221 3833 5555
241 3764 360 3818 restant
381 3761 411 3818 in
434 3760 631 3820 dissimillimo
654 3767 832 3835 arpurnenio
854 3769 1004 3821 uersatur.
1050 3760 1139 3831 (niem
1161 3777 1234 3821 uera
1255 3760 1334 3819 lrunc
1356 3761 1435 3819 Pau·

139 3862 201 3920 ium
218 3858 318 3933 fuisse
340 3860 488 3929 dicamus,
513 3861 698 3934 difficillima
720 3861 855 3937 prraesiio
877 3872 929 3922 est.
968 3863 1046 3922 Nam
1068 3870 1184 3923 ceteros
1204 3862 1313 3922 Paulos
1332 3878 1434 3935 pram·

140 3965 266 4022 maticos
298 3964 554 4038 circumspicienti
584 3965 752 4025 Diaconum
785 3968 899 4026 scilicet
926 3971 956 4024 ct
982 3964 1362 4040 Constantinopolitnnum,
1398 3965 1436 4021 rie

142 4081 201 4140 555
230 4066 377 4124 Vsenerus
404 4065 541 4124 disseruit
569 4083 667 4141 rrirper
694 4083 768 4127 mus.
791 4068 887 4127 Blrcn.
911 4067 1029 4126 XXIII
1043 4086 1079 4142 p.
1105 4073 1163 4125 497
1184 4084 1256 4141 sep„
1284 4066 1362 4124 ninii
1387 4082 1434 4125 oc·

140 4169 254 4239 currit,
279 4183 337 4240 555
358 4167 438 4226 nunc
460 4168 509 4226 uel
529 4169 612 4226 iilum
634 4171 806 4242 siqniiicarr'
821 4186 881 4245 pro
902 4176 984 4229 certa
1006 4170 1112 4229 herieri
1128 4169 1233 4243 possit.

714 4388 796 4454 One.
819 4385 865 4449 II.

219 4503 279 4567 DE
302 4502 749 4570 ORTHOGRAPHIARVM
772 4503 1090 4570 ANONYMARVM
1114 4504 1356 4571 CODIOIBVS.

228 4662 365 4723 codicem
380 4665 475 4736 ipinrr
491 4662 674 4720 Berrrensem
691 4669 758 4731 522,
774 4663 854 4721 5555
876 4670 936 4721 ort
942 4662 1062 4735 lropru
1064 4662 1113 4735 pir
1123 4663 1134 4719 i
1139 4678 1193 4720 am
1208 4661 1434 4723 Beruenscm

141 4766 206 4839 pri
210 4780 299 4825 mam
312 4767 416 4840 periei,
432 4782 528 4839 supra
544 4766 692 4840 descripsi
700 4782 735 4839 p.
747 4764 911 4827 XXXVII
924 4780 984 4838 seq.
1013 4763 1150 4823 Eandem
1166 4765 1197 4823 in
1208 4764 1348 4825 Parisino
1363 4782 1434 4841 555·
