3420 5378
230 292 293 359 238
622 276 857 346 counenrvu
875 294 1119 346 eruerunt-:usu

230 484 367 562 stirps,
392 480 510 559 quando
532 482 755 559 generationem
779 481 939 558 significat,
963 490 1034 542 tunc
1056 488 1103 542 est
1123 480 1318 549 femininum,
1341 490 1392 543 ut:
1420 482 1525 546 Clara

229 584 272 645 de
300 586 418 661 stirpe
450 581 578 652 Dauid,
612 581 731 662 quaudo
760 580 920 659 uirgultum
950 580 998 642 uel
1026 582 1334 654 arboremincisam,
1371 582 1526 646 masculini

228 685 349 762 generis
372 692 431 754 est,
455 692 488 745 ut
510 691 634 764 poeta:

697 786 853 864 stirpem
877 803 1033 847 sacrum.

228 888 309 949 ‘llic’
332 889 443 965 pinus
465 885 502 946 de
525 884 623 946 lructu
647 895 677 946 et
698 884 796 946 ‘haec’
825 888 913 964 pinus
942 883 1065 969 1116οΗ
1089 888 1126 948 de
1154 885 1272 947 arbore.
1318 887 1543 967 Pampiouss

228 988 330 1050 lolium
361 990 440 1049 uitis.
484 987 564 1048 llaec
592 988 711 1047 nomina
739 989 845 1048 incerti
874 989 993 1066 generis
1021 996 1106 1049 sunt:
1135 987 1191 1047 lroc
1220 987 1367 1048 lrenum
1397 996 1428 1049 et
1453 988 1522 1050 lraec

228 1092 311 1152 irena
335 1099 364 1151 et
387 1090 418 1150 1ιί
440 1089 517 1150 lreni
541 1088 624 1158 lacit,
648 1097 680 1149 ut
702 1098 827 1167 poeta:

675 1188 758 1250 hina
782 1190 886 1250 irena
910 1208 1032 1251 aurea.

228 1295 357 1355 liranum
381 1292 491 1353 dicitur
513 1289 709 1352 retinaculum
732 1293 800 1371 equi
822 1309 838 1351 a
862 1290 1041 1352 refrenando
1063 1294 1082 1352 i·
1106 1292 1278 1359 retinendo;
1302 1292 1415 1354 dicitur
1436 1295 1517 1356 etiam

226 1415 242 1456 a
265 1396 330 1457 lero
352 1397 373 1456 i·
397 1412 486 1474 equo:
516 1393 630 1473 antiqui
653 1394 730 1453 enim
754 1394 886 1453 ‘lerum’
909 1392 1048 1454 dicebant
1069 1410 1194 1472 equum.
1218 1412 1255 1453 eo
1278 1394 1361 1471 quod
1383 1402 1545 1475 quattuorn

225 1497 353 1577 pedihus
386 1497 507 1557 teratur.
552 1493 703 1573 Clipeus
736 1494 843 1555 elicitur
876 1495 970 1555 maios
1002 1502 1121 1556 scutum
1152 1505 1181 1556 et
1210 1493 1380 1557 masculino
1413 1513 1516 1573 genere

226 1617 344 1678 semper
367 1598 586 1675 pronuntiatur.
630 1593 779 1675 ‘Clepere’
803 1595 905 1656 dicunt
923 1595 1028 1657 Graeci
1051 1597 1156 1665 iurari,
1180 1596 1251 1657 inde
1274 1595 1394 1676 clipeus
1415 1598 1516 1659 dicitur

159 1743 161 1748 ,
226 1700 404 1769 aimundo,
434 1696 570 1775 eoquod
593 1695 648 1757 sub
670 1694 722 1756 illo
744 1698 834 1758 uitam
866 1697 949 1758 miles
977 1696 1101 1758 lucatur.
1145 1697 1285 1776 Vulgus
1312 1697 1426 1759 dicitur
1452 1716 1514 1778 pro·

225 1803 336 1863 miscua
359 1800 513 1860 hominum
535 1797 709 1866 multitudo,
739 1796 817 1878 quod
842 1796 1020 1876 Virgilius
1048 1798 1212 1860 masculino
1241 1816 1356 1878 genere
1383 1799 1513 1879 protulit:

707 1899 894 1978 Spargere
917 1916 1028 1961 uoces
1522 1919 1539 1959 o

489 2001 529 2062 ln
551 1999 714 2078 uulgum.

225 2106 279 2166 llic
305 2120 440 2184 specus
469 2110 498 2162 et
520 2102 577 2163 hoc
604 2120 709 2182 specus
737 2100 845 2162 dicitur
866 2120 995 2164 cauerna
1017 2102 1226 2172 subterranea,
1249 2104 1321 2164 inde
1345 2103 1513 2167 diminuitur

224 2205 374 2286 spelunea.
420 2204 525 2265 ‘llaec’
549 2203 665 2264 buxus
688 2201 795 2264 dicitur
818 2201 948 2282 plantata
970 2203 1070 2275 arbor,
1087 2204 1204 2284 quando
1226 2204 1298 2265 lolia
1323 2204 1425 2277 lrabet,
1448 2208 1511 2268 inci·

224 2325 289 2368 sum
313 2324 385 2366 uero
408 2302 477 2365 ‘hoc
500 2304 634 2366 buxum'.
680 2304 762 2365 Vnde
784 2312 907 2383 poeta:

701 2405 870 2467 uolubile
893 2404 1025 2467 buxum
1520 2426 1537 2464 a

223 2512 306 2571 dixit.
333 2543 367 2553 —
396 2506 474 2587 Πῦρ
497 2507 609 2568 Graece
631 2507 722 2585 ignis,
750 2508 820 2567 inde
843 2509 948 2586 pirus
970 2507 1088 2577 dicitur,
1112 2509 1190 2588 qnod
1213 2509 1347 2572 fructum
1371 2510 1462 2574 habet
1480 2511 1512 2572 ad

222 2611 445 2674 similitudinem
467 2610 554 2688 ignis.
584 2608 675 2669 ‘llaec
690 2611 787 2686 pirus’
803 2608 841 2669 de
857 2608 980 2677 arbore,
1003 2609 1073 2669 ‘hoc
1088 2610 1198 2688 pirum'
1215 2609 1252 2671 de
1267 2610 1369 2674 lructu
1384 2614 1513 2675 dio-os

223 2715 326 2776 ‘Haec’
337 2728 480 2792 prunus
495 2711 532 2771 de
547 2709 663 2785 arbore,
677 2709 746 2770 ‘hoc
760 2711 902 2789 prununr’
919 2710 956 2771 de
972 2710 1088 2778 lructu;
1106 2710 1205 2772 ‘haec’
1216 2712 1337 2776 malus
1352 2715 1390 2777 de
1401 2714 1511 2789 arbore,

223 2834 299 2895 quae
315 2823 360 2875 est
375 2820 471 2874 mater
486 2813 674 2881 loetantium,
698 2810 768 2871 ‘hoc
784 2811 905 2873 malum’
928 2812 967 2873 de
989 2812 1088 2873 lructu
1111 2814 1130 2872 i·
1154 2831 1253 2891 pomo.
1297 2813 1378 2876 Sunt
1399 2816 1511 2877 nonina

222 2919 294 2986 lixo,
323 2933 398 2994 quae
427 2932 484 2975 non
515 2921 673 2974 mouentur
694 2914 725 2972 in
747 2912 826 2973 aliud
848 2930 957 2991 genus,
981 2921 1013 2973 ut
1036 2915 1156 2994 ‘pater'
1180 2933 1239 2974 non
1263 2923 1364 2994 potest
1384 2916 1466 2979 lleeti
1484 2919 1537 2977 ine

221 3017 301 3078 aliud
324 3034 432 3094 genus,
457 3017 524 3092 quia
540 3023 624 3092 pater
646 3030 765 3092 semper
788 3021 833 3074 est
854 3020 954 3093 pater,
978 3021 1073 3075 mater
1093 3032 1212 3094 semper
1227 3022 1274 3076 est
1288 3024 1396 3079 mater.
1431 3018 1511 3087 Pater

222 3138 237 3178 a
261 3117 405 3197 patrando
432 3116 542 3177 dictum
573 3125 631 3186 est;
660 3117 717 3174 iam
742 3123 845 3183 mater,
869 3114 948 3193 quod
970 3117 1124 3176 materiam
1147 3115 1290 3194 praebeat
1312 3120 1509 3188 nascentibus

175 3223 314 3284 ,olrater
336 3220 420 3298 quasi
435 3216 511 3277 ‘lere
526 3217 622 3286 alter’,
645 3235 731 3277 soror
747 3235 762 3277 a
779 3215 892 3284 solatio.
937 3218 1029 3278 Sunt
1051 3216 1120 3278 alia
1144 3236 1210 3278 nee
1232 3219 1267 3279 iu
1290 3226 1409 3282 totum
1432 3220 1509 3289 lixa,

286 3489 360 3539 Suel
378 3489 494 3537 arborem
513 3488 619 3538 incisam
637 3489 662 3536 in
680 3503 760 3552 marg.
829 3490 902 3537 3est
918 3503 998 3552 surpra
1014 3489 1058 3537 lin.
1112 3498 1139 3536 ut
1156 3485 1242 3554 poeta]
1266 3489 1350 3554 Verg.
1369 3491 1438 3544 Aen.
1456 3489 1510 3541 xl!

219 3562 268 3609 770
337 3556 417 3606 bllic
433 3551 523 3620 pinus]
552 3555 585 3605 In
602 3571 681 3618 morp.
700 3556 790 3604 addito
815 3556 891 3604 hoec:
921 3554 966 3604 Pin
985 3556 1074 3604 dieunt
1090 3555 1177 3605 Graeci
1206 3566 1323 3618 acutum,
1351 3558 1413 3607 inde
1438 3561 1508 3624 pinea

218 3627 250 3675 ab
268 3626 384 3675 acumine
401 3623 531 3684 loliorum,
551 3623 597 3672 sed
616 3632 641 3673 et
658 3637 703 3671 nos
722 3622 784 3673 liaeo
801 3623 877 3688 pinus
895 3622 928 3671 de
945 3623 1035 3672 arbore
1053 3624 1175 3686 dicimus,
1194 3626 1225 3672 de
1236 3623 1320 3672 fructu
1335 3626 1435 3690 pinum.
1469 3625 1509 3675 liic

218 3703 243 3743 et
260 3693 322 3742 haec
339 3692 487 3757 pampinus.
523 3690 661 3756 Pampinus
688 3689 777 3740 iolium
805 3692 865 3739 uitis
887 3701 912 3739 et
933 3689 1026 3740 dicitur
1048 3691 1185 3756 pampinus
1208 3705 1237 3740 eo
1260 3692 1333 3753 qnod
1355 3693 1467 3758 pendeat
1480 3693 1508 3743 de

218 3764 279 3810 uite.
314 3760 381 3809 llaec
398 3758 539 3808 secundum
566 3757 716 3808 Donatum
743 3773 790 3824 pro
809 3758 913 3807 arbitrio
932 3759 1133 3820 uniuscuiusque
1150 3758 1328 3823 proferuntur,
1347 3762 1410 3822 quia
1427 3761 1507 3810 incerti

218 3829 320 3893 generis
338 3838 411 3889 sunt,
436 3836 463 3875 ut
481 3825 521 3874 hic
540 3836 564 3875 et
582 3826 644 3875 lraec
660 3825 738 3882 silex,
760 3826 800 3874 lrie
819 3836 843 3875 et
860 3826 922 3874 lraec
940 3837 1035 3879 cortex.
1073 3826 1195 3884 Quamuis
1216 3827 1268 3875 sint
1289 3825 1372 3876 duram
1390 3841 1505 3894 generum

217 3898 284 3945 sicut
301 3895 456 3951 communia,
474 3893 594 3942 diliernnt
611 3906 693 3943 tamen
712 3909 726 3941 a
744 3894 935 3955 communibus,
959 3895 1018 3956 quia
1041 3895 1184 3942 communia
1208 3894 1256 3943 sub
1277 3892 1382 3944 duobus
1401 3895 1506 3945 articulis

218 3961 376 4029 (particulis)
394 3960 567 4028 proferuntur,
587 3961 649 4011 ltaec
668 3976 727 4011 uero
746 3963 823 4011 modo
841 3962 889 4010 sub
909 3976 969 4024 tuto,
988 3961 1064 4010 modo
1082 3962 1130 4009 sub
1148 3962 1236 4010 altero.
1342 3965 1358 4013 t
1379 3976 1407 4011 nt
1424 3974 1494 4029 poete

221 4033 299 4094 Verp.
319 4032 384 4083 Aen.
405 4028 483 4079 VIII
502 4032 550 4079 1⁶8
619 4031 650 4079 12
668 4030 745 4078 lnruri
764 4031 781 4078 i.
802 4030 860 4078 inde
929 4030 960 4077 14
978 4026 1113 4093 Virgilius]
1135 4032 1200 4083 Aen.
1215 4029 1247 4079 11
1265 4031 1301 4078 98
1374 4034 1406 4081 19
1424 4042 1494 4096 poeta

221 4099 299 4163 Verp.
321 4099 386 4148 Aen.
408 4097 467 4146 VII
485 4099 538 4148 382
606 4098 636 4146 21
656 4097 698 4146 Pir
715 4113 790 4162 grece
858 4098 891 4146 24
910 4109 995 4161 pomu.
1019 4096 1117 4146 Verba:
1136 4109 1196 4146 suot
1212 4100 1316 4147 nomina
1335 4097 1429 4148 lixa-
1441 4111 1505 4148 soror

217 4182 232 4216 a
250 4167 342 4216 solatio
360 4168 386 4217 ln
403 4166 516 4230 nrorpr'ne
533 4166 632 4229 scripta
648 4171 707 4216 mut
725 4166 865 4215 omnesones
880 4166 953 4227 signo
971 4164 1068 4214 addito.

285 4421 316 4470 18
334 4416 430 4484 buxus]
453 4421 543 4470 Glossa
560 4420 655 4470 codicia
672 4417 813 4468 Bernenar'e
831 4420 882 4469 386
898 4419 920 4481 f.
935 4416 971 4468 dl
989 4419 1139 4484 morpr'rrfi:
1159 4418 1250 4469 Omnia
1268 4422 1375 4471 nomina
1392 4422 1501 4471 arborum

216 4489 331 4538 seminini
350 4490 451 4553 generis
469 4491 539 4549 eunt,
557 4489 617 4548 quia
636 4496 729 4535 matres
747 4496 807 4535 sunt
824 4488 922 4551 proprii
941 4485 1016 4548 letus,
1035 4486 1132 4536 lructus
1152 4502 1211 4535 uero
1230 4503 1319 4537 earum
1333 4492 1426 4543 nentri.
1445 4487 1500 4546 Quid

216 4571 277 4621 ergo
296 4557 408 4605 dicemus
427 4556 507 4619 (drirs)
525 4554 557 4603 de
576 4557 652 4612 brino,
672 4569 738 4616 qnae
756 4565 795 4602 est
811 4554 886 4603 arbor
905 4554 1039 4603 iulecuoda
1058 4567 1081 4603 et
1100 4553 1275 4605 inlrnetuosa?
1296 4555 1349 4606 Sed
1367 4558 1500 4610 sciendum,

215 4626 275 4687 quia
293 4625 408 4673 arborem
428 4624 535 4672 uiridem
557 4632 582 4672 et
603 4623 740 4671 radicatam
766 4620 888 4671 feminino
914 4637 1007 4687 genere
1033 4624 1243 4687 pronuntiamus,
1270 4625 1293 4673 si
1318 4639 1382 4674 uero
1404 4622 1500 4687 aliquod

215 4708 281 4758 opus
299 4707 331 4741 ex
350 4707 379 4741 ea
397 4691 491 4741 lectum
508 4690 597 4753 luerit,
621 4701 709 4739 neutro
733 4689 895 4756 proiecimus.
926 4691 1000 4739 Vnde
1018 4691 1178 4756 Virgilius
1196 4691 1328 4742 ‘uolubile
1347 4693 1457 4744 buxum’
1473 4691 1499 4739 de

215 4759 303 4810 troo-iro
321 4760 426 4823 (croco),
442 4773 493 4821 quo
511 4757 602 4806 ludunt
618 4759 700 4822 pueri.
