3420 5378
318 310 501 359 ccxxxvm
511 343 530 385 ·
607 298 657 348 DE
677 297 828 349 IVLIANO
846 298 1043 349 Toturnuo
1062 297 1303 350 GRAMMATICO

218 504 222 514 ·
313 486 401 546 ltem:
425 485 546 546 ‘Abiit
568 486 737 567 excessit
759 485 884 546 euasit
908 487 1061 566 erupit'.
1107 488 1190 555 item,
1220 487 1356 563 quotiens
1385 487 1474 548 medii
1504 495 1536 547 et
1562 505 1618 566 po-

311 573 415 631 stremi
439 588 546 631 uersus
568 571 759 631 consonantia
783 578 837 639 est,
861 569 1001 630 utillud:

481 654 633 716 Plaudit
655 663 689 715 et
712 654 908 734 adpositas
929 657 1073 733 spargit
1095 657 1130 715 in
1154 675 1217 716 ore
1239 675 1352 717 rosas.

397 789 572 870 Polyptoton
596 798 640 850 est
662 789 817 851 multitudo
839 808 960 851 casuum
981 792 1125 851 uarietate
1148 791 1294 860 distincta,
1317 799 1362 851 ut:

482 875 610 936 Litora
634 868 817 936 litoribus
839 879 1049 944 contraria,
1073 874 1256 937 fluctibns
1279 876 1396 936 undas
1628 898 1643 938 s

480 959 677 1041 lupreeor,
700 980 798 1021 arma
821 963 949 1031 armis,
973 972 1142 1039 pugnent
1165 962 1311 1040 ipsique
1336 969 1586 1042 nepotesque.

311 1045 399 1106 ltem:

480 1130 528 1190 Ex
551 1129 673 1191 nihilo
696 1130 853 1191 nihilum
875 1132 917 1192 ad
940 1130 1095 1192 nihilum
1119 1150 1226 1210 posse
1249 1133 1406 1192 reuerti.

311 1215 385 1277 ltem
408 1215 575 1276 Persius:

479 1303 622 1363 llarous
645 1300 761 1361 ilama.
791 1300 923 1380 Papae!
955 1301 1079 1362 Marco
1101 1301 1311 1382 spondente
1334 1319 1488 1363 recusas
1512 1336 1557 1346 —
1628 1325 1652 1362 m

479 1384 626 1447 lilarous
648 1384 758 1447 dixit:
782 1387 834 1447 ita
858 1394 927 1453 est;
951 1387 1121 1462 adsigna,
1145 1387 1280 1456 lilarce,
1304 1385 1478 1447 tabellas

311 1488 401 1548 ltem:
426 1485 511 1548 ‘Hic
533 1494 621 1547 tuus
645 1488 769 1567 pater?
791 1487 1253 1569 patremlruncappellasi
1277 1508 1373 1549 nuno
1390 1486 1463 1549 tibi
1485 1491 1615 1568 patris

310 1590 442 1635 nomeu
465 1573 569 1633 uenit
590 1574 627 1633 iu
650 1573 847 1634 mentemi’

395 1757 407 1840 ΙΙ
422 1760 442 1821 l.
460 1755 522 1820 72¹>
537 1755 552 1841 ΙΙ
572 1759 750 1839 Paradigma
777 1766 822 1820 est
843 1760 1006 1840 propositio
1029 1759 1156 1841 exempli
1178 1759 1323 1823 hortantis
1345 1770 1396 1823 aut
1417 1761 1614 1823 deterrentis.

310 1842 472 1915 llortantis,
496 1854 543 1905 ut:
1627 1870 1652 1910 rs

477 1931 646 1990 Antenor
666 1930 792 2008 potuit
813 1928 947 1990 mediis
970 1928 1124 2011 elapsus
1146 1929 1297 1992 Achiuis

479 2013 659 2092 illyricos
680 2023 882 2094 penetrare
905 2017 1012 2076 sinus

310 2106 341 2160 et
362 2108 471 2160 cetera.
510 2098 701 2169 deterrentis,
725 2110 774 2161 ut:

478 2187 521 2244 nt
543 2203 612 2245 non
635 2185 688 2247 sio
710 2184 897 2264 Phrygius
919 2194 1095 2266 penetrat
1117 2186 1393 2249 Lacedaemona
1416 2194 1552 2266 pastor

480 2267 741 2350 Ledaeamque
764 2268 938 2331 Helenam
960 2271 1144 2332 Troianas
1168 2275 1269 2333 uexit
1291 2271 1333 2333 ad
1356 2270 1481 2332 urbes.
1516 2314 1522 2323 .
1624 2296 1651 2335 so

310 2371 486 2450 Paradigma
509 2371 620 2432 dictum
643 2371 810 2451 exemplum
834 2372 903 2447 dicti
933 2372 981 2433 uel
1009 2374 1079 2434 lacti
1107 2371 1231 2434 alicuius
1256 2382 1306 2434 aut
1328 2392 1364 2433 ex
1386 2371 1474 2433 simili
1495 2382 1550 2434 aut
1571 2392 1612 2435 ex

310 2454 443 2518 dissimili
465 2474 575 2535 genere
598 2458 780 2518 conueniens
803 2459 840 2529 ei,
863 2476 951 2537 quam
975 2460 1121 2536 ponimus,
1145 2454 1206 2529 rei,
1230 2467 1263 2519 ut
1285 2466 1342 2519 est:
1367 2458 1466 2519 ‘Tam
1489 2456 1611 2521 lorti·

310 2549 368 2602 ter
389 2543 469 2603 ruit
490 2549 579 2622 aput
601 2540 807 2623 llippouem
830 2543 969 2623 Scipio,
993 2562 1099 2623 quam
1122 2543 1248 2604 Vticae
1271 2544 1408 2604 Cato'.·

310 2776 534 2813 srlttrrtrvnrttss.

394 2834 569 2893 4Iulianns
594 2854 624 2908 p.
648 2838 701 2892 37:
745 2835 910 2912 Polyptoton
933 2866 975 2877 -
997 2846 1120 2912 nepotes.
1165 2836 1245 2894 ltem:
1275 2833 1342 2893 ‘llio
1369 2847 1432 2893 tuus
1460 2842 1543 2911 pater
1565 2864 1612 2877 —·

312 2923 340 2976 iu
362 2922 502 2977 montem?

376 3006 414 3062 14
437 3005 571 3064 Iulianus
591 3024 620 3079 p.
645 3011 700 3063 il:
745 3008 901 3081 paradigma
922 3037 964 3048 —
986 3008 1060 3064 Cato.

310 3139 319 3145 .
328 3139 363 3145 ....
373 3139 406 3144 -.
416 3139 443 3144 ...
453 3136 536 3145 ..--ι-,

314 3237 427 3273 comeus
446 3236 598 3275 nummis
616 3226 665 3274 207
684 3238 832 3274 veniens.

379 3294 391 3340 1
411 3287 546 3358 abscessit]
567 3291 618 3341 Oto.
637 3294 663 3340 in
680 3292 755 3346 Catil.
775 3291 810 3341 11
827 3308 884 3356 cap.
905 3295 919 3340 1
971 3290 1074 3340 mednet
1091 3291 1212 3356 postremi
1289 3291 1468 3341 dPolibtotou
1519 3292 1609 3341 uarie-

309 3369 385 3408 tatem
456 3356 588 3425 biiitoru]
612 3358 691 3423 Verp.
709 3362 772 3411 Aen.
791 3360 838 3409 IV
855 3363 918 3415 628,-
936 3361 971 3422 cf.
990 3360 1056 3411 Bon.
1074 3377 1100 3424 p.
1121 3363 1180 3420 398,
1200 3362 1234 3410 28
1314 3361 1330 3410 8
1349 3358 1388 3408 Ex
1407 3355 1497 3423 nihilo]
1520 3360 1611 3411 Pereia·

309 3426 366 3479 Sat.
385 3427 693 3491 arunculeium.
712 3428 727 3476 I
748 3432 790 3489 35,
810 3431 842 3477 17
911 3424 1060 3492 9Persius]
1081 3427 1137 3477 Set.
1161 3428 1187 3475 V
1203 3430 1243 3476 79.
1262 3430 1295 3477 81
1367 3430 1398 3477 10
1415 3427 1601 3476 mumldama·

309 3509 411 3545 perosus
482 3498 510 3544 ll
532 3506 558 3543 nt
575 3497 650 3559 sigua
721 3498 751 3545 12
770 3507 828 3545 tuus
847 3506 917 3561 patet
968 3496 1016 3544 lroe
1035 3496 1079 3544 utu
1149 3498 1179 3544 14
1198 3495 1357 3560 praepositio
1428 3497 1459 3545 16
1476 3498 1596 3545 Antenor

313 3564 392 3628 Vero.
412 3564 479 3613 Aen.
499 3563 514 3611 I
533 3566 594 3619 22¹2.
613 3564 648 3623 es.
667 3564 733 3615 lion.
751 3581 778 3627 p.
797 3566 858 3624 402,
877 3550 912 3615 3&
979 3564 1061 3612 acinis
1081 3563 1184 3611 illiricus
1272 3565 1304 3614 19
1322 3562 1369 3611 huc
1387 3578 1437 3612 nou
1456 3562 1595 3628 alitigitis

312 3632 390 3696 Verp.
411 3633 476 3681 Aen.
499 3630 556 3679 VII
575 3633 630 3680 363
699 3633 732 3681 ‘20
750 3631 846 3680 eleuam
918 3634 949 3680 21
969 3632 1036 3680 dicta
1054 3632 1198 3697 exemplum
1268 3647 1300 3680 ex
1319 3631 1440 3680 similium
1457 3642 1501 3681 aut
1571 3632 1608 3681 2⁸2

308 3734 462 3812 oonueniens
481 3733 535 3810 eius
553 3706 730 3797 elmponimus
748 3733 784 3780 rei
853 3736 885 3784 23
905 3735 978 3798 periit
995 3733 1111 3785 Iulianus
1129 3740 1153 3782 et
1172 3733 1289 3782 Isidorus
1308 3733 1379 3783 or.I
1398 3736 1440 3794 36,
1453 3735 1489 3782 34
1541 3743 1608 3799 aput

308 3816 427 3867 tppouem
480 3812 567 3862 utrque

393 4161 559 4222 Praeterea
589 4163 652 4221 loci
678 4179 738 4221 non
760 4160 860 4237 panai
887 4159 1007 4222 Iuliani
1032 4179 1052 4220 n
1073 4161 1236 4221 cardinale
1261 4160 1298 4217 tle
1326 4158 1507 4219 Lorenznna
1529 4157 1608 4221 editi

308 4264 423 4327 codicis
446 4266 609 4324 Beruenses
631 4261 749 4323 auxillo
772 4263 883 4339 optime
904 4271 1069 4340 satiantur,
1093 4271 1138 4332 nt,
1162 4261 1190 4322 si
1211 4263 1365 4321 lationem
1387 4264 1495 4321 iterum
1512 4265 1607 4340 prelo

307 4367 445 4429 subicere
466 4367 532 4442 quis
553 4374 685 4441 statuat,
711 4364 789 4426 artis
811 4363 976 4426 Beruensls
1004 4369 1029 4426 is
1056 4364 1204 4425 rationem
1228 4365 1336 4424 habeat
1358 4382 1448 4439 qrttrnr
1470 4363 1608 4425 maxime

306 4475 345 4532 sit
367 4469 620 4548 necessarium*).

376 4726 404 4789 *)
424 4726 462 4774 Ex
482 4726 570 4775 iuliani
588 4735 642 4775 urie
661 4726 738 4774 multa
756 4727 781 4774 iu
800 4740 920 4790 triugnuru
939 4725 1029 4774 librum
1048 4723 1194 4788 glossarum
1214 4736 1313 4788 recepta
1330 4722 1412 4772 luisse
1430 4737 1509 4787 supra
1526 4723 1606 4774 docui

308 4811 334 4862 p.
356 4794 446 4844 xutv.
467 4795 510 4855 tt,
536 4806 562 4844 ut
585 4794 660 4844 huius
679 4810 780 4858 quoqne
798 4795 928 4843 codicibus
947 4795 977 4842 ud
999 4792 1121 4841 lullonum
1141 4792 1327 4840 terrreutluudruu
1347 4793 1467 4841 ttteuduru
1485 4792 1528 4843 sit.

230 5048 332 5070 .*
