3466 5422
215 298 333 345 (lxxxx
579 302 583 309 ’
656 281 847 335 AVCTORES
865 280 1030 333 auournss

299 471 481 533 Bernacnlus
504 472 670 550 domigena.
702 472 821 533 ‘Berua’
846 473 1044 548 compositum
1067 489 1176 532 unomen
1199 467 1363 531 secuudum
1385 470 1506 535 Casio·

215 575 356 635 dorum:
391 573 409 635 b
432 573 469 633 ab
492 593 542 644 eo,
577 573 653 653 quod
678 582 722 635 cst
745 573 886 643 ‘bonus',
916 590 949 633 er
971 572 1009 634 ab
1031 591 1067 635 eo
1089 574 1167 655 quod
1191 580 1235 637 est
1257 569 1506 671 ‘ltereditarius”

215 696 250 738 na
274 677 311 737 ab
334 695 369 737 eo
392 675 470 756 quod
493 684 539 736 cst
561 677 683 736 ‘natus’
706 677 726 734 i·
749 673 844 735 bouus
867 675 1067 738 hereditarius
1096 685 1180 741 uatus
1208 690 1297 762 alque
1319 673 1386 740 ideo
1408 699 1464 760 per
1486 685 1506 747 b

215 778 356 840 scribitur
379 812 417 822 -

257 882 302 955 cs.
325 882 496 942 Cassiodor.
516 898 550 957 p.
576 886 648 939 2299
670 881 723 940 Ρ..·
760 879 830 940 ‘llis
851 881 891 940 ita
913 898 947 941 se
969 879 1148 946 habentibus
1169 905 1326 966 possumus
1349 891 1435 951 etiam
1459 893 1505 951 in-

217 982 356 1062 tellegere
378 980 501 1044 bernam
524 981 634 1043 dietum
657 1000 721 1041 esse
750 999 834 1051 eum,
863 983 912 1061 qui
942 984 973 1042 in
1003 981 1089 1046 bonis
1116 986 1305 1053 hereditariis
1333 1002 1419 1055 uatus
1445 1000 1505 1053 est:

218 1084 293 1146 bona
317 1102 389 1146 uero
412 1103 466 1164 per
490 1083 508 1145 b
530 1084 659 1145 litteram
682 1082 774 1145 scribi
795 1083 964 1164 supradicta
987 1087 1063 1146 ratio
1085 1086 1292 1153 demonstrat'.

253 1258 256 1265 Ι
299 1189 438 1260 Accedit,
469 1187 550 1262 quod
571 1186 700 1246 eiusdem
726 1186 800 1245 libri
819 1203 873 1246 ms.
892 1185 922 1260 f.
948 1185 1020 1246 128ι
1040 1192 1098 1250 col.
1122 1198 1141 1250 2
1167 1195 1200 1253 in
1226 1198 1376 1270 ploescrid
1403 1199 1506 1273 aliquo

214 1291 361 1367 scriptum
383 1297 442 1349 cst:
466 1288 577 1348 ‘baiae'
601 1306 667 1348 curn
690 1305 724 1347 ae
746 1288 880 1348 ciuitates
903 1288 933 1348 in
956 1291 1113 1369 Campania
1136 1290 1339 1378 balneaiac.*)

299 1378 473 1451 Praeterca'
488 1394 519 1450 in
542 1392 609 1451 cod.
636 1389 727 1449 Bern.
752 1392 778 1448 Α
801 1394 846 1458 92,
871 1396 910 1449 dr
926 1400 996 1466 post
1019 1393 1213 1469 differentias
1234 1399 1340 1461 lendes:

298 1490 364 1573 p.3
386 1490 606 1553 Nummniarius
628 1509 683 1570 per
705 1490 763 1552 duo
786 1510 815 1551 m
838 1490 960 1568 largitor
982 1511 1179 1558 uunrmorum.

387 1594 519 1656 Numinis
531 1595 550 1673 it
561 1612 593 1655 sa
615 1612 669 1673 per
691 1592 749 1654 duo
771 1612 799 1654 m
823 1594 935 1655 nummi
958 1612 1107 1672 percussa.

298 1716 327 1777 p.
343 1694 365 1757 4
386 1697 509 1757 Perluro
533 1694 658 1756 uerbum
675 1714 689 1755 r
705 1714 763 1756 non
786 1694 875 1756 debet
890 1694 1016 1757 babere:
1039 1706 1085 1759 est
1099 1701 1178 1760 enim
1200 1703 1285 1780 quasi
1301 1702 1399 1782 ‘peius
1413 1709 1504 1767 iuro’.

298 1802 336 1860 In
357 1798 426 1877 ipso
447 1799 553 1860 codice
574 1798 668 1858 Bern.
690 1805 724 1858 19
746 1800 831 1858 nulla
853 1806 924 1859 noto
942 1803 1111 1874 praemissa
1134 1803 1209 1864 baec
1230 1806 1374 1879 tepenter
1391 1807 1420 1881 s.
1438 1806 1506 1867 117⁵

213 1906 272 1964 col.
295 1904 329 1962 I:

297 2006 464 2067 Destrictus
486 2005 549 2065 sine
572 2020 591 2062 n
614 2001 786 2073 scribimus,
816 2021 874 2062 non
903 2003 1092 2065 destrinctus.
1138 2004 1190 2066 Est
1217 2016 1315 2068 autern
1345 2008 1505 2072 destrictus

214 2114 342 2169 attentus
364 2106 413 2168 uel
436 2125 560 2168 seuerus
583 2124 616 2166 ac
639 2124 697 2166 uon
720 2105 835 2166 solutus
857 2104 992 2186 (solutris)
1017 2114 1048 2167 et
1069 2105 1154 2168 lenis.
1198 2109 1355 2189 Destringo
1377 2111 1504 2189 uerbum

214 2218 258 2271 cst
287 2212 430 2279 actiuum,
460 2209 648 2288 participium
676 2194 757 2269 lacit
773 2208 963 2285 destringens
990 2207 1202 2280 destricturus,
1231 2229 1247 2271 a
1275 2214 1394 2290 passiuo
1419 2211 1504 2293 (ibo)

214 2311 371 2374 destrictus
394 2309 624 2389 destringendus
647 2304 962 2395 (destrinlssglgendus).

298 2414 372 2475 Item
393 2415 563 2490 praemisso
586 2414 642 2473 ‘de
660 2413 769 2487 plosis'
793 2418 866 2471 noto

297 2518 317 2577 l.
342 2511 384 2576 sb
407 2515 465 2575 col.
489 2515 529 2576 ll:
573 2514 694 2576 Adlerte
716 2532 770 2592 per
792 2533 809 2575 a
832 2519 861 2574 el
883 2511 901 2572 d
925 2512 1115 2575 scribendum

298 2617 317 2678 i.
343 2613 402 2677 llb
424 2617 481 2678 col.
504 2616 532 2678 l:
569 2616 690 2677 adoscit
711 2634 765 2695 per
787 2616 805 2676 d
829 2614 1030 2677 scribendum.

296 2720 316 2781 l.
343 2716 402 2780 12b
425 2719 480 2781 col.
504 2719 532 2780 l:
569 2717 672 2779 Adbuc
695 2738 762 2779 cum
786 2718 804 2778 b
828 2717 1029 2780 scribendum.

296 2822 317 2884 f.
339 2818 401 2883 49*
424 2823 478 2884 col.
503 2822 543 2900 ll:
566 2824 663 2884 Ausus
684 2840 738 2901 per
760 2820 899 2901 diptonga
922 2819 1122 2882 scribendum.

296 2927 317 2987 l.
341 2922 402 2987 iilb
424 2925 479 2987 col.
504 2925 530 2987 l:
565 2925 672 2988 Caelus
693 2923 770 2985 idest
785 2922 941 2985 multitudo
956 2942 1010 3004 per
1026 2923 1173 3005 dyptouga
1197 2922 1387 2988 scribendum
1410 2925 1504 3010 (idem

211 3034 297 3089 extat
316 3028 344 3102 s,
363 3026 486 3090 76'c01.
502 3029 536 3089 I:
559 3027 683 3089 Esidori.
700 3026 809 3087 Coetus
819 3025 896 3087 idest
907 3026 1064 3089 multitudo
1073 3048 1127 3109 pro
1139 3028 1279 3109 diptouga
1291 3026 1502 3108 scribendum).

296 3129 316 3190 f.
342 3125 382 3189 72
405 3128 460 3189 col.
485 3129 511 3189 l:
557 3127 673 3189 Celibes
700 3146 754 3208 per
782 3127 938 3189 scribimus
972 3130 1014 3190 sic
1041 3128 1090 3191 bic
1113 3128 1349 3192 celebs-celibis
1377 3131 1433 3191 celi
1461 3131 1505 3194 lrii

213 3230 325 3292 celibes
347 3231 517 3291 accusatiuo
539 3228 650 3291 celibes
677 3248 695 3290 o
725 3229 836 3292 celibes
866 3239 927 3290 tres
960 3229 1074 3292 scilieet
1100 3234 1131 3293 ia
1160 3250 1285 3292 numero
1312 3232 1420 3311 plurali
1449 3234 1505 3295 etsi

213 3329 396 3410 ethimologia
425 3332 525 3393 celebs
552 3331 662 3392 dicitur
689 3334 774 3412 quasi
803 3329 867 3392 celo
895 3331 1007 3393 beatus.
1052 3331 1168 3394 Celibes
1197 3335 1334 3414 quisine
1364 3337 1504 3415 coniugio

215 3437 331 3499 uiuunt.
376 3432 467 3512 Celibi
489 3452 556 3494 cum
578 3453 594 3494 a
618 3432 709 3494 scribi
731 3439 856 3513 oportet.

297 3537 318 3598 f.
342 3532 405 3597 751>
428 3533 484 3595 col.
508 3534 534 3596 l:
558 3535 721 3596 Ceruerum
744 3553 798 3615 per
820 3534 839 3595 b
862 3536 976 3597 inueni.

296 3641 317 3700 l.
342 3634 475 3698 761001.
500 3636 540 3697 ll:
565 3636 684 3714 Cepites
707 3636 773 3714 (lep.
799 3638 937 3716 cespites)
966 3640 1090 3699 frutices
1112 3648 1143 3699 et
1165 3639 1323 3702 scribimus
1352 3639 1503 3720 diptouga.

296 3740 317 3800 l.
343 3734 420 3801 120·
443 3737 499 3798 col.
522 3738 549 3798 l:
572 3737 671 3799 Didici
693 3756 709 3799 a
732 3737 873 3800 discendo
896 3757 951 3819 per
973 3743 994 3800 i.

297 3842 317 3902 l.
342 3837 419 3902 153·
442 3840 498 3902 col.
524 3839 550 3900 l:
574 3840 735 3921 Exemptus
756 3857 811 3918 per
833 3860 862 3902 m
886 3850 957 3920 etp
980 3841 1181 3904 scribendum.

213 3994 438 4005 -—-———·-

281 4093 307 4158 *)
327 4096 355 4144 lu
373 4094 449 4146 buius
467 4096 562 4147 codicia
580 4097 729 4163 glossariis,
752 4112 818 4160 quae
835 4096 904 4147 baud
927 4099 1000 4163 parui
1023 4099 1168 4161 ceteroquin
1193 4098 1313 4148 momenti
1336 4098 1428 4153 iacias.
1454 4099 1506 4150 iere

213 4164 282 4214 nialla
299 4164 385 4213 inueni
404 4164 521 4215 lemmata
539 4166 572 4214 ad
589 4166 780 4230 grammaticam
799 4166 882 4230 ipsam
895 4167 1061 4231 pertiuentia3
1080 4181 1139 4215 nam
1152 4178 1250 4232 praeter
1263 4178 1399 4231 praecepta
1418 4167 1505 4217 nrtlro-

212 4232 349 4299 graphica,
368 4247 434 4294 quae
451 4249 531 4299 supra
550 4234 682 4300 proposui,
702 4249 752 4283 non
771 4234 820 4283 nisi
838 4233 900 4284 haee
917 4235 1005 4284 insunt
1022 4235 1179 4300 grammatici
1191 4234 1285 4284 coloris
1303 4234 1321 4287 f.
1336 4233 1403 4284 llil
1420 4235 1468 4284 col.
1480 4236 1503 4286 1:

212 4304 270 4352 Ars.
290 4302 464 4366 grammatica.
481 4301 485 4363 l
501 4301 612 4354 Eleians.
631 4299 727 4361 barrit!
743 4301 794 4351 Leo
809 4303 876 4366 rugit
890 4300 895 4364 Ι
910 4313 998 4352 taureas
1016 4304 1099 4368 mugit
1113 4300 1118 4366 Ι
1133 4315 1211 4367 capra
1228 4302 1312 4351 miceit
1327 4300 1332 4365 Ι
1348 4303 1404 4352 ouis
1417 4302 1485 4353 balat
1498 4304 1503 4365 Ι

213 4384 288 4418 noser
305 4368 400 4433 glaucit
423 4367 428 4434 Ι
452 4369 546 4435 gallina
564 4370 663 4434 glaecit.
688 4369 692 4433 Ι
717 4371 857 4420 llmocnum
880 4369 960 4420 lertile
977 4371 1114 4421 iocundum
1133 4383 1180 4424 ete.
1216 4369 1283 4419 llaec
1300 4370 1357 4419 ideo
1377 4372 1504 4436 excerpsi,

213 4438 274 4500 quia
292 4438 324 4486 ed
343 4438 508 4487 animantium
528 4453 604 4488 uoces
622 4454 638 4488 a
655 4437 863 4487 Reiffersclrcidio
883 4438 988 4491 Sueten.
1001 4438 1053 4488 rell.
1065 4454 1091 4504 p.
1102 4439 1236 4488 ‘rar-254
1254 4449 1369 4487 accurrate
1387 4438 1504 4489 collectas

212 4505 396 4569 aliquantulum
407 4505 607 4556 lucisadleruut.
627 4507 714 4569 ltaque
728 4522 757 4555 uc
775 4505 824 4555 boc
841 4506 943 4569 quidem
962 4509 1169 4572 praetermittam,
1188 4506 1238 4554 duo
1258 4515 1344 4555 extare
1363 4507 1387 4554 in
1405 4508 1462 4556 cod.
1473 4508 1504 4556 16

213 4573 335 4623 eiusmodi
358 4573 475 4623 lemmata
498 4574 573 4623 mdlis
598 4574 720 4639 insignita
743 4574 824 4633 arctis,
847 4575 896 4624 uisi
920 4576 990 4639 qnod
1012 4576 1074 4624 locis
1099 4575 1214 4640 proxime
1236 4574 1441 4624 antecedentibus
1461 4574 1504 4623 ‘de

213 4642 323 4704 glossis'
343 4645 528 4707 praescriptum
547 4652 598 4695 est.
622 4642 641 4690 l.
660 4641 715 4692 531»
734 4641 782 4693 cul.
800 4642 833 4691 ll:
865 4642 980 4692 Raubure
1001 4644 1109 4692 sibelare
1131 4656 1223 4691 eanum
1241 4652 1292 4700 est,
1316 4643 1382 4690 sicut
1399 4643 1504 4707 genirire

213 4710 292 4769 (corr.
311 4727 340 4762 ra.
359 4709 376 4759 Ι
393 4710 510 4775 gannire)
530 4710 657 4774 uulpinm,
677 4722 702 4760 et
719 4709 736 4762 l.
755 4711 802 4759 58·
822 4710 869 4759 col.
889 4710 922 4760 ll:
957 4710 1074 4760 Blatterat
1097 4709 1216 4760 camellus
1240 4710 1307 4759 sicut
1324 4725 1420 4773 aequus
1439 4711 1505 4760 iuuit

215 4778 282 4829 rudit
299 4780 398 4829 asinus.
