3420 5378
617 335 859 388 3333333333
1347 331 1391 395 49

178 526 409 604 Coniugationes
430 522 591 585 uerborum
613 530 682 601 sunt
706 530 780 592 tres,
809 523 887 582 idest
908 541 940 583 as
956 540 987 582 es
1001 524 1042 590 is,
1067 538 1143 600 qnae
1166 530 1265 582 tamen
1288 538 1392 582 omnes

91 627 123 686 ln
152 624 300 685 secundae
328 642 473 702 personae
502 624 699 684 declinatione
722 625 920 705 requirendae
942 632 1018 684 sunt.
1064 624 1105 709 lle
1128 622 1236 703 quibus
1259 623 1284 684 si
1306 641 1338 683 as
1360 626 1391 684 iu

93 727 243 788 secundae
276 744 421 805 personae
451 728 608 786 terminata
637 726 726 787 luerit
753 724 972 794 133113311333,
1000 727 1127 804 primam
1156 743 1221 786 esse
1251 726 1391 802 coniuga-

93 831 205 889 tionem
239 830 376 898 noueris,
404 829 431 888 31
459 846 491 887 33
518 829 548 888 13
578 827 711 887 3133133
739 825 877 886 313111133
903 845 1050 905 personae
1077 828 1170 887 133311
1187 825 1393 894 Δ133113311333

66 931 191 998 annisa,
222 930 382 990 secundam
414 930 652 1007 3331333113333
687 946 751 988 esse
779 945 935 1005 33333333.
981 927 1013 988 Si
1041 931 1067 989 is
1094 946 1211 1009 quoque
1239 929 1270 988 in
1299 929 1394 1006 ipsius

94 1012 242 1108 personae
272 1028 469 1090 declinatione
498 1030 579 1089 linita
608 1030 712 1098 luerit,
747 1033 863 1090 tertiam
895 1032 1133 1108 coniugationem
1163 1028 1301 1090 similiter
1329 1046 1393 1089 esse

95 1150 153 1193 non
182 1130 308 1192 dubites
353 1130 412 1191 Sed
441 1140 470 1190 et
497 1134 524 1192 si
552 1129 705 1209 quodlibet
733 1129 859 1192 uerbum
883 1129 937 1191 sub
961 1134 1074 1211 primae
1097 1148 1242 1210 personae
1264 1130 1393 1192 declina·

94 1235 174 1293 tione
202 1233 402 1310 interrogalus
430 1232 539 1301 fueris,
570 1240 677 1310 quotae
706 1232 1155 1311 333133311331333331313331,
1187 1233 1277 1294 1331
1302 1231 1394 1293 decli·

95 1336 245 1395 nationem
280 1333 428 1394 secundae
462 1350 606 1411 personae
636 1332 729 1395 debes
762 1334 938 1404 adtendere,
973 1333 1023 1395 ubi
1046 1352 1165 1395 omnem
1189 1333 1322 1395 eiusdem
1349 1335 1394 1394 rei

56 1451 83 1491 ao
97 1434 234 1496 ordinem
258 1435 390 1514 praelata
415 1437 527 1514 poteris
550 1433 757 1514 explanatione
780 1453 970 1515 cognoscere.

181 1535 278 1596 Verba
302 1544 399 1597 autem
424 1538 539 1615 primae
562 1537 779 1614 coniugationis
802 1537 873 1597 haec
897 1546 979 1598 sunt:
1002 1539 1104 1598 ieiuno
1127 1557 1181 1598 oro
1203 1535 1294 1616 aigilo
1310 1554 1395 1614 prae·

96 1638 163 1698 dico
194 1635 328 1716 supplico
362 1639 539 1697 commendo
568 1640 687 1698 insinuo
717 1637 784 1698 uolo
813 1639 850 1698 de
878 1638 978 1700 uolatu
1007 1638 1095 1700 laudo
1125 1638 1192 1700 leun
1220 1638 1289 1701 lauo
1318 1639 1396 1699 dono

95 1738 219 1800 aedillco
242 1723 313 1800 noto
335 1747 405 1799 nato
428 1758 515 1819 spero
537 1749 583 1800 sto
606 1738 726 1807 ambulo
749 1738 862 1800 13113133
884 1739 983 1800 131133
1005 1741 1104 1819 1133113
1127 1759 1193 1802 333
1209 1758 1284 1800 3333
1300 1738 1397 1800 exalto

96 1840 196 1901 exulto
229 1838 341 1901 insulto
374 1847 459 1900 ructo
492 1839 625 1919 persulto
660 1854 792 1919 prouoco
826 1840 937 1920 derogo
965 1842 1077 1920 adrogo
1105 1858 1236 1923 proroga
1266 1840 1396 1918 subrogo

58 1958 241 2022 nexaspero
274 1940 370 2002 clamo
403 1940 537 2002 declamo
571 1943 679 2004 inclino
713 1941 822 2020 uapulo
854 1943 1005 2004 iollammo
1038 1942 1154 2022 11333113
1185 1945 1292 2021 3331113
1322 1942 1397 2002 duro

97 2061 253 2104 murmuro
269 2059 369 2122 pugno
390 2060 508 2121 supero.
548 2043 654 2104 Omnia
678 2043 750 2104 haec
773 2043 865 2106 uerba
889 2046 918 2105 13
941 2047 1000 2105 line
1024 2045 1230 2107 declinationis
1252 2061 1398 2125 personae

96 2137 245 2206 secundae
268 2161 299 2204 as
314 2142 426 2204 habent
448 2152 478 2205 31
498 2145 565 2205 1133
588 2146 700 2225 primae
723 2148 939 2226 coniugaliouis
963 2155 1046 2215 sunt,
1072 2156 1101 2208 et
1123 2163 1326 2227 quaecumque
1350 2144 1398 2205 his

96 2245 204 2307 similia
228 2244 347 2314 luerint,
371 2248 485 2326 primae
507 2248 724 2324 coniugationis
739 2256 837 2308 erunt.
1285 2266 1287 2271 ’

183 2344 278 2407 Verba
309 2355 408 2406 autem
435 2348 655 2425 coniugationis
683 2349 830 2410 secundae
859 2348 932 2411 haec
960 2357 1043 2411 sunt:
1077 2350 1167 2411 uideo
1194 2349 1287 2412 doceo
1316 2348 1397 2410 caleo

58 2446 213 2510 somoneo'
233 2445 314 2509 soleo
342 2447 453 2527 impleo
477 2450 588 2510 suadeo
610 2449 735 2529 conpleo
757 2451 846 2512 sedeo
869 2453 951 2512 iaceo
974 2469 1055 2530 3333.
1100 2452 1179 2512 11333
1203 2454 1282 2512 enim
1305 2448 1398 2510 uerba

98 2567 132 2611 es
158 2548 270 2611 habent
292 2552 323 2610 13
346 2551 404 2611 line
427 2550 636 2613 declinationis
659 2571 802 2630 personae
825 2553 973 2613 secundae
996 2561 1025 2613 et
1048 2552 1113 2612 ideo
1137 2552 1285 2614 secundae
1308 2550 1399 2612 decli-

98 2651 228 2712 nationis
256 2660 341 2721 suut,
371 2660 400 2713 et
427 2670 630 2733 quaecumque
665 2651 710 2712 uis
744 2652 851 2714 3131113
880 2654 1007 2722 1333131,
1041 2653 1189 2714 33333133
1217 2654 1399 2730 3331333113-

98 2754 144 2814 nis
166 2759 263 2813 erunt.
925 2746 927 2751 ’

184 2854 303 2915 Tertiae
326 2862 425 2915 autern
449 2855 665 2932 coniugationis
687 2855 779 2916 uerba
802 2856 876 2916 11333
899 2865 984 2916 sum:
1008 2854 1075 2933 1333
1099 2877 1134 2915 eo
1156 2856 1202 2915 aio
1225 2872 1299 2932 3333
1323 2854 1400 2914 1333

60 2955 178 3016 relacio
212 2973 302 3016 curro
333 2955 403 3016 uolo
430 2955 466 3017 de
497 2955 648 3016 uoluntate
676 2952 730 3034 ago
757 2959 868 3035 aspicio
898 2960 986 3017 inruo
1014 2955 1125 3036 inpello
1153 2954 1299 3034 compello
1328 2955 1399 3016 bibo

100 3055 176 3117 uado
199 3054 285 3117 traho
307 3065 388 3136 peto.
433 3056 511 3116 llaec
535 3059 614 3117 enim
638 3056 729 3117 uerba
753 3061 851 3118 omnia
875 3061 901 3119 is
923 3058 1035 3119 liabent
1058 3061 1087 3118 in
1112 3059 1169 3118 line
1192 3056 1402 3119 declinationis

100 3175 245 3236 personae
273 3158 421 3219 secundae
444 3168 472 3218 et
494 3159 562 3219 ideo
590 3160 694 3220 tertiae
723 3161 942 3238 coniugationis
965 3167 1051 3229 3331,
1076 3166 1106 3220 31
1128 3176 1332 3239 3333333333
1356 3160 1401 3219 his

100 3259 208 3321 similia
231 3260 356 3328 1333131,
381 3261 484 3321 tertiae
507 3261 721 3338 coniugationis
744 3271 842 3321 erunt.

186 3360 301 3421 Genera
320 3359 496 3430 uerborum.
514 3381 588 3441 quae
605 3371 634 3422 et
648 3363 878 3440 significationes
894 3362 1044 3431 dicuntur,
1061 3371 1130 3421 sunt
1145 3364 1288 3439 3313333,
1305 3366 1399 3423 331133

61 3463 218 3543 sopassiua
242 3469 345 3523 neuim
369 3461 547 3542 deponentia
571 3465 747 3524 eommunia.
786 3464 887 3524 Actius
912 3473 989 3532 sunt,
1013 3481 1087 3542 3333
1109 3465 1139 3522 13
1157 3481 1174 3521 3
1189 3460 1316 3522 litteram
1342 3471 1401 3523 ter·

94 3564 251 3624 minantur
280 3572 310 3624 31
337 3571 458 3642 accepta
481 3581 496 3621 r
519 3563 614 3624 1111333
644 3564 755 3625 1331331
782 3584 817 3625 ex
848 3584 880 3625 se
908 3567 1041 3645 passius,
1071 3573 1103 3626 ul
1130 3564 1195 3624 dico
1219 3563 1303 3623 dicor
1326 3564 1402 3624 duco

102 3665 196 3726 ducor
220 3674 305 3743 porto
329 3674 433 3744 portor
454 3665 619 3742 consrinpo
642 3667 814 3742 3331313333
836 3669 924 3726 laedo
946 3665 1056 3725 laedor.
1095 3665 1215 3726 Passiua
1237 3672 1307 3725 sunt
1328 3682 1403 3742 quae

102 3768 133 3827 13
155 3785 172 3828 3
193 3765 323 3827 litteram
352 3766 549 3826 terminantur
578 3774 608 3827 et
637 3785 670 3827 ea
693 3765 808 3828 sublata
831 3767 960 3829 redeunt
979 3769 1010 3827 in
1033 3769 1145 3838 331133,
1174 3775 1207 3829 31
1230 3765 1314 3826 11333
1336 3766 1403 3827 1133

169 3988 187 4036 2
208 3985 309 4036 Verba:
328 3986 470 4048 dequibus
489 4012 521 4021 -
542 3987 570 4034 ll
592 3984 677 4033 Verba
696 3995 780 4033 autem
798 4001 844 4036 om.
864 3981 890 4032 B
967 3986 982 4035 ’1
1001 3984 1047 4034 331
1066 3982 1115 4036 etsi
1134 3981 1167 4049 Α]
1188 3985 1247 4034 An:
1264 3985 1303 4033 313
1320 3994 1346 4034 31
1361 3985 1402 4035 311

103 4055 136 4105 to
153 4053 358 4120 explanationem
379 4059 399 4100 Α
469 4056 498 4103 11
520 4054 604 4102 Verba
623 4053 688 4100 3313
708 4055 730 4099 A
778 4066 804 4101 ut
822 4053 907 4102 ieiuno
927 4064 971 4100 333
990 4052 1097 4117 praedio
1116 4052 1201 4117 313313
1220 4053 1319 4117 castigo
1338 4067 1403 4117 3333

101 4121 226 4189 suppleco
244 4122 396 4171 33333313
415 4122 499 4169 33313
518 4121 580 4170 haec
600 4120 677 4169 uerba
695 4119 783 4173 ete.B
835 4120 937 4185 predico
955 4121 978 4168 Α
1048 4121 1080 4170 16
1098 4119 1317 4169 1331133313313Β
1371 4122 1403 4171 1‘1

101 4202 131 4240 33
149 4189 268 4240 sillabam
287 4188 307 4238 B
359 4190 548 4254 coniugationis
567 4200 628 4237 3331
645 4187 708 4237 haec
726 4187 807 4237 ethis
826 4186 920 4236 similia
938 4201 1113 4250 quoecumque
1131 4188 1229 4253 primae
1246 4189 1402 4252 coniugatio-

102 4259 144 4307 nis
162 4256 261 4307 suntB
332 4259 363 4307 19
382 4256 466 4306 Verba
485 4258 552 4306 enim
571 4258 593 4303 Α
645 4256 772 4306 33333133
791 4254 1020 4319 3331333113313Β
1074 4270 1100 4304 ut
1118 4256 1198 4305 doceo
1217 4255 1288 4304 soleo
1307 4256 1402 4322 impleo

102 4325 177 4391 algeo
193 4338 287 4374 moneo
305 4323 392 4373 lerueo
411 4325 481 4374 caleo
500 4339 589 4373 33333
611 4325 698 4374 311333
716 4325 813 4372 suadeo
836 4325 913 4372 sedeo
931 4337 994 4386 3333
1014 4324 1083 4372 13333
1102 4322 1165 4371 haec
1185 4322 1260 4372 uerba
1279 4337 1306 4371 es
1325 4323 1403 4386 sylla-

102 4391 201 4443 bamB
270 4393 303 4441 21
326 4391 426 4443 Verba:
446 4393 544 4442 311133
563 4418 594 4427 -
613 4391 804 4455 3331333113313
823 4388 1000 4442 3333133338
1086 4390 1221 4440 24133113
1240 4400 1323 4439 autem
1342 4405 1404 4439 con·

102 4459 244 4525 legationis
267 4459 397 4508 tereiaeB
450 4471 479 4508 31
501 4460 559 4524 1333
582 4460 639 4507 dieo
664 4460 762 4523 aspicio
785 4459 850 4507 lacio
873 4471 947 4507 curro
971 4455 1072 4506 confido
1096 4457 1158 4506 haec
1181 4458 1265 4507 omnia
1285 4459 1363 4507 uerba
1381 4459 1403 4508 13

102 4527 230 4592 syllabam
247 4526 378 4577 habentB
447 4527 590 4578 1311333
642 4524 822 4576 313-33311
875 4539 1050 4588 quaecumque
1068 4525 1107 4574 his
1126 4526 1219 4574 similia
1239 4536 1299 4575 3331
1311 4526 1339 4587 B,
1356 4542 1403 4578 orn.

103 4606 129 4647 et
146 4602 172 4647 31
189 4594 278 4646 tertiae
295 4595 484 4660 3331333113313
502 4605 582 4644 erunt.
687 4596 720 4643 30
738 4594 883 4642 eommunia
905 4592 1058 4658 deponentia
1083 4592 1125 4642 ΑΒ
1185 4594 1268 4642 331133
1288 4592 1404 4644 uerbaB

103 4679 170 4726 quae
189 4678 204 4713 o
222 4663 297 4714 usu
365 4665 398 4713 32
416 4674 505 4729 portur
522 4662 670 4726 confringar
688 4661 799 4710 ledorA
852 4659 1000 4725 3331313333
1017 4659 1088 4709 13133
1105 4660 1191 4710 33311
1243 4676 1309 4724 quae
1327 4678 1339 4711 r
1357 4661 1405 4715 1111.

103 4731 125 4782 Β
187 4731 412 4784 1313331333111
457 4729 595 4780 redinntB
648 4739 676 4779 31
693 4729 765 4779 dicor
782 4731 848 4779 duco
866 4738 956 4794 portur
973 4738 1048 4794 porto
1068 4730 1086 4775 Α
1109 4739 1136 4777 31
1153 4727 1224 4780 11333
1240 4730 1297 4779 dico
1316 4739 1405 4794 postor

103 4808 180 4865 porto
197 4798 278 4849 ducor
294 4798 360 4849 duco
378 4797 399 4846 B

129 4880 226 4921 (133333.
239 4890 291 4922 aar.
305 4880 387 4921 Suara.
1183 4882 1201 4932 4
