3420 5378
208 298 269 361 100
668 298 780 350 rerer
798 296 1030 350 unumunurm

206 494 236 547 et
264 505 318 565 per
346 487 530 548 incrementa
560 504 653 564 usque
681 485 716 546 ad
744 487 907 563 perfectam
934 492 1061 546 aetatem
1090 484 1209 546 erescit.
1255 484 1305 546 Sic
1335 492 1365 545 et
1393 484 1505 555 littera,

205 606 281 667 quae
314 605 368 666 per
401 586 530 668 syllabas
563 596 593 648 et
620 595 720 667 parles
750 589 892 649 orationis
920 605 1013 666 usque
1040 586 1077 647 ad
1104 588 1250 662 integram
1280 593 1310 647 et
1337 587 1504 666 perfectam

206 689 369 749 orationem
397 707 533 750 crescere
563 690 689 750 uidetur.
735 689 806 749 lude
829 688 1010 765 Virgilius
1032 688 1128 750 Maro
1157 688 1243 748 dixit:
1273 668 1422 749 Litlera
1451 698 1506 749 est

207 789 312 850 rrelut
346 789 525 869 quaedam
558 789 706 869 legendi
735 791 933 859 natiuitas,
968 789 1062 850 unde
1091 796 1126 850 el
1154 790 1234 850 eius
1261 790 1504 849 incrementa

206 889 438 951 iulautuli'e
474 892 604 951 matris
638 899 746 951 utero
781 893 1065 970 prorumpentis
1099 888 1288 951 aetatibus
1321 891 1528 968 aequipo-s

207 999 352 1053 rantur:
377 1000 413 1052 ut
436 994 532 1052 enim
561 992 685 1053 inians
714 992 868 1057 dicitur,
897 993 957 1071 qui
980 989 1082 1068 loqui
1104 992 1226 1052 nescit
1248 999 1284 1051 et
1308 990 1504 1069 paruulus,

207 1093 267 1173 qui
290 1112 407 1172 parua
429 1109 621 1170 gressuum
644 1093 833 1154 molimina
856 1095 993 1154 nititur
1015 1092 1330 1172 babercetpuer,
1355 1090 1504 1169 quando

207 1193 396 1273 pubescit,
425 1193 647 1255 adolescens
674 1204 809 1265 autem,
842 1213 920 1256 cum
949 1196 1184 1272 proceritate
1212 1194 1392 1273 corporis
1419 1191 1504 1253 ado·

208 1295 333 1366 lescit,
370 1296 523 1357 iuuenis
560 1314 663 1367 uero,
701 1315 778 1357 oum
816 1297 851 1357 in
888 1297 1088 1357 iuuentute
1125 1293 1282 1363 adultat,
1321 1294 1503 1372 coningio

207 1398 320 1458 armis
341 1398 558 1478 ceterisque
580 1396 812 1458 liberalibus
834 1395 972 1457 studiis
994 1397 1062 1458 iam
1085 1395 1236 1471 dignus,
1267 1401 1302 1456 at
1324 1397 1401 1461 nir,
1425 1411 1537 1456 cumn

208 1498 367 1559 omnium
396 1516 569 1560 sensuum
599 1498 922 1575 consiliorumque
952 1498 1186 1559 nanciscitur
1214 1501 1419 1566 uirtutem,
1453 1496 1502 1555 ita

208 1600 318 1660 etiam
352 1597 479 1660 littera
513 1598 558 1660 ab
585 1601 678 1678 ipsis
706 1617 814 1660 cerae
845 1596 1132 1660 characteribus
1158 1615 1275 1675 usque
1304 1596 1346 1657 ad
1375 1614 1504 1658 casso·

208 1718 283 1761 rum
309 1701 619 1779 compositionem
644 1700 755 1762 bosce
778 1699 933 1761 ordines
955 1700 1132 1770 directat,
1162 1699 1349 1778 siquidem
1379 1698 1504 1759 iulans

208 1799 435 1880 appellatur,
465 1819 543 1861 cum
572 1809 687 1862 artem
716 1818 786 1863 non
817 1810 939 1870 sonat,
968 1799 1122 1880 paruula
1150 1820 1257 1871 nero,
1287 1817 1366 1860 cum
1389 1797 1504 1879 sylla·

209 1901 333 1962 barum
371 1901 516 1980 glutine
553 1901 734 1981 paulatim
771 1901 943 1980 graditur
977 1908 1012 1963 et
1044 1900 1216 1981 puerula,
1254 1919 1334 1963 curn
1370 1899 1536 1980 pedumu

208 2006 395 2065 mensuris
439 2005 592 2072 crescit,
634 2001 938 2072 adolescentula,
983 2022 1062 2064 cum
1098 2005 1245 2082 poetica
1283 2008 1402 2063 metra
1441 2018 1504 2082 per

207 2124 385 2166 uersuum
407 2103 618 2167 carminula
641 2104 788 2175 suillat,
806 2112 841 2165 at
862 2102 1083 2173 iuuencula,
1100 2122 1177 2165 cum
1201 2122 1352 2165 casuum
1376 2101 1505 2164 uerbo·

207 2225 361 2287 rumque
384 2206 561 2287 quandam
585 2205 890 2285 intellegentiam
914 2216 1103 2286 capescat,
1128 2208 1253 2284 uirgo,
1277 2223 1358 2267 oum
1381 2223 1505 2267 casso·

208 2327 300 2377 rum,
324 2314 361 2367 ut
384 2307 476 2376 dixi,
501 2307 816 2387 compositionem
839 2305 1061 2386 plenissime
1083 2308 1225 2369 doceat

275 2476 325 2525 DE
347 2474 479 2531 TRIBVS
496 2474 672 2527 Mercibus
690 2475 824 2539 QVIBVS
843 2474 1009 2527 CONSTAT
1028 2475 1188 2527 LITTERA
1206 2473 1311 2527 SICVT
1330 2475 1380 2526 ET
1399 2474 1538 2527 nouos

208 2575 340 2628 TRIBVS
359 2575 597 2630 svnsrburlls
616 2576 815 2628 CONSISTIT.

291 2712 343 2773 Est
357 2713 449 2791 igitur
468 2733 539 2776 uera
562 2713 723 2775 similitudo
746 2712 863 2773 litterae
886 2713 915 2773 in
939 2711 1073 2781 bomine:
1096 2714 1275 2773 sicutenim
1299 2711 1391 2774 bomo
1414 2713 1507 2775 tribus

207 2815 349 2882 consistit,
374 2833 502 2895 corpore
525 2821 555 2876 el
576 2817 674 2877 anima
696 2824 784 2891 alque
806 2815 929 2892 spiritu,
953 2815 995 2875 sic
1017 2812 1115 2875 littera
1139 2812 1234 2875 tribus
1256 2821 1388 2885 constat,
1414 2816 1505 2894 ligura

208 2918 328 2976 nomine
352 2925 381 2977 et
404 2923 556 2994 potestate.
594 2916 666 2978 lude
687 2913 870 2994 Virgilius
892 2915 978 2976 dicit:
1001 2916 1044 2977 Et
1065 2923 1104 2977 ut
1126 2913 1269 2993 aliquid
1292 2916 1505 2978 intimatins

209 3020 386 3097 aperiam,
416 3015 547 3079 littera
575 3018 664 3078 mibi
692 3017 847 3079 uidetur
874 3015 1055 3078 humanae
1084 3016 1324 3078 conditionis
1348 3036 1435 3080 esse
1456 3019 1538 3081 sime

209 3117 324 3179 milis:
355 3121 455 3180 sicut
483 3121 578 3179 enim
607 3118 713 3179 bomo
740 3116 862 3198 plasto
885 3127 920 3179 et
942 3117 1079 3179 alllatu
1102 3124 1137 3178 el
1159 3117 1312 3195 quodam
1343 3118 1506 3181 caelesti

209 3221 292 3297 igue
315 3221 510 3290 consistit,
535 3221 586 3281 ita
609 3228 643 3280 et
665 3217 793 3280 littera
816 3238 881 3282 suo
904 3238 1079 3298 corpore,
1106 3218 1173 3280 boc
1197 3228 1253 3280 est
1276 3220 1404 3298 ligura
1428 3222 1505 3282 ani·

210 3339 297 3380 mam
335 3320 494 3395 babens,
526 3323 562 3381 iu
599 3339 727 3390 sensu,
766 3320 833 3381 boc
863 3328 919 3381 est
953 3321 988 3381 in
1028 3326 1234 3399 potestate:
1271 3321 1505 3400 spiridonem

209 3439 296 3482 uero
326 3469 457 3492 ......
496 3422 562 3482 boc
599 3429 656 3483 est
691 3423 726 3482 in
763 3422 963 3501 superiore
1000 3421 1327 3501 contemplatione
1366 3422 1506 3486 babere

208 3523 368 3585 uidetur.
1515 3544 1538 3585 so

276 3807 447 3875 3Virgilius]
467 3827 494 3874 p.
508 3812 560 3861 130
578 3811 636 3861 Mei
714 3810 777 3859 bae
795 3810 884 3859 metris
936 3811 1116 3875 aequiperntur
1126 3805 1139 3875 ΙΙ
1150 3821 1313 3875 eomparatur
1332 3812 1422 3863 Maius
1491 3814 1507 3863 'l

208 3880 251 3941 qui
270 3893 350 3943 parua
368 3874 594 3944 gillldpploluminn
618 3879 705 3927 nititur
728 3877 819 3927 babere
834 3874 847 3935 ll
862 3893 919 3926 cum
943 3893 1023 3943 perun
1046 3893 1181 3942 gressuum
1199 3878 1332 3928 molimine
1352 3881 1442 3930 nititur
1459 3882 1507 3930 im·

208 3949 317 4012 primere
335 3947 421 3997 Maius
489 3948 575 3996 ileum
594 3946 821 3996 irruentutelllnius
872 3946 989 4010 eorriugis
1008 3947 1085 3994 nemis
1156 3949 1187 3995 10
1205 3945 1349 3996 lib‘ralibus
1360 3944 1373 4012 ΙΙ
1385 3949 1505 4015 coniugio

208 4014 362 4063 admiscetur
379 4024 455 4075 etque
472 4014 619 4063 liberalibus
637 4014 730 4063 studiis
748 4014 797 4061 iam
816 4013 911 4077 diguus
930 4013 958 4062 lit
976 4014 1062 4064 Maius
1130 4014 1162 4062 ad
1182 4014 1220 4061 uir
1290 4016 1319 4064 ll
1340 4017 1507 4066 manciscitnr

209 4083 300 4130 uirtute
312 4079 324 4148 {l
337 4082 454 4132 uirtutem
474 4083 627 4131 rrurroiscitur
645 4082 730 4132 illatus
828 4083 858 4129 12
876 4096 933 4130 cere
949 4082 1119 4130 curecteribus
1187 4080 1219 4129 ad
1238 4096 1357 4131 cesorum
1376 4086 1508 4148 composi-

208 4151 276 4198 tione
288 4146 344 4215 }led
362 4164 516 4212 quassorum
534 4149 747 4214 compositionem
766 4148 852 4198 Maius
904 4152 936 4199 13
954 4149 1053 4211 bosque
1072 4148 1169 4198 ordinis
1185 4154 1189 4209 Ι
1204 4148 1282 4198 hosce
1301 4150 1406 4201 ordines
1419 4152 1508 4202 Motus

243 4216 327 4266 iniens
345 4217 488 4283 appelletur
505 4232 561 4266 eum
582 4217 664 4283 siguis
686 4217 820 4265 drrmtnxat
841 4215 1021 4265 clraraesendis
1041 4232 1086 4281 per
1103 4230 1174 4264 ceras
1193 4217 1330 4282 gemmulis
1350 4218 1449 4269 eisdem
1469 4221 1508 4269 in-

207 4286 278 4350 diget
295 4285 381 4335 Maius
451 4287 482 4335 14
500 4285 607 4350 paruolo
626 4279 761 4350 ucllluero
781 4284 866 4334 Meim
940 4287 971 4335 15
990 4281 1284 4350 glutiuaesseonglutiue
1301 4285 1390 4336 Maius
1446 4303 1507 4353 pue-

208 4353 263 4402 rule
281 4369 337 4415 om„
356 4353 416 4402 cdd.
434 4351 520 4402 Maius
590 4354 621 4402 16
639 4367 696 4400 erun
715 4353 814 4417 poetice
832 4364 911 4400 metes
929 4352 1014 4402 Malus
1025 4347 1037 4418 ll
1051 4367 1096 4416 per
1114 4366 1196 4417 pauca
1213 4364 1293 4401 metra
1369 4356 1400 4404 l‘l
1420 4354 1558 4423 solllat⁸

208 4421 295 4471 lllalus
345 4420 512 4470 adiuueuculu
582 4421 613 4470 1s
631 4415 925 4485 qrroddamssqunudam
943 4420 1029 4470 allaim
1080 4420 1307 4485 capiescatdlor‘us
1359 4424 1507 4486 cesorumll

208 4503 361 4552 ‹prrossorum
379 4489 466 4539 Illaius
553 4490 584 4538 19
603 4487 722 4552 perdocet
739 4487 825 4538 dicius
893 4489 926 4536 24
944 4484 1080 4553 Virgilius]
1099 4504 1126 4552 p.
1146 4490 1198 4537 130
1215 4488 1273 4538 Mai
1340 4489 1375 4539 25
1393 4492 1508 4556 aperiem

207 4558 241 4608 26
259 4569 283 4607 et
300 4556 387 4606 allleto
401 4554 413 4623 ΙΙ
425 4567 449 4605 et
466 4557 526 4605 ullis
544 4556 632 4606 Maius
699 4557 733 4605 27
751 4556 785 4604 ita
804 4564 828 4604 et
846 4555 928 4604 littere
946 4554 994 4604 boe
1013 4565 1052 4605 est
1069 4570 1116 4604 suo
1134 4569 1243 4621 corpore
1261 4554 1345 4620 ligura
1356 4555 1369 4624 ΙΙ
1381 4573 1432 4607 sno
1451 4574 1508 4609 cor-

207 4640 271 4692 pore
288 4625 336 4674 hoe
354 4636 393 4674 est
410 4624 493 4689 ligure
511 4635 564 4673 arte
582 4639 611 4672 ec
628 4624 739 4673 dictione
758 4623 826 4672 uelut
843 4623 961 4685 quisdam
980 4623 1217 4689 compaginibus..
1232 4634 1333 4676 ..uum
1351 4636 1393 4676 est
1403 4626 1509 4678 Matres:

207 4701 294 4743 celero
312 4694 383 4757 opud
400 4694 496 4744 dicium
514 4693 614 4742 desunt.
694 4692 727 4741 28
746 4691 814 4740 Aule
833 4691 892 4740 ‘boe
910 4695 960 4740 ειν
979 4695 1097 4741 nonnulla
1115 4693 1243 4742 eccidisse
1261 4692 1392 4745 uideretur.
1428 4697 1509 4763 spiri-

208 4757 315 4824 donem]
336 4760 413 4811 Hanc
429 4776 515 4811 uocem
533 4761 588 4825 ipre
610 4759 733 4824 Virpltius
746 4761 833 4823 firroell,
851 4759 885 4823 cf.
902 4775 930 4825 p.
952 4763 1008 4825 100,
1028 4761 1046 4810 3
1064 4760 1128 4812 Mei.
