3420 5378
646 1144 778 1226 VII

141 1290 444 1457 vnncmu
470 1357 905 1465 cummium
929 1357 1283 1456 nxcnnrm

425 1511 686 1609 ennom
711 1511 1004 1610 inunum

151 1900 165 2018 ll
181 1934 200 1995 l.
216 1931 256 1995 2¹³
274 1931 287 2016 ΙΙ
311 1935 466 2007 Quomodo
488 1954 628 1998 sonamus
651 1936 870 2017 diphthongon,
900 1935 1019 2016 quando
1043 1954 1131 1997 unam
1156 1934 1298 2016 syllabam
1322 1934 1359 1995 de

64 2034 180 2098 duabus
203 2036 357 2098 uocalibus
380 2037 520 2098 iacimus?
551 2038 772 2099 Priscianus
794 2038 881 2099 dicit:
910 2037 1028 2117 quando
1050 2037 1126 2099 duae
1148 2035 1267 2098 uocales
1290 2055 1359 2097 suas

64 2156 155 2200 uoces
177 2137 303 2207 hahent,
327 2139 395 2200 ideo
418 2139 619 2219 diphthongos
641 2139 758 2214 dicitur,
782 2138 860 2219 quod
884 2138 968 2200 binas
992 2157 1082 2209 uoces
1104 2137 1223 2199 hahent.
1270 2123 1359 2196 Ver·

64 2238 184 2319 gilius
211 2248 309 2301 tamen
340 2239 424 2309 dicit,
454 2239 532 2320 quod
556 2242 649 2320 prima
674 2239 786 2301 uocalis
808 2242 837 2301 in
860 2239 1044 2319 diphthongo
1069 2258 1172 2301 uocem
1196 2258 1255 2300 non
1278 2239 1359 2306 iacit,

37 2341 119 2403 seed
141 2359 247 2402 sonum
271 2343 391 2410 aruittit,
415 2349 447 2402 ut
469 2343 533 2421 ipse
557 2340 642 2403 dicit:
670 2341 820 2414 Quaedam
843 2349 941 2402 autem
965 2341 1111 2403 uocalinrn
1134 2339 1259 2402 mobiles
1281 2347 1359 2407 sunt,

64 2442 210 2522 quaedam
233 2441 352 2504 stabiles
374 2489 465 2504 .....
487 2442 630 2522 quaedam
653 2445 790 2523 quotiens
813 2445 907 2504 lortes
929 2460 988 2504 non
1012 2460 1139 2521 cumque
1162 2442 1359 2522 proscriptiue

66 2544 215 2613 uidentur,
238 2550 272 2602 ut
293 2562 392 2613 aou;
421 2545 530 2605 etenim
553 2562 584 2611 a,
612 2562 678 2604 curn
701 2546 731 2604 in
756 2546 902 2624 principio
924 2546 1022 2606 lineue
1044 2544 1170 2606 alicuius
1193 2545 1285 2625 partis
1307 2561 1358 2621 po-

63 2647 119 2707 sita
142 2646 245 2713 luerit,
270 2663 285 2704 e
309 2646 406 2706 statim
429 2664 489 2706 non
512 2643 712 2722 subsequente
736 2664 782 2706 ma
801 2663 956 2707 ....cum
979 2645 1162 2725 producitur,
1187 2645 1271 2705 sortis
1294 2645 1359 2712 erit,

65 2756 97 2809 ut
119 2749 208 2807 ‘ars’
231 2748 362 2807 ‘amori'
385 2745 537 2814 ‘schola’;
566 2753 684 2807 alcum
707 2745 869 2825 praedictis
892 2745 964 2806 locis
986 2765 1003 2806 e
1026 2765 1088 2807 earn
1112 2745 1272 2806 subsecuta
1295 2745 1359 2805 luc·

25 2869 51 2910 ro
64 2850 119 2918 rit,
142 2868 159 2909 a
181 2849 307 2909 inlirmis
329 2846 463 2915 habetur,
487 2855 520 2907 ut
541 2851 616 2907 ‘aes’
638 2848 777 2908 ‘leneas’
802 2847 978 2928 ‘Mycenae’
1002 2848 1138 2907 ‘Cannae
1147 2851 1167 2917 ’,
1192 2848 1268 2907 sicut
1290 2854 1320 2905 et
1342 2864 1359 2905 o

63 2950 152 3012 fortis
174 2951 232 3012 erit
254 2951 284 3009 in
308 2948 353 3009 his
375 2948 460 3019 locis,
484 2957 516 3009 ut
538 2952 629 3009 ‘arno'
653 2952 711 3008 ‘os’
734 2949 852 3025 ‘origo',
869 2949 1002 3016 ‘sermoh
1026 2956 1055 3009 at
1077 2966 1143 3010 curn
1168 2969 1185 3008 e
1206 2955 1358 3026 sequatur,

64 3048 241 3131 diphthongi
264 3048 330 3112 loco
352 3058 489 3129 ponetur,
513 3061 546 3110 nt
568 3050 688 3129 ‘poena’
711 3049 850 3110 ‘loedus’.

152 3150 163 3234 li
182 3154 201 3212 i.
218 3148 258 3214 3·
275 3149 288 3231 ll
312 3150 349 3211 Vt
370 3148 561 3229 Vergilius
583 3150 669 3211 dicit:
700 3150 861 3212 Sciendum
885 3159 931 3213 cst
953 3169 1037 3221 sanc,
1061 3152 1155 3232 quod,
1179 3150 1358 3228 ubicumque

64 3251 199 3316 uocalcm
222 3249 388 3332 quamlibet
409 3255 438 3313 iu
462 3251 557 3313 media
581 3260 665 3332 parte
688 3254 812 3331 positam
836 3252 984 3332 duplicata
1006 3271 1020 3314 s
1042 3262 1142 3314 secuta
1166 3255 1264 3328 luerit,
1288 3272 1357 3313 ean·

26 3355 132 3417 odem
155 3353 287 3416 uocalem
311 3355 519 3433 corripiemus,
544 3361 576 3414 ut
598 3354 721 3414 ‘uassa’
745 3356 847 3415 ‘losse’
870 3354 1033 3428 †‘uossit’
1057 3355 1134 3415 idest
1156 3356 1226 3424 scit,
1251 3355 1358 3415 ‘uissit’

64 3455 141 3517 idest
163 3456 252 3523 uidit;
277 3456 351 3515 atsi
374 3473 448 3525 una,
473 3455 586 3516 uocalis
608 3455 799 3535 producetur,
827 3466 860 3516 ut
881 3455 1063 3534 ‘gloriosus'
1086 3457 1211 3516 ‘uisus'.
1256 3456 1359 3517 Omnis

64 3558 267 3639 superlatiuus
289 3557 399 3634 gradus
420 3576 434 3616 s
457 3555 634 3634 duplicatam
657 3575 776 3637 semper
799 3556 936 3626 habehit,
961 3565 994 3618 ut
1015 3557 1189 3626 altissimus;
1213 3559 1256 3618 sic
1279 3564 1308 3617 et
1330 3575 1358 3617 m

65 3660 213 3740 duplicata
242 3666 310 3718 aute
339 3662 425 3719 sitam
454 3659 578 3737 corripit
606 3658 754 3727 uocalem‚
791 3667 823 3718 ut
850 3677 984 3720 summus
1011 3677 1161 3737 gemmus:
1197 3661 1243 3720 sin
1277 3658 1357 3729 alias,

64 3760 257 3843 producetur,
282 3767 314 3819 nt
335 3777 437 3819 sumus
458 3777 566 3821 ramus.

133 4049 187 4098 Arc
204 4050 299 4098 codicis
315 4048 457 4098 Beruencr'e
476 4050 527 4096 123
545 4063 580 4097 eo:
597 4049 678 4098 irruitis
695 4048 840 4099 auctoribus
857 4052 965 4099 collecto
979 4049 1002 4112 s.
1016 4046 1142 4098 1¹-3rb
1223 4050 1236 4097 1
1255 4048 1358 4114 dipton-

63 4131 116 4184 gon
134 4120 176 4167 rael
191 4117 343 4181 dgptougon
360 4132 461 4179 scheper
529 4118 544 4164 2
562 4111 722 4182 Priscianus]
741 4116 777 4180 cf.
795 4116 813 4166 1
829 4133 856 4180 p.
870 4119 913 4177 37,
926 4120 971 4167 13:
990 4115 1144 4183 diphthongi
1163 4127 1246 4164 nutem
1264 4117 1357 4166 dicuu-

63 4199 115 4243 tur,
132 4185 201 4246 quod
222 4185 295 4233 binos
314 4184 470 4249 phthongos,
489 4184 537 4233 hoc
554 4195 593 4232 est
611 4200 697 4247 noces,
715 4184 941 4250 comprehendunt.
994 4200 1043 4246 que
1060 4182 1110 4232 due
1172 4186 1189 4234 3
1206 4182 1357 4249 dgptongon

133 4249 278 4316 Vergilius]
297 4252 355 4301 Nun
373 4258 447 4301 extat
465 4254 486 4301 ts
504 4254 574 4301 locor
591 4254 662 4316 apud
679 4252 958 4316 incremententur
975 4268 992 4300 a
1009 4250 1168 4301 Gruindrneto
1185 4254 1358 4314 praenunties,

63 4321 99 4386 cf.
118 4321 155 4371 H.
174 4318 255 4370 Keilii
270 4320 303 4370 de
319 4321 490 4383 grmnmaticr'e
506 4320 604 4382 infimae
622 4321 715 4369 aetatis
731 4336 885 4384 proprunrm.
925 4319 1112 4382 Erlang.1868
1127 4334 1154 4382 p.
1169 4320 1216 4368 18:
1233 4317 1358 4382 Virgilius

63 4400 149 4439 tamen
167 4387 238 4436 Mero
255 4387 281 4434 in
300 4388 355 4436 suis
373 4387 436 4437 dicit
453 4387 583 4452 epistolis,
610 4387 680 4449 qnod
706 4387 772 4436 dirue
798 4386 900 4436 uocales
927 4388 953 4434 iu
980 4399 1054 4435 unum
1082 4385 1204 4448 syllohom
1232 4386 1358 4451 dyptougi

63 4457 166 4506 iunctae
185 4469 234 4504 uon
252 4466 364 4520 possunt
381 4469 455 4503 suum
474 4455 616 4519 exprimere
634 4468 736 4509 surium,
804 4453 932 4518 uirgilius,
952 4470 1020 4504 corr.
1035 4468 1106 4519 uerg.
1176 4456 1192 4503 4
1209 4469 1259 4515 que
1276 4455 1358 4519 prima

63 4523 168 4574 uocales
187 4523 212 4571 in
231 4522 382 4588 dyptongon
401 4537 451 4571 non
470 4521 530 4570 lucit
581 4523 672 4572 beotii
726 4522 823 4572 nobiles
892 4524 985 4587 lipoct
1002 4521 1107 4570 stabiles
1125 4521 1269 4572 uocabulum
1287 4538 1359 4571 unum

61 4592 200 4658 putredine
218 4592 319 4640 amnuit
371 4592 387 4641 9
406 4589 474 4639 scole
492 4599 519 4638 et
535 4591 608 4639 cuius
660 4588 722 4638 locis
741 4606 796 4639 enm
815 4606 847 4639 su
852 4627 926 4641 .....
995 4591 1027 4639 10
1043 4589 1139 4637 aemins
1157 4589 1256 4655 mieeup
1273 4605 1359 4656 gonuq

64 4662 96 4712 11
114 4669 160 4709 aut
176 4674 233 4707 cnm
320 4659 352 4708 14
369 4656 497 4723 duplicata
515 4667 601 4706 secuto
688 4659 719 4709 lu
737 4657 807 4708 losse
828 4659 860 4706 ·i·
879 4659 927 4708 scit
946 4658 1025 4707 cressit
1047 4658 1122 4706 trissit
1141 4657 1174 4707 ·i·
1194 4657 1258 4707 uidit
1275 4668 1319 4707 nut
1336 4659 1357 4707 si

63 4730 95 4780 1⁷
114 4727 210 4794 grand3
281 4729 312 4778 19
330 4742 419 4776 snmus
438 4741 529 4778 ru...
