3420 5378
202 298 261 360 142
711 295 780 346 ans
799 294 974 347 lnonrnl

199 482 287 551 alius,
312 484 366 543 nisi
388 484 546 561 geneliuus
568 490 695 543 lantum:
719 482 803 542 cuius
825 482 904 542 enim
927 482 1083 559 genetibus
1103 480 1264 560 singularis
1279 491 1343 550 εει,
1367 489 1403 541 ει
1418 483 1505 543 εείεε

198 583 275 645 blins
298 591 342 644 εει
363 630 506 646 ......
528 586 620 664 ipsius
642 581 734 651 lilius;
758 585 802 643 sic
823 581 941 663 quando
963 582 1030 644 dico
1053 583 1137 645 ‘cuia
1158 590 1204 643 εει
1223 580 1310 656 lilia',
1340 583 1503 661 genetibus

199 684 356 763 singularis
378 693 438 755 εει,
467 685 525 746 lale
554 694 599 746 εει
626 686 707 745 acsi
735 683 830 743 dicam
859 681 955 745 ‘illios
976 682 1064 744 lllla’.
1108 685 1180 746 ltem
1208 685 1309 745 onium
1338 685 1502 763 gobelinus

198 784 355 870 singularis
377 796 435 857 εει,
459 796 493 848 ει
513 788 543 848 in
566 786 739 866 Virgilio:

372 887 436 948 bic
459 887 545 949 milri
567 888 742 948 Damoeta
766 888 887 947 cuium
910 904 1025 967 pecus
1047 905 1090 948 an
1113 884 1304 958 Meliboei,
1513 906 1526 944 a

200 1007 278 1050 nouo
302 1007 385 1049 more
407 990 593 1050 introductus
616 997 663 1050 εει
684 991 740 1050 isle
763 989 932 1066 genetibus,
956 989 1093 1067 quoniam
1109 1005 1129 1047 o
1145 986 1255 1066 regulis
1270 989 1410 1059 recessit,
1432 991 1501 1068 quia

199 1089 297 1150 nullos
324 1092 481 1168 genetiuns
507 1091 660 1152 inuenitur
686 1091 716 1150 in
738 1108 754 1150 a
777 1098 828 1152 εει
849 1091 879 1150 in
909 1107 958 1149 um
986 1091 1164 1150 terminatus
1190 1089 1221 1149 in
1249 1090 1373 1150 nomine
1397 1088 1449 1150 uel
1470 1092 1499 1150 in

199 1192 377 1271 pronomine
405 1199 455 1252 εει
483 1193 512 1252 in
536 1192 691 1271 participio
714 1193 845 1270 exceptis
868 1189 916 1250 bis
938 1186 1022 1251 '‘cuia
1045 1191 1168 1251 euium’.
1211 1189 1274 1250 Nee
1295 1199 1387 1269 putes
1410 1190 1499 1252 alium

200 1311 264 1353 esse
288 1309 405 1362 casnm,
428 1293 486 1353 nisi
508 1294 693 1371 geneliuum:
717 1309 804 1370 ergo,
827 1293 904 1353 sicul
927 1292 1037 1352 dicium
1060 1300 1118 1366 εει,
1142 1292 1295 1352 ἰεεεειιει·
1316 1310 1498 1371 pronomen,

200 1392 251 1454 ubi
273 1394 430 1472 genetibus
457 1392 553 1469 soluo,
584 1402 614 1453 ει
637 1396 721 1454 εείεε
743 1394 809 1454 εείε
837 1395 949 1454 cuium.
994 1392 1147 1453 inuenitur
1170 1395 1359 1455 aecusaliuns
1383 1402 1534 1456 tantumn

200 1496 307 1555 celeris
330 1492 549 1563 deficientibus,
577 1503 609 1554 ει
631 1502 676 1554 εει
704 1512 807 1555 eccum
837 1512 936 1556 eccam
965 1492 1069 1565 ellum,
1099 1512 1154 1555 nec
1177 1511 1336 1572 possumus
1358 1497 1500 1557 inuenire

199 1594 272 1655 alios
294 1602 345 1656 εει
368 1612 508 1673 umquam
531 1613 686 1674 possumus
708 1595 807 1657 dicere
830 1614 919 1657 eccos
942 1597 1003 1656 occi
1026 1613 1106 1657 ecco.
1143 1594 1287 1667 Quamuis
1310 1596 1393 1677 apud
1418 1608 1499 1659 εειε-

198 1715 249 1758 ros
272 1696 344 1757 baec
366 1698 543 1776 pronomina
566 1694 710 1758 declinato
726 1698 929 1767 inueniuntur,
946 1696 1003 1760 boe
1019 1704 1065 1758 εει
1078 1699 1165 1759 εείεε
1179 1696 1227 1758 uel
1243 1698 1311 1758 cuia
1327 1706 1381 1760 εει
1397 1700 1498 1760 eninm

199 1798 295 1859 tribus
317 1798 449 1867 casibus,
474 1794 548 1857 ellus
570 1795 618 1857 uel
641 1797 697 1858 ella
720 1806 770 1860 εει
792 1795 880 1859 ellum
902 1805 979 1859 lelna
1002 1796 1132 1868 casibus,
1156 1799 1199 1860 sic
1221 1799 1311 1860 eliam
1335 1818 1428 1861 eecus
1451 1809 1500 1862 εει

200 1918 269 1960 ecca
293 1903 358 1961 siue
381 1916 484 1960 eccum
508 1906 597 1978 penta
621 1897 736 1960 casibus
759 1899 884 1980 Ιἐειειέε
911 1897 1114 1970 declinabant,
1132 1897 1144 1981 ΙΙ
1160 1901 1180 1961 1.
1199 1897 1307 1983 117·ss
1330 1901 1385 1962 sed
1410 1902 1533 1964 moclon

199 2002 288 2063 unius
311 2020 397 2063 casus
420 2008 465 2062 εει
485 2019 661 2080 pronomen.

269 2240 282 2286 1
301 2238 448 2303 genetiuum
516 2239 532 2287 2
551 2237 618 2287 lllins
636 2234 686 2304 εει]
709 2239 836 2289 Lacunam
852 2240 891 2289 eie
905 2238 964 2302 fere
986 2241 1107 2304 explear:
1130 2237 1183 2289 tale
1199 2249 1238 2289 εει
1255 2254 1286 2288 ao
1303 2240 1328 2289 si
1345 2240 1448 2303 dicam,
1465 2241 1500 2305 ef.

199 2320 253 2371 aeq.
324 2303 453 2372 ionium]
473 2307 547 2354 cuins
598 2306 658 2355 lin
677 2302 797 2372 Virgilio]
816 2306 872 2356 Ecl.
890 2306 976 2357 1111
1036 2307 1190 2357 idamueto
1240 2308 1321 2357 (iore
1373 2310 1499 2371 quoniam

201 2372 315 2437 regulus,
333 2388 402 2422 corr.
415 2373 459 2423 -lio
511 2376 705 2423 iterminatum
773 2375 941 2439 Spartieipia
977 2385 1053 2441 putas
1121 2377 1231 2425 9eoeus
1301 2376 1336 2425 10
1353 2374 1498 2443 inuenitur]

200 2441 235 2502 es.
253 2440 342 2504 Pomp.
361 2442 421 2503 210,
441 2443 476 2491 30
546 2442 574 2491 11
593 2440 763 2490 ‹lillcientibns
832 2443 962 2506 possimos
1033 2444 1064 2492 12
1076 2453 1121 2492 εει
1138 2456 1259 2505 umquem
1276 2442 1440 2511 poscumus]
1458 2460 1501 2495 εει

200 2508 262 2571 qnid
279 2522 387 2573 possum
405 2509 461 2557 eod.
481 2509 602 2570 numquid
623 2523 761 2573 possumus
779 2509 914 2573 Pompeiae
932 2509 1013 2559 Keilii
1067 2510 1151 2559 eceine
1168 2510 1209 2560 uel
1227 2524 1302 2559 eccur
1376 2514 1411 2563 1³
1429 2515 1501 2563 inue-

200 2577 295 2625 ni¹¹⁰lur
398 2577 430 2626 14
447 2590 531 2624 eccum
619 2579 651 2627 lb
669 2577 724 2625 siue
741 2575 817 2624 ellum
904 2578 936 2626 16
954 2578 1030 2627 nnius
1049 2575 1139 2642 oasim]
1159 2578 1184 2626 in
1204 2593 1234 2627 εε
1252 2592 1333 2626 nnum
1352 2590 1427 2630 εεει.
1462 2580 1501 2631 De

197 2645 333 2709 postremis
349 2643 384 2705 cf.
405 2644 536 2707 Virpilium
555 2645 675 2693 Aelanum
689 2660 716 2708 p.
737 2646 788 2694 138
805 2643 873 2694 Mai.
