3420 5378
216 287 278 352 124
736 284 803 336 aus
821 283 1000 337 auoumm

301 477 373 538 ltem
402 478 433 536 in
462 477 503 536 im
533 492 624 535 unum
647 480 784 534 neutrum
808 472 963 552 proprium
988 488 1095 532 nomen
1119 472 1177 531 uici
1199 472 1362 539 inuenitur,
1386 477 1421 530 ut
1442 470 1518 532 Cim.

298 579 378 639 llaec
399 584 496 638 autem
521 578 656 645 nomina,
681 593 756 654 quae
780 574 907 634 diximus
928 571 1165 643 indeclinabilia,
1194 580 1228 633 ut
1256 572 1333 650 frugi
1363 572 1452 634 nihili
1474 572 1520 633 ias

213 680 296 742 nelas
318 698 413 759 nugas
435 695 562 756 nequam
586 675 691 739 Suthul
714 674 826 738 Muthul
851 675 954 754 Bogud
976 674 1100 753 Pudpud
1125 674 1219 753 Nepet
1242 682 1272 734 et
1294 676 1353 751 git,
1382 675 1448 735 sine
1472 692 1517 743 ea,

213 800 288 863 quae
312 780 474 843 secundum
498 778 630 858 regulam
656 780 825 845 nominum,
849 785 881 837 ut
903 776 981 837 aliud
1005 775 1074 855 quid
1098 774 1208 855 aliquid
1230 775 1327 855 siquid
1351 775 1465 856 nequid
1489 786 1519 835 et

213 882 268 944 alia
291 882 397 943 similia
422 882 539 942 nomina
562 879 693 950 mobilia,
719 880 839 956 etquis
862 897 938 939 unus
961 877 1039 938 ullus
1061 884 1090 938 et
1113 884 1221 965 cetera,
1246 893 1323 953 qnae
1345 876 1541 939 secunduma

212 983 437 1046 similitudinem
459 984 670 1062 pronominum
693 980 891 1049 declinantur,
915 987 960 1039 set
982 988 1080 1040 tamen
1103 979 1221 1038 nomina
1244 985 1323 1047 sunt,
1348 979 1420 1041 ideo
1435 978 1516 1041 etad

213 1088 331 1146 tertiam
356 1083 582 1145 declinationem
604 1087 757 1160 pertinere
785 1081 933 1150 dicuntur,
965 1083 1032 1161 quia
1056 1081 1152 1140 omnia
1177 1079 1312 1149 nomina,
1342 1082 1410 1142 sine
1431 1080 1516 1141 inde·

214 1185 379 1257 clinabilia,
414 1187 478 1247 siue
509 1203 584 1266 quae
618 1183 779 1246 secundum
813 1182 977 1260 analogiam
1006 1190 1037 1243 et
1064 1184 1196 1262 regulam
1227 1203 1287 1245 non
1315 1181 1515 1250 declinantur,

137 1278 141 1287 ’
215 1290 320 1349 tertiae
343 1286 549 1348 declinationis
571 1295 653 1360 sunt,
684 1287 760 1347 sicut
784 1293 813 1345 et
835 1286 864 1345 in
889 1283 982 1345 uerbo
1011 1287 1107 1345 omnia
1138 1285 1272 1347 anomala
1295 1284 1343 1345 uel
1367 1283 1516 1345 delectina

214 1388 323 1457 uerba,
347 1407 423 1471 quae
447 1388 557 1450 nullius
580 1389 795 1467 coniugationis
817 1395 900 1456 sunt,
934 1388 1036 1447 tertiae
1059 1388 1278 1467 coniugationis
1299 1387 1387 1447 flunt„
1431 1385 1516 1446 Scire
1528 1402 1549 1441 n

214 1499 312 1552 antem
337 1489 496 1559 debemus,
526 1491 647 1551 nomina
671 1489 838 1549 corttmunia
861 1488 987 1549 duorum
1013 1487 1058 1549 nel
1082 1491 1174 1550 trium
1196 1506 1340 1565 generum
1364 1490 1397 1548 in
1420 1488 1517 1549 nomi-

216 1591 303 1653 nibus
331 1593 436 1652 tertiae
465 1589 675 1650 declinationis
703 1592 830 1653 maxime
858 1591 987 1650 inueniri
1015 1591 1044 1650 in
1068 1589 1168 1652 multis
1190 1584 1516 1672 termilll.109'}lna·

214 1693 358 1763 tionibus;
383 1690 506 1753 mobilia
530 1709 602 1752 uero
625 1692 744 1752 nomina
767 1693 875 1752 tertiae
898 1689 1102 1752 declinationis
1124 1693 1154 1753 in
1178 1693 1278 1772 paucis
1294 1691 1515 1752 terminationi-

214 1795 270 1855 bus
291 1796 495 1862 inueniuntur,
519 1794 596 1855 sicut
618 1794 648 1853 in
672 1793 731 1861 bis,
755 1811 831 1872 quae
853 1797 883 1854 in
906 1810 941 1853 er
962 1795 1176 1863 terminantur,
1200 1801 1233 1855 ut
1253 1792 1303 1853 hic
1325 1791 1465 1854 siluester
1487 1800 1516 1853 et

214 1896 288 1957 baec
311 1895 457 1957 siluestris
480 1903 509 1954 ct
531 1894 589 1954 hoc
611 1894 764 1962 siluestre;
795 1895 865 1953 item
895 1893 943 1954 ltic
971 1904 1137 1974 campester
1160 1896 1234 1956 ltaec
1257 1896 1436 1974 campestris
1459 1893 1549 1955 bocia

213 2005 394 2078 campestre:
424 2005 453 2057 et
475 1997 505 2056 in
529 1995 574 2054 bis
602 1994 788 2063 nominibus,
817 2015 892 2075 qttae
920 1997 950 2055 in
979 1999 1005 2057 is
1033 1999 1271 2058 terminationem
1302 1996 1514 2064 terminantur,

214 2109 245 2160 ut
267 2099 316 2159 bio
339 2098 464 2159 ethaeo
491 2095 636 2158 mirabilis
658 2103 687 2156 et
710 2097 765 2157 boc
795 2095 946 2165 mirabile,
976 2097 1023 2160 bic
1053 2106 1082 2159 et
1110 2099 1185 2160 baec
1212 2096 1371 2159 laudabilis
1401 2106 1431 2159 et
1460 2096 1517 2157 boc

213 2200 376 2270 laudabile,
400 2199 448 2260 bic
470 2208 500 2259 et
521 2198 595 2260 baec
617 2199 718 2259 suauis
739 2207 770 2260 et
791 2198 848 2259 boc
870 2217 962 2259 suaue
986 2209 1014 2260 et
1037 2208 1136 2261 cetera
1158 2198 1249 2262 multa
1272 2207 1352 2260 sunt.
1374 2232 1420 2242 —
1441 2197 1514 2259 ltem

214 2303 349 2370 nomina,
373 2318 448 2378 quae
472 2318 527 2361 uec
549 2301 578 2359 in
602 2307 696 2360 totum
718 2300 773 2360 lira
798 2318 852 2360 nec
874 2302 905 2360 in
928 2309 1021 2361 totum
1046 2300 1164 2363 mobilia
1181 2308 1265 2377 sunt,
1289 2308 1393 2361 utrex
1409 2301 1512 2379 regina

213 2403 260 2464 leo
289 2403 392 2463 leaena
421 2400 488 2463 leno
516 2400 581 2462 lena
611 2401 700 2464 draco
729 2400 872 2463 dracaena
896 2420 990 2482 caupo
1013 2421 1156 2483 caupona.
1201 2403 1232 2465 ln
1256 2401 1389 2463 secunda
1412 2405 1548 2463 antemio

213 2504 410 2564 declinatione
439 2502 530 2565 multa
557 2503 677 2564 nomina
704 2503 823 2564 mobilia
847 2507 1041 2566 inueniuntur
1063 2508 1093 2567 in
1117 2506 1172 2565 tria
1194 2522 1302 2583 genera
1326 2505 1358 2565 in
1382 2503 1431 2565 bis
1454 2511 1515 2565 ter·

213 2604 440 2674 minationibus,
464 2606 495 2666 in
519 2623 551 2666 er
573 2606 602 2665 in
620 2624 655 2665 ur
670 2605 700 2665 in
717 2623 753 2665 ns
767 2606 798 2664 in
814 2623 877 2676 eus,
902 2605 1106 2667 desinentibus
1129 2605 1315 2673 nominibus;
1339 2608 1515 2667 communia

213 2716 310 2768 autem
340 2725 447 2786 pauca,
478 2714 509 2767 ut
537 2725 632 2784 penus
655 2716 684 2768 et
706 2725 822 2786 specus.
866 2708 903 2768 Et
924 2715 993 2768 sunt
1015 2709 1148 2781 nomina,
1177 2725 1255 2787 quae
1284 2724 1340 2767 nec
1365 2710 1513 2769 intutum

212 2811 268 2870 lixa
291 2827 347 2870 nec
369 2810 399 2869 in
422 2815 515 2869 totum
539 2806 677 2879 mobilia,
702 2817 734 2868 ut
756 2807 850 2886 gallus
872 2807 980 2887 gallina
1004 2808 1081 2869 iilius
1104 2808 1160 2869 filia
1186 2811 1232 2870 uir
1254 2809 1318 2869 niro
1340 2817 1514 2872 natusuata

212 2910 285 2970 deus
313 2909 366 2970 dea
397 2929 489 2989 equus
517 2927 591 2986 equa
621 2909 717 2971 mulus
746 2909 825 2969 mula
855 2930 942 2972 ursus
970 2929 1036 2971 ursa
1066 2909 1194 2972 famulus
1222 2909 1342 2972 lamala.
1366 2943 1412 2958 -
1438 2911 1546 2973 tuma

212 3013 303 3078 scias,
334 3013 450 3071 nontiua
480 3012 585 3071 tertiae
612 3010 817 3072 declinationis
839 3031 873 3072 ex
898 3031 929 3071 se
952 3012 1091 3072 aduerbia
1121 3013 1247 3072 maxime
1276 3014 1512 3083 interlucere,

212 3131 288 3192 qnae
311 3112 451 3173 aduerbia
474 3112 641 3173 dirittantur
664 3130 680 3172 a
702 3113 801 3174 datiuo
824 3113 979 3191 singulari,
1010 3123 1041 3173 ut
1063 3122 1108 3173 est
1130 3112 1199 3173 ielix
1222 3110 1316 3172 felicis
1343 3113 1426 3176 ielici
1449 3113 1512 3175 leli·

213 3215 296 3283 citer,
320 3215 391 3274 item
415 3215 563 3275 constanti
592 3222 762 3274 constanter
791 3215 859 3275 lorti
888 3216 1006 3277 lorbter
1028 3215 1147 3295 procaci
1169 3216 1336 3293 procaciter
1358 3225 1392 3276 et
1414 3223 1512 3277 cetera

211 3314 452 3377 innumerabilia.
497 3315 649 3395 Excipitur
677 3317 787 3382 omnis,
818 3316 894 3395 quod
924 3317 1097 3378 aduerbium
1127 3317 1239 3377 nonin
1262 3334 1296 3376 er
1324 3318 1432 3387 mittit,
1459 3316 1510 3379 sed

212 3421 242 3478 in
266 3438 297 3487 o;
323 3418 393 3478 lacit
416 3418 493 3477 enim
517 3419 655 3486 omnino,
680 3435 739 3477 non
762 3419 898 3478 omnitor.
1521 3435 1544 3476 oo

296 3555 425 3626 Quartae
448 3552 653 3613 declinationis
676 3571 752 3630 quae
776 3562 820 3613 est
842 3555 970 3630 agnitio?
1014 3555 1094 3613 llaec
1117 3561 1175 3614 est:
1199 3555 1284 3615 cuius
1307 3557 1511 3617 nominatione

212 3654 370 3732 singularis
392 3654 466 3714 duas
490 3657 713 3716 terminationes
737 3653 839 3724 babet,
870 3655 925 3715 boc
949 3665 993 3716 est
1015 3675 1050 3716 us
1073 3663 1102 3715 et
1125 3674 1153 3715 u.
1199 3654 1231 3715 ln
1255 3673 1288 3715 us
1311 3654 1437 3718 breuem
1460 3656 1511 3718 de·

212 3760 283 3818 sinit
306 3756 514 3825 commanens,
539 3764 571 3815 ut
593 3757 699 3816 lluctus
722 3774 830 3817 currus
852 3766 954 3835 portus
978 3776 1096 3824 manus;
1121 3759 1275 3834 genetiuus
1298 3764 1399 3820 antem
1422 3776 1510 3836 quar·

213 3867 259 3919 tae
282 3857 488 3918 declinationis
511 3859 540 3918 in
564 3876 598 3918 us
619 3859 795 3938 productam
818 3861 1002 3927 terminatur,
1028 3870 1059 3919 ut
1080 3858 1169 3919 buius
1191 3860 1313 3926 ibertus:
1338 3859 1459 3938 datiuns
1480 3863 1510 3921 iu

213 3962 257 4028 tri,
282 3967 314 4019 ut
335 3958 405 4019 hnic
427 3958 545 4028 lluctui;
575 3961 760 4022 accusatiuus
788 3962 817 4020 in
848 3978 896 4020 um
921 3969 966 4021 est
989 3969 1172 4039 correptam,
1204 3971 1236 4022 ut
1263 3960 1344 4022 bunc
1371 3961 1543 4034 fluctum

212 4062 368 4122 uocatieus
396 4062 426 4121 in
454 4080 488 4122 us
517 4060 656 4130 breuem,
691 4064 770 4122 siout
798 4073 826 4122 et
854 4063 1067 4130 nominatiuns.
1099 4070 1131 4123 ut
1158 4081 1176 4121 o
1204 4062 1326 4132 ductus;
1361 4063 1510 4128 ablatluns

211 4159 369 4239 singularis
391 4163 420 4220 in
444 4181 463 4222 u
487 4160 603 4239 longam
628 4165 811 4232 terminatur,
841 4171 873 4222 ut
896 4162 932 4222 ab
956 4163 1012 4223 boc
1033 4165 1133 4225 lluctn.
1180 4165 1387 4226 Nominatiuus
1411 4177 1440 4229 et
1461 4185 1508 4229 ac·

211 4265 360 4325 cusatiuus
383 4271 412 4322 et
434 4265 587 4326 uocatiues
610 4262 733 4342 pluralis
755 4267 785 4326 in
810 4284 843 4326 us
865 4265 1041 4345 productam
1065 4265 1218 4336 desinunt,
1242 4277 1276 4328 ut
1297 4266 1328 4327 bi
1348 4261 1460 4331 lluctus
1482 4274 1511 4329 et

279 4489 292 4534 1
314 4479 452 4548 ursimus]
472 4484 505 4547 es.
525 4485 608 4536 Prisc.
626 4486 642 4534 I
659 4503 686 4549 p,
705 4488 765 4544 215,
784 4489 819 4535 13
888 4490 903 4538 3
923 4483 1017 4552 unges]
1037 4487 1070 4548 cf.
1089 4487 1174 4537 Prisc.
1192 4486 1209 4535 I
1226 4504 1254 4551 p.
1274 4490 1332 4549 155,
1351 4490 1399 4538 23.
1420 4492 1511 4551 2323

211 4553 375 4601 bituminata
393 4556 478 4601 sunt'
530 4554 755 4603 idcelinationem
776 4554 921 4604 redicuntnr
991 4559 1022 4604 14
1040 4570 1089 4617 que
1108 4557 1274 4604 terminantur
1349 4557 1381 4605 16
1401 4573 1469 4620 quan·
1487 4560 1511 4607 in

210 4620 250 4670 bis
323 4621 353 4669 tt
371 4632 396 4669 et
414 4620 474 4669 ltacc
492 4621 606 4669 mirabile
658 4621 789 4672 {audebitis
852 4622 885 4672 20
903 4624 941 4672 leo
961 4623 1017 4672 lena
1069 4625 1179 4672 dracena
1230 4638 1333 4688 ranpun
1351 4625 1378 4673 in
1398 4626 1512 4677 secund·

211 4689 359 4738 atinum
428 4690 460 4738 25
478 4704 560 4753 aquus
578 4704 645 4754 aqua
714 4691 746 4738 26
765 4691 887 4740 aduerbio
948 4691 1096 4740 interlucere
1180 4693 1213 4741 21
1232 4707 1246 4739 a
1264 4690 1363 4756 detine]
1382 4694 1513 4745 ablaticus

278 4756 344 4804 l'elici
362 4754 429 4804 lelici
446 4755 553 4805 feliciter
620 4759 653 4807 29
672 4758 740 4805 oriani
809 4760 841 4808 31
860 4771 949 4819 quarte
1000 4759 1048 4807 lroo
1066 4768 1105 4808 est
1173 4761 1205 4809 33
1222 4769 1310 4822 quarte
