3420 5378
303 282 305 287 ¹
324 328 481 375 ccxxvm
613 315 662 364 nu
681 313 834 365 rvumuo
852 314 1048 364 'ronnrnuo
1068 313 1311 365 onnumnrroo

408 589 489 647 ‘Aut’
505 594 550 648 est
565 590 735 648 coniunctio
751 597 802 648 out
817 586 1002 649 uduorbium.
1048 585 1172 657 Quando
1194 605 1248 666 pro
1265 587 1348 647 ‘non'
1365 586 1455 647 inerit
1477 589 1619 666 positum,

322 681 360 737 ut¹
378 682 464 750 puto:

625 758 773 818 Coruus
796 758 886 819 drarrt
907 755 1041 837 procul
1064 755 1240 816 residens

323 842 399 903 idest
422 845 500 903 ‘non
523 844 638 918 longe,
669 845 726 903 erit
749 842 925 903 aduerbiurn
953 841 1079 917 negandi
1108 850 1137 901 et
1164 859 1231 901 cum
1259 841 1461 922 adspiratione
1483 843 1619 903 seriben-

322 928 402 988 dum.
452 926 576 998 Quando
605 928 707 988 dixero
735 929 798 999 ‘aut
820 946 874 1005 ogo
897 936 948 988 orit
977 931 1030 995 tu',
1061 928 1117 987 erit
1145 929 1315 988 coniunctio
1343 928 1536 988 disiunctinae
1566 941 1647 1006 pru-⁶

321 1015 435 1073 testatis
458 1021 489 1072 et
511 1014 574 1073 sine
597 1013 800 1092 adspiratione
816 1011 1018 1073 scribendum.
1064 1012 1128 1073 ‘Ve’
1152 1021 1198 1072 est
1219 1015 1400 1081 coniunctio,
1423 1021 1468 1074 est
1489 1030 1618 1092 praepo-

322 1101 401 1169 sitio,
426 1106 471 1158 ost
494 1107 524 1157 et
546 1099 722 1158 interiectio.
769 1097 941 1170 Quomodo?
979 1096 1103 1168 Quando
1126 1099 1217 1158 suerit
1238 1099 1471 1178 praepositiuum
1495 1108 1525 1161 et
1549 1116 1617 1159 eum

322 1184 522 1244 commotione
545 1184 634 1243 animi
658 1184 747 1244 iuerit
768 1184 891 1257 dietum,
913 1191 944 1243 ut
967 1189 1049 1261 puta:

625 1268 672 1328 Ve
695 1266 800 1336 mihi,
826 1276 945 1328 mater
967 1267 1056 1328 mea!

321 1356 380 1413 erit
400 1354 572 1415 interiectio
595 1352 732 1414 dolentis.
777 1353 900 1425 Quando
921 1350 1154 1421 subiunctiuum
1178 1361 1212 1413 ut
1233 1362 1317 1432 puto;

625 1438 774 1499 Sotisue
795 1447 918 1500 tectus
940 1437 1094 1516 hispida
1118 1446 1153 1497 et
1176 1437 1368 1516 lanugine,

323 1525 382 1583 erit
404 1525 585 1585 coniunctio.
631 1521 707 1583 ‘vet’
731 1542 850 1603 semper
873 1524 1042 1583 coniunctio
1064 1533 1118 1582 est.
1162 1521 1335 1593 Quomodo?

623 1608 661 1668 Si
684 1616 719 1669 tu
742 1626 812 1668 noo
835 1608 939 1668 uadis
962 1606 1055 1668 illue
1079 1605 1140 1668 uni
1163 1625 1229 1685 ego
1252 1607 1390 1669 uadam.

320 1692 389 1752 ‘Ne'
412 1711 530 1770 semper
553 1695 723 1753 coniunctio
746 1702 790 1753 est
812 1711 849 1753 an
873 1694 950 1753 non?
993 1692 1143 1753 Interdum
1172 1696 1360 1772 coniunctio,
1390 1692 1541 1753 interdum
1565 1695 1617 1755 ad·

320 1777 458 1838 uerbium
488 1787 542 1838 est.
587 1778 760 1848 Quomodo?
804 1778 927 1849 Quando
964 1779 1195 1858 praepositiuum
1230 1778 1333 1847 inerit,
1368 1786 1401 1838 ut
1432 1786 1515 1858 puta:
1552 1781 1656 1839 ‘neu

318 1863 439 1925 facias
463 1882 516 1923 om
527 1882 570 1924 no
588 1863 752 1932 maium',
776 1866 834 1924 erit
848 1862 1024 1924 aduerhium
1040 1861 1236 1940 prohibentis,
1252 1862 1372 1942 quando
1388 1862 1616 1925 subiunctiuum

318 1948 417 2018 inerit,
441 1957 473 2008 nt
495 1958 579 2028 puta:

470 2032 639 2094 Tantane
662 2050 727 2094 uos
750 2037 875 2094 tenuit
896 2035 1056 2112 generis
1078 2031 1228 2093 iiduoia'
1247 2034 1387 2093 uestri?

318 2126 347 2177 et
374 2121 498 2179 iterum:
530 2118 709 2180 ‘Putasne
734 2118 824 2179 bene
846 2119 1032 2180 irasceris
1056 2136 1169 2197 super
1191 2117 1365 2179 hederam
1388 2119 1533 2180 istami'
1556 2123 1618 2182 erit

318 2205 499 2264 coniunctio.
1628 2217 1654 2256 ευ

382 2374 530 2453 ‘Quoque'
553 2375 671 2454 quando
694 2393 803 2435 nornen
825 2374 1016 2435 subsecutum
1041 2374 1143 2443 iuerit,
1167 2383 1199 2435 ut
1221 2383 1289 2454 puta
1313 2375 1342 2433 ‘a
1365 2393 1513 2455 quoque
1536 2394 1614 2437 mu·

317 2458 449 2519 {ierem
473 2459 624 2527 tulisti’‚
655 2462 711 2519 erit
738 2477 918 2540 pronomem
948 2459 1065 2539 quando
1094 2458 1220 2520 uerbum
1244 2462 1414 2539 imperotiui
1439 2460 1520 2521 modi
1543 2461 1616 2522 sub·

318 2552 452 2604 secutum
476 2544 581 2613 inerit.
606 2553 639 2605 ut
661 2554 743 2622 puta:

468 2629 520 2689 'iu
542 2648 689 2710 quoque
712 2630 769 2689 iau
792 2628 934 2690 simile:
958 2632 1012 2690 sio
1034 2648 1093 2689 ars
1116 2627 1312 2689 deluditur
1335 2638 1417 2690 arte
1514 2695 1517 2699 ,

430 2847 465 2880 Π)
481 2847 543 2886 ulte.

318 2847 428 2959 smmi
447 2849 580 2961 Iulianus
592 2922 624 2976 p.
644 2906 717 2963 103:
741 2908 794 2961 dut
816 2882 1046 2975 est'eoniunotim
1070 2914 1112 2961 est
1135 2906 1307 2962 minerbium:
1331 2906 1438 2979 quando
1459 2924 1614 2982 pronomen

317 2989 402 3045 fuerit
430 2990 597 3063 positiuurn,
627 3000 655 3046 ut
685 3000 748 3065 puto
773 2992 887 3047 'coruus
911 2991 979 3047 iuud
1003 2991 1098 3065 procui
1123 2992 1268 3063 residens’‚
1296 2991 1366 3047 idest
1389 3007 1443 3047 noo
1465 2992 1549 3067 longe
1571 3025 1614 3037 -

317 3074 498 3137 scribendum.
537 3074 572 3129 Ve
588 3083 629 3130 est
645 3078 817 3147 coniunctio,
839 3085 881 3130 est
904 3085 931 3130 et
953 3078 1135 3150 praepositio:
1159 3076 1267 3149 quaudo
1291 3076 1373 3131 iuerit
1394 3080 1613 3151 praepositiuum

317 3167 344 3214 et
366 3161 550 3216 commotione
573 3160 653 3215 animi
676 3160 792 3231 dietum,
820 3168 851 3215 ut
873 3170 953 3233 puto:
982 3162 1043 3215 ‘uae
1066 3160 1130 3216 nrihi
1155 3171 1240 3216 mater
1262 3161 1343 3231 med,
1371 3162 1423 3217 erit
1454 3162 1613 3220 interiectio

317 3243 451 3323 dolentis:
475 3245 582 3317 quando
605 3245 690 3300 suerit
712 3244 927 3316 subiunctiuum,
951 3255 981 3300 ut
1003 3255 1082 3318 putu:
1106 3247 1221 3301 ‘sotisue
1244 3253 1333 3300 tectus
1356 3246 1460 3321 hispida
1483 3256 1511 3303 et
1534 3247 1614 3304 lanu·

317 3326 393 3400 gine’
416 3329 469 3385 erit
492 3329 657 3385 coniunctio.
695 3328 740 3384 Vol
764 3345 871 3403 semper
892 3331 1048 3385 coniunctio
1072 3339 1121 3385 est.
1159 3329 1197 3385 Ne
1219 3329 1355 3386 interdum
1378 3333 1613 3403 coniunctium,

318 3413 452 3470 interdum
475 3414 642 3470 aduorbinm.
680 3412 791 3479 Quando
814 3416 1031 3489 praepositiuum
1050 3444 1084 3454 -
1102 3413 1196 3470 fidncia
1221 3415 1325 3471 uestri?
1362 3415 1419 3472 Erit
1441 3419 1610 3475 coniunctio.

320 3495 385 3555 ‘Neo
414 3498 513 3573 neque’
544 3515 652 3572 semper
678 3499 885 3556 coniunctiones
914 3509 986 3555 sunt.
1030 3496 1119 3565 Quare
1145 3500 1342 3556 disiunctiuae?
1385 3500 1450 3569 Quia
1480 3518 1565 3558 unum
1595 3519 1612 3559 e

318 3582 424 3640 duobus
447 3583 548 3656 oiiquid
571 3600 652 3657 agere
675 3584 833 3640 ostendunt.
878 3572 954 3640 ‘aut'
979 3585 1134 3658 quomodo?
1178 3586 1244 3641 ‘Aut
1266 3602 1318 3657 ego
1341 3595 1387 3640 aut
1409 3596 1438 3642 tu
1461 3603 1555 3643 eamus
1577 3588 1612 3644 ad

317 3668 428 3724 iorum!
465 3667 526 3723 ‘Ve'
551 3669 704 3742 quomodo?
741 3667 861 3726 ‘Setisue
886 3678 973 3725 tectus
997 3670 1100 3744 irispida
1124 3679 1151 3726 et
1174 3668 1326 3742 lanugine?
1363 3667 1435 3726 ‘Vei'
1453 3671 1612 3746 quomodo?

318 3752 371 3809 ‘Tu
394 3753 417 3810 si
439 3770 494 3809 non
516 3754 592 3809 uadis
615 3752 690 3826 illuc,
711 3755 755 3810 uel
778 3772 829 3827 ogo
854 3752 970 3810 uadum’
1015 3754 1076 3810 ‘Ne'
1100 3755 1254 3828 quomodo?
1299 3754 1429 3812 ‘Putasne
1451 3755 1520 3812 bene
1542 3758 1612 3814 irus·

318 3839 389 3893 ceris
412 3855 495 3912 super
517 3837 672 3893 irederami'

381 3922 419 3979 21
443 3921 576 3979 Iulianus
597 3941 626 3995 p.
655 3929 726 3979 104:
754 3923 867 3998 Quoque
896 3925 1004 3999 qnando
1034 3942 1131 3981 nornen
1161 3926 1336 3982 subsecutum
1359 3927 1460 3998 fuerit,
1491 3936 1522 3983 ut
1543 3938 1611 4003 puta

319 4006 345 4063 ‘a
368 4025 478 4081 quoque
502 4008 641 4064 mulierem
665 4007 765 4067 tulisti’
789 4012 840 4065 orit
863 4027 1029 4084 pronomen3
1056 4012 1163 4084 quando
1187 4011 1310 4079 uerbum,
1334 4021 1364 4067 ut
1387 4021 1452 4085 puta
1475 4009 1518 4068 ‘tu
1541 4030 1612 4088 quo·

247 4126 257 4142 .
318 4110 370 4167 que
393 4092 435 4148 fae
457 4092 593 4149 sirniiiter'
617 4096 668 4150 orit
690 4096 853 4151 coniunctio.
898 4095 984 4150 Porro
1007 4106 1049 4152 est
1071 4112 1185 4164 nomen3
1217 4096 1324 4168 quando
1347 4113 1399 4169 pro
1420 4096 1502 4170 longe
1526 4099 1613 4156 fuerit

317 4178 447 4251 positum,
470 4187 500 4234 ut
523 4187 588 4251 puta
612 4176 706 4253 ‘porro
732 4179 801 4234 uitro
825 4189 850 4236 te
873 4189 914 4235 est
937 4181 1059 4255 eagina,
1082 4183 1133 4236 orit
1156 4180 1312 4237 oriuerbiunr
1337 4181 1403 4245 iooi;
1427 4182 1536 4255 quondo
1558 4202 1611 4257 pro

317 4270 406 4319 autem
435 4272 482 4318 aut
511 4272 598 4319 tamen
623 4265 742 4337 positum
767 4264 861 4333 inerit,
892 4274 922 4320 nt
945 4275 1023 4339 puta:
1052 4262 1147 4339 ‘porro
1171 4276 1200 4322 tu
1224 4268 1341 4322 animum
1366 4275 1439 4322 tuam
1462 4267 1612 4345 iiirernsti',

318 4348 370 4403 erit
392 4349 558 4404 coniunctio.

317 4599 429 4633 comere
449 4597 604 4634 aennensis
623 4587 672 4636 207
691 4598 835 4638 inureret.

386 4670 521 4731 lquondu
541 4685 679 4733 pronomen
762 4677 789 4722 11
811 4668 922 4737 Seriane]
945 4674 1251 4725 l’rudentir'cotlr.163
1331 4677 1361 4725 18
1380 4674 1504 4743 Teutone]
1529 4680 1611 4747 γαρ.

242 4796 247 4803 Ι
316 4737 383 4866 ιιιῖιεῃηο.
399 4737 503 4854 duffio
561 4741 591 4788 19
610 4738 729 4804 potamio]
750 4756 788 4793 m.
814 4743 851 4790 lie
869 4743 915 4790 iror
933 4745 988 4792 Iuro
1006 4743 1040 4804 cs.
1059 4758 1140 4804 supro
1156 4743 1339 4806 puuxn'r’l
1358 4749 1389 4794 17
1457 4749 1488 4796 21
1509 4762 1525 4796 a
1543 4764 1610 4813 quo·
