3420 5378
539 285 579 337 ur
597 283 684 338 porr.
703 283 830 335 seusu
849 282 1028 338 unrosau.
1380 279 1444 346 239

148 473 301 552 quianon
324 479 485 533 mouentur
506 489 561 551 per
583 471 639 532 tria
661 488 786 549 genera,
810 471 934 531 necin
959 477 1074 530 totum
1098 469 1268 541 mobilia,
1293 471 1360 549 quia
1384 488 1444 530 non

149 580 231 634 recte
254 559 424 634 mouentur.
469 571 542 633 Nam
565 571 654 632 draco
676 571 789 632 ‘draca’
811 570 964 631 debuisset
985 571 1094 642 lacere,
1118 579 1148 631 et
1169 572 1240 632 iacit
1261 570 1442 633 ‘dracaena’.

147 672 185 735 m
208 673 319 734 dicitur
341 673 431 734 draco
454 666 521 733 ἀπὸ
542 679 606 732 τοῦ
627 669 809 752 δέρκεσθαι
832 674 851 732 i·
868 692 884 734 a
900 673 1017 744 uidere,
1040 673 1176 752 eoquod
1201 673 1309 733 ceteris
1332 673 1442 733 anima·

147 773 227 837 libus
248 775 363 836 acutius
384 773 492 835 uideat.
537 773 597 834 Leo
619 771 755 833 similiter
777 772 847 835 ‘lea’
861 773 899 834 de
914 775 1057 835 lerninino
1081 773 1234 835 debuisset
1255 772 1363 843 lacere,
1384 790 1443 833 non

120 874 288 937 s‘leaens’.
334 874 433 937 Gallus
455 873 562 953 fgalla’
585 873 735 935 debuisset
757 876 855 935 lacere
878 883 908 936 et
929 876 1000 935 lacit
1021 873 1163 953 ‘gallina’
1186 883 1310 955 propter
1332 874 1443 936 distan-

148 977 236 1039 tiam:
267 994 334 1038 nam
358 973 460 1037 Gallus
486 975 576 1036 borno
604 984 649 1036 est
677 975 713 1035 de
731 975 845 1046 Gallia,
874 976 955 1037 Galla
983 975 1091 1036 mulier
1118 976 1154 1036 de
1183 975 1275 1037 Gallia
1303 977 1442 1053 regione3

147 1077 241 1157 gallus
264 1095 337 1139 uero
359 1087 389 1137 et
410 1076 518 1155 gallina
541 1096 627 1138 auem
650 1079 804 1156 significat.
842 1076 904 1137 Rex
921 1096 1000 1139 -uero
1022 1077 1159 1139 similiter
1180 1078 1276 1153 ‘rega'
1291 1074 1445 1137 debuisset

146 1176 262 1248 iacere,
291 1196 352 1239 non
374 1180 526 1256 ‘regina’;
555 1179 621 1240 ideo
644 1197 700 1241 nec
722 1180 753 1239 in
776 1187 838 1240 toto
861 1186 930 1239 sunt
952 1180 1022 1248 lira,
1051 1179 1119 1259 quia
1143 1187 1311 1246 mouentur,
1334 1194 1390 1238 nec
1412 1179 1442 1236 in

147 1285 211 1340 toto
234 1277 369 1349 mobilia,
393 1282 461 1358 quia
484 1298 544 1340 uon
567 1290 649 1341 recte
672 1286 830 1341 mouentur
852 1276 865 1362 ll
885 1276 943 1341 161
962 1275 974 1361 ll
998 1280 1147 1340 Scutum
1169 1281 1190 1340 i·
1206 1296 1288 1341 arma
1305 1279 1440 1348 militum,
1454 1297 1531 1345 arc,s

108 1398 165 1440 roa
189 1398 249 1458 quo
278 1379 425 1442 diriuatur
453 1380 603 1443 ‘scutula’
628 1381 771 1460 quaedam
795 1381 975 1451 rotunditas,
999 1389 1030 1440 et
1051 1381 1229 1442 diminutius
1250 1379 1396 1441 ‘scutella’
1419 1383 1439 1440 i·

147 1500 218 1552 uas,
241 1501 300 1561 quo
316 1481 529 1543 manducamus
543 1481 573 1543 in
588 1482 685 1553 disco,
710 1492 739 1543 et
754 1481 892 1543 ‘scutula’
909 1483 1001 1544 uestis
1016 1482 1125 1543 dicitur
1147 1481 1274 1543 rotunda
1297 1481 1442 1543 rotundos

146 1581 276 1645 circulos
298 1582 426 1652 babens,
455 1602 531 1662 quae
559 1603 619 1645 non
647 1592 769 1646 seruant
796 1602 889 1662 genus
910 1583 1105 1664 primitiuum.
1149 1583 1354 1644 Pistrinum
1376 1583 1439 1643 olli-

145 1685 213 1747 cina
243 1686 405 1765 pistorum,
440 1684 567 1765 pistrilla
601 1684 649 1746 illa
682 1686 795 1747 domus.
846 1685 911 1747 Hoc
940 1686 1099 1764 pistrinum
1133 1685 1331 1761 primitiuum,
1366 1682 1440 1746 baec

145 1785 272 1865 pistrilla
300 1786 508 1848 diminutiuum
538 1794 593 1847 est.
637 1786 762 1848 ‘Pinso’
789 1788 815 1846 i·
844 1787 935 1855 lerio,
965 1785 1035 1847 inde
1063 1788 1192 1866 pistores
1220 1784 1376 1855 dicuntur,
1406 1803 1441 1845 eo

107 1905 134 1947 rs
147 1886 228 1965 quod
251 1878 371 1966 pinsant
393 1890 413 1948 i·
437 1889 554 1949 icriant.
577 1923 620 1931 -
642 1888 697 1949 liic
719 1896 748 1948 et
770 1887 843 1949 baec
865 1889 962 1962 canis,
986 1886 1056 1948 inde
1078 1884 1209 1948 canicula
1231 1904 1325 1966 parua
1348 1889 1442 1958 cauis,

147 1987 201 2050 sed
224 1991 347 2068 proprie
368 1987 525 2050 ‘canicula'
549 1989 656 2050 dicitur
678 1987 777 2057 stella,
806 1990 934 2068 quaein
958 2006 1060 2049 mense
1088 1987 1162 2049 lulio
1191 1997 1314 2068 apparet
1336 1991 1366 2049 in
1389 2007 1442 2048 ore

147 2090 232 2151 canis
259 2107 399 2168 magnum
427 2089 555 2152 calorem
584 2089 703 2152 iaciens.
736 2124 773 2134 -
803 2089 882 2151 Rana
911 2092 1170 2167 onomatopoeium
1200 2107 1308 2151 nomen
1338 2099 1382 2150 est
1411 2097 1442 2151 et

148 2189 222 2252 lacit
243 2190 451 2254 ‘ranunculus’
473 2191 629 2253 masculini
651 2192 778 2269 generis.
806 2225 840 2235 —
867 2191 920 2252 ilic
942 2193 1070 2271 Agrippa
1094 2199 1189 2253 estet
1211 2189 1440 2271 appellatiuurn:

148 2292 316 2372 ‘agrippas’
339 2293 478 2354 dicuntur
500 2292 559 2362 illi,
588 2293 639 2372 qui
662 2310 728 2352 cum
752 2293 842 2352 nirnio
870 2291 973 2353 dolore
1001 2301 1173 2369 nascuntur,
1196 2295 1273 2354 sicut
1295 2311 1439 2355 caesares.

106 2392 320 2455 sesecundum
348 2393 483 2455 ordinem
513 2391 657 2454 uocalium
686 2393 774 2455 modo
801 2393 903 2470 delinit
924 2411 1033 2471 genera
1056 2396 1219 2456 nominum.
1263 2394 1388 2455 Nomina
1410 2395 1440 2454 in

148 2496 309 2566 adesunt,
333 2494 544 2564 masculinum,
569 2502 601 2556 ut
616 2496 760 2574 Agrippa,
783 2496 973 2569 femininum,
999 2503 1030 2556 ut
1044 2495 1168 2565 biarcia,
1192 2503 1379 2564 neutrum,
1403 2502 1503 2557 111376,
1519 2506 1543 2544 ¹³

147 2604 326 2657 toreuma.
373 2591 509 2677 Topsv'oo
538 2597 651 2658 Graece
678 2604 781 2666 torno,
815 2596 885 2658 inde
914 2605 1046 2658 toreuma
1077 2596 1185 2658 dicitur
1213 2605 1365 2657 tornatura
1393 2593 1442 2656 uel

147 2695 263 2759 balteus
289 2696 427 2778 puerilis,
456 2698 519 2758 siue
541 2698 586 2768 id,
616 2698 695 2776 quod
718 2698 822 2759 eicitur
844 2697 881 2758 de
903 2705 1071 2767 tornatura,
1101 2698 1148 2759 uel
1171 2696 1282 2768 bullae,
1312 2698 1440 2777 quaein

147 2796 300 2861 stillicidio
326 2806 471 2879 apparent
497 2797 618 2877 pluuiali
646 2807 796 2879 tempore,
830 2799 866 2859 ad
900 2816 1027 2877 quorum
1060 2798 1285 2861 similitudinem
1320 2797 1441 2860 calceoli

105 2898 258 2961 saliebant
286 2899 429 2961 nobilium
457 2918 637 2981 puerorum,
669 2917 723 2980 per
745 2899 822 2980 quod
852 2899 1078 2978 designabatur,
1106 2900 1199 2980 quod,
1228 2899 1367 2977 quamdiu
1394 2899 1442 2959 bis

147 3000 317 3070 utebantur,
345 3000 468 3062 alterius
496 3002 621 3062 consilio
648 3000 833 3080 indigebant.
882 3000 956 3061 Nam
983 2999 1093 3082 βουλή
1125 3001 1238 3089 Graece
1272 2999 1440 3066 consilium,

146 3102 218 3165 inde
244 3098 430 3183 βουλευτής
458 3103 656 3164 consiliarius.
695 3101 787 3163 Aliter
809 3101 888 3163 bami
910 3101 1068 3164 loricarum
1092 3104 1130 3162 ita
1154 3111 1308 3164 uocantur.
1353 3103 1440 3165 Com·
1499 3091 1502 3095 ⁵

146 3221 238 3265 mune
260 3222 353 3282 genus
375 3206 406 3264 in
428 3223 460 3274 a,
490 3212 521 3265 ut
543 3204 600 3265 boc
622 3211 652 3264 ct
674 3203 746 3265 lraec
768 3202 892 3264 aduena.
936 3203 1056 3265 Aduena
1085 3203 1194 3265 dicitur
1215 3206 1300 3284 quasi
1322 3203 1441 3265 aliunde

145 3304 321 3372 adueniens.
366 3304 545 3385 Epicoenon
570 3314 602 3366 ut
625 3305 732 3386 aquila.
755 3303 982 3383 -Euterpe
1012 3323 1068 3366 una
1092 3313 1137 3366 est
1159 3324 1195 3365 ex
1218 3324 1326 3366 nouem
1349 3304 1502 3367 trusisou.
1518 3316 1541 3354 1⁴

105 3426 133 3467 so
147 3414 179 3467 et
200 3408 414 3487 iuterpretatur
436 3405 513 3467 bene
536 3406 696 3467 delectans.
740 3405 866 3467 Sedile
888 3407 998 3468 dicitur
1014 3426 1030 3466 a
1045 3406 1186 3467 sedendo.
1223 3405 1331 3466 Monile
1353 3423 1440 3467 orna·

146 3518 280 3569 mentum
307 3507 453 3569 muliebre
481 3517 527 3569 est
553 3527 570 3569 a
597 3507 674 3570 collo
702 3525 796 3586 usquc
824 3507 860 3568 ad
889 3516 994 3587 pectus
1029 3508 1202 3588 dependens
1230 3519 1260 3568 et
1287 3506 1396 3569 dicitur
1422 3525 1438 3568 a

146 3608 313 3679 monendo,
342 3595 482 3687 eoquod
507 3619 626 3671 moneat
643 3617 784 3670 ‘mentem
815 3609 948 3670 mulieris
975 3609 1124 3671 subditam
1153 3628 1217 3670 esse
1240 3608 1351 3669 debere
1373 3609 1439 3669 uiro

145 3727 213 3770 suo.
258 3709 322 3771 Duo
349 3727 458 3788 genera
488 3717 600 3770 tantum
628 3712 659 3771 in
687 3710 879 3771 edesinunt:
914 3711 1105 3781 femininum,
1139 3711 1258 3791 quando
1293 3709 1439 3771 Graecum

145 3811 251 3879 luerit,
282 3820 315 3872 ut
337 3810 482 3890 Euterpe;
513 3819 667 3881 neutrum,
691 3819 724 3872 ut
745 3811 847 3872 sedile.
893 3801 1054 3873 Sciendum
1077 3815 1183 3882 etiam,
1208 3813 1342 3887 nomina,
1365 3828 1440 3890 quae

213 4065 356 4113 Adraceos
424 4067 473 4116 3s
492 4077 553 4130 potu
571 4064 704 4115 dorcbeste
789 4063 893 4114 blesus
980 4067 1010 4114 11
1030 4065 1154 4114 rotundos
1173 4065 1281 4114 circulos
1300 4064 1396 4115 babens
1413 4068 1440 4115 in

144 4147 226 4196 mara.
298 4134 328 4181 12
346 4131 515 4198 primitiuum]
533 4149 665 4197 suprascr.
686 4133 703 4182 i.
722 4142 822 4182 scortum
875 4130 972 4180 otnero
1043 4136 1074 4183 13
1092 4132 1141 4181 lroc
1159 4135 1294 4197 pistrinam
1313 4159 1346 4168 —
1364 4134 1440 4183 dimi-

146 4200 264 4249 nutiuum
282 4210 321 4249 est
337 4202 364 4249 irs
381 4217 461 4266 rsarp.
558 4203 589 4252 ld
607 4202 632 4248 in
652 4216 696 4249 ore
713 4203 784 4250 carris
801 4216 882 4264 supra
900 4203 943 4252 lin.
980 4200 1048 4250 Ante
1066 4214 1128 4249 rana
1145 4202 1170 4249 in
1188 4202 1300 4265 marpios
1318 4201 1439 4251 babetur:

145 4276 232 4317 statua
249 4265 400 4316 diminutius
417 4267 576 4318 statunculus
598 4269 765 4317 masculinum
785 4269 801 4315 i.
822 4282 902 4332 parus
920 4277 1005 4317 statuo
1023 4267 1153 4330 (statura),
1188 4268 1279 4318 Statue
1296 4270 1438 4334 estimsgo

145 4334 253 4384 alicuius
272 4335 308 4384 rei
326 4350 358 4384 ex
377 4350 435 4386 aere
452 4335 492 4385 uel
510 4352 542 4386 ex
560 4335 672 4398 qualibet
690 4337 810 4397 materis;
833 4335 892 4385 inde
910 4336 1048 4385 ststrrur’rus
1067 4334 1153 4398 lusor,
1173 4337 1216 4398 qui
1235 4351 1290 4385 com
1309 4337 1440 4402 componit

144 4413 171 4453 et
186 4400 273 4453 lundit
288 4414 314 4451 et
330 4403 480 4453 statuarium
498 4403 580 4467 locus,
599 4405 640 4453 ubi
659 4404 730 4452 liunt.
801 4405 832 4453 l'l
852 4404 1062 4469 onomatopeion‚
1080 4419 1150 4455 corr.
1169 4405 1267 4468 -psium
1335 4406 1369 4454 20
1388 4401 1439 4464 No

144 4466 228 4538 mina]
247 4470 281 4519 In
298 4487 386 4536 usurp:
406 4473 490 4522 omnis
509 4487 603 4536 genera
679 4474 709 4521 21
729 4470 819 4523 martis
887 4473 920 4521 22
939 4482 1009 4521 toreo
1028 4486 1119 4536 graece
1187 4475 1220 4522 23
1237 4473 1294 4521 siue
1312 4473 1337 4520 id
1355 4496 1388 4504 —
1405 4472 1439 4520 st

144 4539 182 4587 ita
200 4551 324 4587 uocantur
341 4541 367 4589 in
385 4556 465 4603 murp.
545 4541 578 4590 21
596 4539 712 4589 boloutes
781 4538 1054 4589 albami.lorics....
1127 4540 1160 4589 28
1179 4540 1204 4587 in
1223 4556 1246 4603 a,
1264 4554 1397 4604 suprascr.
1415 4555 1437 4592 ε.

144 4606 241 4656 desiuit
309 4603 428 4674 Aduena]
448 4607 481 4657 In
499 4624 588 4672 marp:
606 4623 681 4671 grece
698 4607 835 4673 proselitus
850 4618 967 4655 uocatur:
986 4621 1049 4672 pros
1061 4605 1102 4666 ad,
1122 4606 1186 4655 elten
1207 4610 1303 4657 uenire.
1322 4605 1438 4671 epicboe-

145 4688 206 4732 nou,
224 4690 356 4740 suprascr.
374 4690 397 4728 s.
414 4677 440 4725 iu
458 4690 482 4734 s,
500 4675 534 4738 cs.
548 4676 613 4727 Dan.
629 4677 779 4739 p.376,12
797 4692 851 4725 cunr
869 4675 1034 4726 mactatione
1052 4674 1134 4724 Keilii
1200 4677 1231 4726 31
1251 4686 1290 4725 est
1306 4689 1438 4738 suprascr.

181 4753 207 4793 et
223 4742 314 4793 dicitur
331 4770 364 4780 -
382 4746 437 4795 uiro
456 4760 504 4794 suo
522 4746 548 4794 in
564 4760 644 4809 marp.
712 4746 745 4794 33
763 4758 865 4809 grecum
