3420 5378
658 314 870 366 BERNENSIS.
1343 311 1397 374 13]

107 501 195 564 faciei
224 511 253 563 et
280 502 348 562 huic
371 502 468 562 faciei.
514 501 706 561 bccttsatiuus
729 500 885 579 singularis
907 502 937 561 iu
962 519 1008 559 em
1031 511 1197 578 correptam
1221 499 1342 568 desinit,
1373 509 1405 558 ut

107 600 184 663 banc
206 601 326 671 faciem,
351 604 483 682 exceptis
506 600 717 682 monosyllabis
738 619 821 681 spem
844 620 907 662 rem
924 599 973 683 lif.
992 597 1067 661 112·
1084 600 1111 683 ll,
1135 620 1211 682 quae
1234 600 1402 680 producun-

107 711 166 763 tur.
210 701 363 764 Ablatiuus
384 703 543 781 singularis
565 722 581 763 e
604 703 749 782 producta
772 705 957 772 terminatur,
981 711 1014 762 ut
1036 701 1072 763 ab
1096 701 1152 763 lroc
1175 703 1266 771 facie,
1290 704 1402 780 geneti-

108 822 163 865 uus
184 802 308 883 pluralis
330 805 360 864 in
383 822 449 865 rum
472 813 642 884 correptam
666 806 790 881 desinit,
813 805 931 866 dutinus
953 813 983 865 et
1003 802 1149 864 ablatiuus
1164 801 1288 883 pluralis
1303 804 1333 862 in
1350 801 1405 862 bus

80 912 276 984 accrreptam
306 907 519 973 terminantur;
554 907 717 968 secuudum
746 906 824 967 hane
851 904 985 984 regulam
1014 906 1110 965 omnia
1139 907 1258 964 nemina
1286 905 1404 982 quintae

107 1005 315 1067 declinationis
342 1004 516 1067 declinanda
544 1015 628 1076 sunt,
658 1016 690 1068 ut
716 1007 790 1069 baec
818 1008 933 1087 species
961 1006 1049 1067 buius
1069 1007 1180 1084 speciei
1202 1006 1272 1066 lruic
1293 1006 1404 1083 speciei

108 1108 183 1168 banc
211 1108 342 1186 speciem
366 1127 384 1167 o
406 1110 521 1187 species
550 1108 587 1168 ab
615 1108 671 1169 bac
699 1110 798 1189 specie
827 1117 855 1169 et
883 1107 1039 1188 pluraliter
1071 1106 1126 1166 bae
1159 1106 1274 1185 species
1300 1105 1405 1165 harum

106 1210 275 1288 specierum
299 1210 345 1270 bis
367 1208 526 1289 speciebus
548 1210 600 1271 bas
623 1213 740 1290 species
762 1230 780 1270 o
802 1211 916 1289 speeies
939 1208 975 1269 ab
1002 1207 1048 1267 bis
1070 1206 1235 1287 speciebus.
1281 1205 1331 1266 Sic
1354 1206 1404 1266 de·

107 1308 245 1371 clinanda
267 1321 338 1371 sunt
360 1318 390 1370 et
412 1308 467 1369 alia
491 1314 610 1372 uomina
634 1313 775 1372 feminina
792 1314 911 1389 quintae
927 1308 1149 1377 declinationis,
1175 1316 1207 1369 ut
1225 1307 1299 1368 ltaec
1314 1309 1406 1369 facies

69 1432 97 1470 an
108 1409 217 1488 glacies
239 1413 397 1490 progenies
419 1413 544 1472 canities
561 1415 712 1491 pernicies
735 1414 832 1473 sanies
853 1411 954 1474 rabies
975 1409 1123 1488 ingluuies
1145 1411 1292 1472 caesaries
1313 1416 1405 1470 mate·

109 1513 169 1573 ries
197 1509 329 1573 luxuries
357 1513 515 1592 pauperies
549 1514 721 1592 superficies
755 1515 848 1574 series
881 1513 1023 1590 segnities
1051 1515 1129 1573 acies
1155 1513 1285 1589 requies.
1330 1511 1406 1570 Sunt

108 1622 207 1674 autem
230 1613 287 1674 alia
310 1616 430 1674 nemina
453 1614 595 1674 feminina
613 1616 733 1691 quintae
749 1611 966 1683 declinationis,
991 1631 1079 1692 quae,
1104 1621 1136 1673 ut
1156 1614 1196 1674 ait
1212 1611 1405 1691 Virgilius,

108 1712 220 1792 duplici
235 1713 432 1776 declinatione
447 1715 590 1793 gaudent,
608 1724 641 1775 ut
656 1715 728 1776 baec
745 1717 886 1776 materies
902 1715 1034 1775 materiei
1058 1715 1182 1797 et,ltaec
1197 1708 1320 1775 inateria
1343 1733 1404 1775 rna·

110 1817 211 1890 leriae,
225 1815 299 1877 baec
315 1817 476 1895 temperies
491 1817 646 1896 temperiei
662 1826 691 1876 et
707 1817 780 1878 baec
795 1817 939 1897 temperia
955 1819 1128 1895 temperiae,
1142 1815 1216 1877 baec
1229 1815 1362 1877 caluities
1375 1826 1404 1876 et

70 1914 184 1979 asbaee
205 1915 321 1977 caluitia
345 1928 373 1976 et
396 1917 452 1978 boe
474 1917 636 1978 cainitium.
681 1916 753 1977 ltetn
776 1917 849 1978 baec
871 1918 1012 1995 segnities
1028 1927 1056 1976 et
1078 1917 1152 1978 baec
1174 1919 1307 1996 segnitia,
1330 1916 1404 1977 ltaec

107 2016 235 2079 laetities
257 2027 286 2080 et
308 2017 382 2079 baec
405 2017 529 2088 laetitia,
554 2019 627 2080 baec
650 2021 770 2099 requies
792 2027 822 2079 et
843 2019 916 2080 baec
937 2019 1056 2098 requia,
1081 2017 1155 2079 lraec
1176 2018 1265 2079 facies
1287 2016 1405 2078 ethaeo

108 2119 193 2179 facia.
225 2118 283 2179 Sed
307 2120 353 2179 lais
375 2120 465 2180 multa
488 2120 627 2181 distantia
650 2128 709 2181 est:
733 2139 800 2182 nam
823 2122 964 2199 segnities
986 2139 1040 2200 per
1064 2120 1308 2182 cousuetudinem
1331 2118 1403 2179 dici·

109 2230 166 2289 tur,
191 2222 315 2298 segnitia
339 2230 438 2281 autem
462 2230 575 2282 tantum
598 2223 734 2301 lrigoris;
759 2226 830 2284 item
853 2223 980 2283 laetitias
996 2221 1086 2283 subiti
1104 2222 1239 2282 beneficii
1263 2229 1322 2289 est,
1347 2219 1405 2279 lae-

110 2322 171 2382 titia
196 2340 269 2382 uero
297 2321 459 2382 familiaris.
505 2324 577 2383 ltent
602 2325 720 2403 requies
743 2342 757 2383 a
782 2323 883 2384 labore
913 2324 1064 2401 refrigerii
1093 2332 1151 2397 est,
1181 2324 1284 2399 requia
1308 2329 1405 2383 autem

70 2424 269 2487 acotiositatis
292 2431 347 2484 est.
379 2423 450 2484 ltem
467 2425 556 2485 facies
579 2426 642 2504 ipsa
666 2427 839 2504 superficies
861 2433 905 2485 est
926 2423 1085 2494 naturalis,
1108 2425 1181 2484 facia
1206 2433 1303 2484 autem
1326 2425 1407 2485 simi·

111 2522 205 2585 litudo
227 2526 259 2585 in
281 2525 406 2603 pictura.

196 2625 301 2687 Omnia
325 2644 397 2705 erge
420 2630 539 2688 nomina
569 2629 689 2707 quintae
718 2627 923 2689 declinationis
944 2630 954 2688 i
976 2625 1186 2708 paenultimam
1209 2636 1278 2688 ante
1300 2646 1332 2686 es
1354 2624 1405 2686 lta·

110 2728 193 2800 beat,
207 2730 238 2789 iu
255 2727 349 2807 quibu
363 2726 518 2789 senmibus
540 2731 571 2789 in
594 2732 765 2809 genetiuee
786 2729 966 2809 paenultima
989 2728 1172 2808 producitur,
1196 2729 1330 2807 exceptis
1352 2729 1405 2788 tri-

110 2829 167 2891 bus
196 2827 382 2900 nominibus,
411 2849 487 2909 quae
518 2851 576 2892 non
606 2831 717 2893 babent
738 2834 748 2892 i
771 2840 838 2891 ante
861 2851 894 2891 cs
917 2833 947 2891 in
976 2831 1173 2898 nominatius,
1201 2838 1234 2890 ut
1261 2828 1334 2890 fides
1356 2846 1406 2888 res

70 2948 193 3012 asspes:
221 2939 379 3011 propterea
409 2932 439 2991 in
468 2931 515 2992 bis
543 2954 559 2993 e
587 2932 766 3013 paenultima
796 2933 927 3012 genetiui
961 2933 1129 3011 corripitur.
1174 2931 1210 2991 Et
1242 2930 1406 2992 seeundum

110 3040 229 3094 ueteres
250 3031 354 3113 plebes
376 3034 559 3094 nerninatiuo
575 3033 729 3095 dicebatur
752 3044 782 3096 et
804 3037 923 3114 quintae
939 3031 1146 3094 declinationis
1168 3041 1245 3100 crat:
1269 3031 1407 3093 dicebaut

111 3135 191 3195 enirn
220 3133 294 3195 baec
322 3133 425 3214 plebes
452 3135 566 3215 plebei:
595 3138 638 3196 sic
665 3138 757 3197 fames
784 3139 872 3197 famei
901 3135 1040 3197 dicebant
1062 3143 1090 3195 et
1111 3135 1192 3210 ideo,
1222 3133 1292 3195 lieet
1319 3134 1407 3195 modo

111 3236 217 3296 tertiae
239 3233 444 3297 declinationis
468 3239 507 3298 sit
528 3237 638 3309 fames,
662 3247 759 3299 maren
783 3236 928 3299 ablatiuus
943 3236 1102 3315 singularis
1118 3256 1134 3297 e
1150 3235 1248 3297 littera
1263 3235 1407 3316 producta

110 3338 288 3399 terminatur
311 3338 477 3399 secundnm
500 3339 633 3418 regulam
658 3349 686 3401 et
708 3339 931 3401 similitudinem
955 3341 1109 3401 nominum
1133 3340 1252 3418 quintae
1275 3337 1407 3398 deelina-

72 3440 218 3510 aotionis,
246 3457 322 3519 qnae
345 3458 361 3499 e
383 3438 481 3501 littera
502 3442 646 3521 producta
668 3441 875 3502 terminantur.
919 3442 989 3502 lnde
1012 3443 1043 3501 iu
1066 3439 1150 3501 libris
1172 3439 1311 3500 Felicis
1333 3439 1406 3516 legi·

112 3548 175 3601 tur:
204 3558 269 3600 ora
296 3538 393 3600 fame
422 3561 488 3602 nee
516 3542 660 3603 babens
687 3544 886 3623 quicquam
915 3560 984 3620 quo
1013 3541 1126 3602 rebus
1148 3543 1286 3620 egenis.
1333 3540 1405 3600 Cum

111 3643 210 3703 omnia
234 3643 353 3703 nomina
376 3645 480 3703 tertiae
504 3643 722 3718 declinationis,
747 3663 822 3723 quae
846 3663 862 3704 e
884 3644 980 3705 littera
1005 3645 1210 3712 terminantur,
1233 3641 1406 3703 ultimame

110 3743 239 3806 litteram
261 3745 438 3823 corripiant,
467 3747 565 3806 omnia
589 3764 660 3824 ergo
684 3748 803 3806 nomina
826 3749 857 3807 in
881 3765 913 3807 es
935 3745 1075 3825 syllabam
1101 3744 1282 3805 nominatiuo
1305 3743 1406 3820 singu-

111 3845 166 3906 lari
199 3845 363 3907 desinentia
398 3849 486 3908 trium
521 3846 750 3909 declinationum
779 3856 860 3917 suut,
893 3846 949 3907 ltoc
979 3858 1022 3909 est
1051 3850 1166 3927 primae
1195 3854 1224 3907 et
1251 3847 1357 3906 tertiae
1380 3853 1409 3904 et

72 3949 250 4027 asquinus:
280 3946 333 4009 sed
360 3946 409 4010 illa
438 3949 557 4009 nomina
581 3968 613 4009 es
635 3949 745 4030 syllaba
774 3950 932 4009 terminata
963 3957 1032 4008 tune
1060 3950 1174 4029 primae
1202 3946 1409 4008 declinationis

112 4117 340 4127 0-.—-—-—-

179 4231 365 4300 bsecnndum]
385 4236 431 4286 sed
499 4237 566 4287 8ab
584 4236 624 4286 hia
642 4237 742 4303 species
813 4238 845 4287 10
862 4237 971 4286 canicies
1040 4235 1169 4302 iuglugies
1247 4239 1277 4286 11
1295 4235 1408 4287 luxuries

146 4306 221 4355 siries
239 4305 356 4369 signities
427 4306 458 4354 12
476 4302 611 4370 Virgilius]
632 4307 668 4368 ef.
686 4306 721 4357 A.
739 4305 836 4355 Maiam
853 4306 930 4357 Aaet.
947 4308 1023 4357 class.
1045 4304 1104 4356 Vat.
1127 4304 1195 4356 Tem.
1212 4303 1237 4352 V
1252 4320 1280 4368 p.
1299 4307 1323 4354 9.
1342 4307 1407 4355 137:

112 4372 178 4422 Sunt
195 4383 220 4422 et
237 4371 369 4431 feminina,
387 4388 454 4434 quae
471 4373 566 4437 duplici
584 4372 756 4422 declinatione
773 4371 899 4437 gaudent,
927 4382 953 4421 ut
975 4374 1093 4423 materies
1116 4383 1141 4422 et
1162 4372 1282 4435 materia,
1306 4370 1408 4421 caluitia

113 4441 210 4490 doloris
227 4439 358 4490 'caluitium
377 4441 449 4499 artis,
468 4441 591 4505 segnities
611 4441 665 4489 uitii
683 4451 731 4502 est,
750 4441 861 4506 segnitia
879 4440 993 4506 frigoris,
1007 4440 1113 4490 laetitias
1132 4441 1209 4490 subiti
1228 4438 1342 4488 beneficii
1360 4448 1409 4496 est,

113 4508 208 4558 laetitia
224 4507 413 4566 familiaritatis,
433 4508 532 4571 requies
551 4508 675 4573 refrigerii
693 4523 709 4557 a
726 4508 813 4557 labere
831 4517 879 4572 est,
896 4510 985 4570 requia
1004 4509 1128 4558 otiositas.
1199 4510 1231 4557 14
1249 4506 1295 4555 lrec
1313 4518 1409 4570 tempe-

113 4577 196 4624 rantia
212 4578 394 4641 temperantiae
482 4575 693 4625 ruccolenum
762 4576 880 4641 signities
948 4578 1054 4640 signitia
1134 4577 1166 4626 16
1183 4575 1274 4624 letitiae
1326 4573 1408 4623 leticia

116 4645 145 4694 17
164 4643 225 4692 latia
276 4645 395 4709 signities
448 4646 480 4694 18
498 4634 603 4707 ligantia
654 4642 748 4693 leticies
802 4643 892 4693 benedi
938 4643 1017 4693 letitia
1070 4647 1100 4695 19
1118 4643 1233 4708 refrigeri
1252 4653 1291 4691 est
1308 4642 1408 4704 requies

112 4713 147 4762 20
165 4713 304 4761 uelocitatis
351 4712 432 4762 facias
501 4714 533 4760 22
551 4713 639 4774 quinta
690 4723 749 4760 atate
767 4728 797 4761 us
866 4713 899 4762 26
916 4711 1064 4762 dicebantur
1132 4714 1165 4763 28
1183 4709 1307 4775 singulari
1376 4712 1409 4759 30

114 4782 139 4828 iu
157 4780 227 4828 libris
246 4777 332 4844 illicis]
353 4782 431 4845 Apud
449 4779 605 4829 illectionum
620 4781 669 4830 iste
686 4783 756 4830 locas
773 4796 823 4830 noa
841 4787 922 4831 extat.
991 4784 1024 4831 33
1041 4782 1184 4846 corripiant
1245 4776 1376 4843 singulare

1167 4863 1202 4919 s·
