3420 5378
141 263 257 312 mm
551 247 601 297 nn
620 246 743 298 omnis
762 232 1035 319 annumeremus·

227 439 322 497 ludos
344 440 493 498 uerborum
515 439 579 496 alii
608 439 745 513 quinque,
774 438 838 496 aiil
866 447 988 513 septem,
1015 437 1177 496 nonnulii
1205 453 1322 507 nonem,
1351 435 1448 512 plures

142 526 236 583 &cem
252 542 313 583 esse
328 525 505 582 arbitrantur.
540 523 590 592 Qui
607 526 729 599 quinque
745 523 842 580 morlos
858 540 917 579 esse
940 531 1053 597 putant,
1076 525 1112 580 lta
1135 524 1243 580 dicunt:
1267 521 1447 588 indicatiuuru

143 612 335 684 imperatiuum
351 613 506 685 optatiunm
522 610 756 666 coniunctatiuum
772 608 944 664 inlinitlnum.
982 607 1034 676 Qui
1055 617 1176 683 septem,
1201 607 1401 683 inpersonalem
1417 617 1449 664 ct

143 695 256 766 gerendi
279 696 388 752 modurn
410 695 529 773 addunt;
553 695 599 768 qui
624 709 733 765 nouem,
755 695 951 768 promissinum
975 701 1002 749 et
1024 695 1214 751 concessinum
1238 694 1368 765 iungunt3
1398 693 1446 766 qui

143 780 254 853 decem,
283 779 519 854 pronuntiatinunr
549 779 778 853 super-inponunt.
830 777 881 833 Sed
911 794 1004 835 eorum
1032 779 1185 853 procacitas
1214 777 1364 851 respuenda
1393 786 1445 833 est.

78 890 81 896 ·
142 865 208 921 llam
230 865 360 939 quiequid
383 864 428 921 uel
451 862 618 920 nerbialibns
640 862 743 935 regulis
766 862 937 931 ostenditur,
965 879 1013 937 per
1036 873 1139 938 septem
1164 865 1258 919 modos
1280 878 1362 936 posse
1385 860 1444 917 lieri

142 949 354 1025 conprobamus.
400 949 578 1005 lndicatiuum
601 947 711 1015 modum
735 948 771 1005 ob
795 947 970 1005 bendictum
993 965 1055 1005 esse
1079 957 1221 1022 putamus,
1245 949 1371 1020 quoniam
1394 962 1446 1020 per

142 1051 204 1092 enm
227 1033 355 1090 indicium
379 1034 486 1107 agentls
509 1041 557 1088 aut
579 1032 708 1107 patientis
731 1031 844 1090 uerbiali
869 1031 1010 1102 (uerbialia
1032 1033 1108 1105 cod.)
1130 1031 1328 1107 significatione
1351 1038 1446 1087 osten·

142 1120 241 1175 dimus.
266 1119 344 1175 llnnc
359 1119 498 1193 quidam
514 1117 623 1172 niodum
640 1119 876 1192 pronuntiatinnm
892 1117 994 1186 dixere,
1010 1119 1082 1192 quod
1106 1135 1155 1193 per
1178 1118 1266 1173 uarias
1290 1126 1444 1190 temporum

143 1204 250 1278 speeies
272 1206 381 1278 agentis
403 1220 453 1260 seu
476 1202 606 1277 patientis
628 1200 752 1265 ellectum
775 1201 920 1272 signifieat.
963 1202 1054 1259 Dictus
1077 1205 1140 1258 item
1164 1203 1353 1275 imperaturus,
1369 1203 1445 1274 quod

145 1304 194 1363 per
223 1304 285 1344 enm
315 1287 434 1346 ollieium
463 1288 623 1362 imperantis
646 1287 673 1342 in
696 1287 833 1361 praesenti
863 1294 911 1342 ant
939 1286 965 1341 in
995 1287 1088 1344 tuturo
1112 1286 1267 1343 ostenditur
1289 1284 1338 1358 (cf.
1363 1285 1448 1342 Petri

143 1379 286 1445 excerpto
310 1390 341 1445 p.
368 1377 440 1438 too,
464 1372 500 1444 9).
545 1371 621 1428 llnne
644 1372 778 1445 quidam
804 1368 922 1447 (quidem
944 1370 1017 1442 eod.)
1039 1371 1202 1429 dominicum
1226 1369 1446 1446 appellauerunt,

144 1456 218 1532 quod
241 1458 383 1532 proprium
406 1457 579 1513 dominorum
603 1465 645 1512 est
668 1457 819 1531 imperare3
848 1464 876 1512 et
898 1457 941 1512 bic
963 1456 1060 1511 modus
1083 1458 1197 1531 primam
1221 1472 1365 1530 personam
1388 1472 1445 1511 non

143 1542 242 1614 babet,
272 1541 346 1616 qnod
374 1557 453 1598 nemo
481 1551 567 1597 semet
590 1541 679 1615 ipsum
703 1542 826 1615 imperat.
870 1540 948 1598 Slcnt
970 1541 1042 1597 enim
1064 1543 1091 1596 in
1114 1543 1275 1616 pronomine
1298 1541 1445 1596 uocatiuns

143 1627 261 1698 deiecit,
285 1629 322 1684 ita
345 1628 372 1682 in
397 1625 482 1682 uerbo
506 1625 664 1700 imperando
688 1625 774 1698 prima
797 1641 914 1700 persona
936 1625 1103 1699 abnegatum
1126 1642 1205 1682 nemo
1221 1627 1292 1681 enim
1308 1641 1337 1680 se
1353 1629 1444 1698 ipsum

143 1720 225 1768 uocat
246 1720 294 1768 aut
316 1711 367 1768 sibi
385 1711 444 1787 ipso
459 1712 583 1785 irnperat.
619 1710 763 1784 Optatiuus
778 1712 875 1766 modus
890 1710 1000 1780 dicitur,
1024 1712 1152 1784 quoniam
1175 1727 1225 1784 per
1247 1726 1307 1766 eum
1331 1709 1444 1784 optandi

146 1795 266 1853 oiiicinm
290 1795 489 1870 significamus,
512 1812 566 1851 non
589 1812 639 1868 pro
663 1811 707 1862 eo,
731 1794 804 1869 qnod
827 1796 948 1869 optantis
971 1794 1128 1851 aduerbium
1145 1795 1240 1864 babet,
1263 1794 1309 1850 sed
1326 1793 1399 1868 quod
1416 1794 1442 1849 in

143 1897 204 1936 sese
227 1880 338 1954 optandi
361 1880 588 1954 significationem
612 1887 713 1952 gestat.
745 1880 774 1935 ln
789 1878 843 1935 hoc
857 1879 938 1935 modo
958 1879 1064 1953 singula
1088 1880 1169 1936 uerba
1191 1878 1265 1935 binis
1289 1888 1442 1953 temporum

145 1964 390 2038 significationibus
414 1964 597 2021 ostenduntur
619 1963 707 2036 (binas
723 1972 743 2020 t.
759 1964 972 2037 significationes
995 1965 1149 2021 ostenditur
1162 1963 1244 2034 cod).
1281 1964 1443 2019 Coniuncta-

147 2052 232 2105 tinum
264 2050 372 2106 modurn
402 2048 434 2104 ab
457 2048 510 2104 boc
530 2048 632 2105 dictum
656 2064 717 2105 esse
740 2048 891 2118 credimus,
924 2050 1051 2122 quoniam
1074 2051 1096 2106 si
1119 2048 1256 2122 ailquibus
1279 2048 1366 2105 modis
1388 2065 1443 2104 non

143 2135 324 2205 adiungatur,
347 2133 421 2208 pleni
445 2131 599 2190 intellectus
622 2132 742 2190 cilicium
765 2134 792 2188 in
816 2148 845 2188 se
867 2149 921 2188 non
945 2133 1042 2204 babet,
1065 2143 1109 2202 ut,
1133 2149 1193 2190 cnm
1217 2134 1346 2189 dicimus:
1370 2132 1442 2189 ‘cum

144 2217 301 2275 inuocarer'
326 2217 399 2274 ‘cunr
423 2216 590 2289 clamarem,
612 2225 707 2292 aperte
728 2219 888 2292 conspicere
904 2218 1004 2293 possis,
1028 2219 1155 2291 qnoniam
1172 2220 1197 2273 in
1214 2235 1244 2274 se
1259 2219 1443 2292 integritatem

145 2318 242 2359 sensus
265 2302 439 2359 manifestare
463 2299 573 2376 nequit,
603 2304 654 2359 nisi
677 2301 728 2358 sibi
756 2302 888 2374 adiungas
916 2302 1108 2374 indicandum,
1140 2310 1169 2358 nt
1191 2304 1229 2359 ita
1251 2302 1338 2372 dicas:
1370 2302 1442 2359 ‘curn

144 2390 306 2460 innormen,
335 2385 450 2458 audiui'‚
479 2385 550 2443 ‘eum
574 2385 717 2444 clamarem
740 2387 772 2443 ad
795 2387 951 2457 dominum,
978 2387 1116 2443 exaudinit
1143 2387 1212 2444 me'.
1258 2387 1311 2443 Sed
1340 2396 1443 2458 errant,

145 2473 191 2546 qui
221 2472 292 2528 bunc
320 2470 428 2527 tnodnnr
457 2472 689 2529 coniunctatiuum
717 2470 819 2528 dietum
841 2488 903 2527 esse
930 2471 1088 2542 adfirmant,
1117 2472 1189 2548 quod
1218 2473 1395 2547 coniungitur
1417 2474 1442 2528 el

144 2554 276 2630 particula
301 2555 397 2613 ‘curn'.
442 2554 469 2611 Si
493 2557 563 2612 enim
586 2555 621 2613 ob
644 2556 715 2613 hanc
729 2557 862 2612 rationem
886 2556 1108 2614 coniunctatiuus
1136 2558 1287 2629 diceretur,
1316 2565 1343 2613 ct
1365 2566 1442 2632 opta·

145 2640 220 2697 tiuns
247 2641 467 2698 coniunctatiuus
497 2639 549 2699 dict
575 2634 751 2717 lli.122⁸ll
780 2641 887 2715 potnit,
917 2643 1044 2715 quoniam
1068 2644 1092 2698 ei
1116 2641 1253 2720 ‘utinam’
1283 2642 1441 2699 aduerbiunr

145 2728 265 2800 optantis
288 2725 464 2801 coniungitur
487 2724 538 2798 (cs.
560 2725 644 2782 Petri
662 2733 805 2798 excerpto
823 2742 855 2798 p.
882 2730 948 2799 166,
975 2726 1112 2798 14-20).
1157 2726 1225 2783 Sunt
1250 2727 1349 2800 uerba,
1372 2743 1443 2802 qnae

145 2809 299 2886 ‘tipicIalia'
324 2812 462 2883 dicuntur,
485 2811 557 2869 idest
578 2810 780 2884 similitudinis,
804 2813 932 2887 quonlam
955 2811 1162 2870 similitudinem
1185 2812 1391 2888 participiorum
1416 2812 1441 2866 in

144 2912 174 2951 se
197 2897 362 2969 ostendunt,
389 2912 450 2953 crim
479 2898 535 2952 slnt
562 2896 645 2953 uerba
669 2906 697 2954 et
718 2912 772 2954 non
801 2898 953 2972 particlpia.
997 2896 1058 2954 'Iria
1088 2900 1159 2955 enirn
1188 2898 1270 2953 ncrba
1301 2895 1440 2952 ‘amandi'

145 2978 281 3036 ‘amando'
306 2979 471 3036 ‘amandum'
497 2980 699 3037 similitudmem
723 2981 859 3055 partiprii
882 2985 1007 3055 passiuae
1036 2981 1245 3055 significationis
1267 2980 1442 3036 introirem-

144 3066 221 3137 poris
249 3065 406 3120 ostendunt.
456 3062 616 3119 ‘bmatum'
646 3081 714 3121 uero
742 3063 944 3122 similitudinem
975 3067 1112 3140 participii
1142 3065 1282 3139 praeteriti
1313 3066 1442 3136 temporis

145 3149 271 3221 passione
292 3148 499 3221 signifieatIonis
522 3148 587 3221 (em
610 3148 682 3222 eod.)
704 3158 804 3222 gestat.

229 3351 298 3408 Sunt
320 3351 397 3421 alii,
420 3353 466 3426 qui
483 3352 651 3409 huiusmodi
675 3353 758 3410 uerba
781 3355 812 3410 ad
836 3355 971 3429 passluam
993 3352 1219 3426 sIgnillcationem
1242 3354 1338 3427 magis,
1361 3370 1441 3427 qnam

144 3435 260 3493 actiuam
290 3433 445 3510 (actinuam)
474 3436 555 3492 scribi
590 3437 752 3494 confirmant
780 3438 816 3496 ob
845 3439 897 3495 hoc
930 3439 1059 3509 maxime,
1093 3440 1219 3512 quoniam
1247 3457 1261 3494 a
1290 3439 1442 3514 participiis

145 3522 317 3595 passinornm
334 3521 446 3578 diriuari
460 3522 597 3579 uidentur.
628 3522 680 3579 Sed
699 3532 785 3579 tamen
809 3522 1019 3598 praeuidendum
1043 3533 1102 3594 est,
1125 3525 1251 3597 qnoniam
1274 3540 1328 3579 non
1352 3524 1442 3578 rnimrs

145 3607 232 3663 actiua
257 3603 371 3682 (actiuae
392 3605 467 3678 cod.)
490 3606 655 3681 significatio
679 3609 705 3663 in
728 3608 771 3664 his
795 3609 919 3676 uidetur,
947 3625 1027 3682 quam
1054 3610 1172 3682 passius.
1217 3609 1332 3665 iliciruns
1355 3607 1441 3663 enim:

146 3690 270 3764 ‘legendi
295 3707 374 3747 causa
398 3690 477 3748 neni’
509 3693 598 3750 aetina
622 3692 727 3749 scilicet
748 3691 962 3765 significatione,
990 3702 1019 3750 et
1045 3693 1174 3750 dicimus:
1205 3692 1304 3751 ‘eausa
1334 3690 1440 3765 legendi

146 3774 265 3835 crucior’
291 3774 429 3847 (crutior),
453 3775 505 3832 boc
527 3785 570 3833 cst
592 3775 722 3833 ‘duna-ab
745 3776 807 3834 aliis
828 3776 931 3852 legor’,
954 3787 982 3835 ot
1003 3777 1125 3836 ‘sciendo
1148 3777 1221 3852 lego’
1246 3786 1288 3834 et:

521 3861 693 3918 cantando
718 3864 893 3938 rumpitur
916 3864 1039 3936 anguis

148 3945 248 4020 (Verp.
272 3945 336 4003 Ecl.
366 3943 444 4001 VIII
465 3939 522 4018 71),
544 3961 599 4001 uon
623 3945 697 4003 ‘dum
721 3948 823 4005 cuntat’
848 3945 971 4020 (cantet),
993 3948 1040 4004 sed
1063 3946 1136 4004 ‘dnm
1160 3946 1308 4005 cantatur’.

229 4112 407 4191 ‘beponens’
432 4114 545 4171 uerbum
569 4116 629 4172 ideo
653 4119 819 4189 nominatur,
843 4119 986 4192 quoniam,
1008 4125 1039 4174 ut
1062 4117 1262 4191 quibusdam
1286 4116 1405 4187 uidetur,
1429 4133 1441 4170 r

144 4201 262 4258 litteram
277 4217 330 4256 non
347 4200 458 4274 deponit
474 4210 501 4255 et
516 4201 632 4258 actiuam
657 4202 884 4275 significationem
908 4204 934 4258 in
957 4220 986 4259 se
1009 4204 1149 4272 continet,
1173 4211 1203 4257 ut
1226 4201 1343 4258 meditor
1359 4201 1441 4256 medi·

72 4320 79 4328 -
129 4287 227 4356 ‘taris,
251 4283 383 4343 confiteor
406 4283 562 4354 confiteris,
584 4286 685 4360 loquor
708 4287 841 4362 loqueris,
863 4288 962 4344 metior
986 4282 999 4364 ll
1017 4286 1033 4342 i.
1052 4279 1133 4343 1⁸22b
1150 4280 1162 4359 l:
1188 4285 1300 4342 metiris.
1344 4286 1395 4341 Sed
1419 4287 1441 4340 si

144 4370 180 4425 ob
203 4372 256 4427 boe
285 4369 399 4438 dicitur,
428 4371 556 4443 quoniam
580 4388 593 4425 r
616 4369 733 4428 litteram
762 4389 817 4428 non
840 4372 966 4447 deponit,
993 4381 1021 4428 ct
1050 4388 1194 4428 commune
1216 4370 1373 4442 (communi)
1396 4371 1441 4425 de-

144 4471 248 4528 ponens
277 4454 330 4509 dici
358 4461 466 4527 potest,
496 4454 567 4528 quod
592 4473 606 4511 r
627 4456 746 4513 litteram
769 4473 823 4513 non
846 4458 965 4530 deponit.
1010 4457 1061 4514 Sed
1091 4455 1184 4511 uerius
1213 4455 1273 4510 ideo
1303 4455 1441 4529 deponens

144 4539 260 4608 dicitur,
290 4540 417 4612 quoniam
439 4537 551 4613 deponit
574 4540 770 4615 plenitudinem
791 4541 1000 4617 elgnilrcationis
1023 4541 1105 4598 actiui
1130 4540 1230 4613 passini
1254 4541 1343 4595 neutri
1367 4557 1440 4597 com-

144 4623 251 4690 munis,
281 4623 327 4676 scd
350 4624 383 4679 ab
406 4623 448 4679 bis
472 4624 599 4681 omnibus
621 4634 726 4700 partem
749 4626 912 4685 subtrabens
942 4628 1030 4681 omnia
1054 4625 1163 4699 penitus
1186 4625 1315 4698 deponit,
1339 4624 1376 4680 ita
1399 4633 1440 4694 nt,

144 4721 207 4762 curn
237 4704 349 4763 dicimus
377 4707 521 4783 ‘loquor',
549 4727 605 4769 non
633 4710 677 4769 bic
705 4712 787 4770 actiui
815 4728 864 4768 seu
892 4711 995 4786 passini
1024 4709 1067 4766 uei
1095 4712 1187 4766 neutri
1214 4727 1261 4766 scu
1290 4713 1440 4766 communis
