3420 5378
634 305 837 357 aucuerre.
1329 304 1389 367 193

93 502 179 565 runt,
212 491 291 554 unde
319 492 459 554 «licebant
486 492 552 553 ‘liic
579 494 643 554 uir’
673 503 703 555 et
732 494 824 554 ‘liaeo
847 491 974 554 mulier’
998 505 1028 554 et
1050 494 1125 555 ‘lroc
1148 492 1239 573 lapis’
1263 502 1292 554 et
1315 493 1390 554 ‘hoc

92 594 196 657 arbor’
220 604 250 657 et
272 594 339 656 ‘hoc
362 598 443 656 cera’
465 604 495 655 et
517 593 586 654 ‘lroc
609 596 705 676 pauis'
722 603 752 654 et
766 594 835 655 ‘hoc
857 595 974 656 domus'
992 602 1021 656 ot
1036 595 1106 656 ‘hoo
1121 597 1249 656 manus'.
1283 595 1389 656 Moneo

93 698 195 777 ltaque
217 704 262 766 te,
291 697 382 757 irater
405 697 574 765 carissime,
605 706 636 757 ut
658 698 796 776 quamuis
817 715 876 756 non
899 696 955 758 trac
976 715 1055 758 nunc
1077 696 1293 758 consuetudine
1316 697 1389 757 scri·

93 796 183 860 bentii
205 799 330 867 utimur,
360 804 457 858 tamen
487 799 554 876 quia
579 796 636 859 lroc
658 797 736 877 apud
760 804 877 858 ueteres
900 816 955 878 pro
977 806 1059 859 recto
1083 797 1263 868 habebatur,
1292 797 1389 878 siquid

66 901 172 961 alorte
194 897 363 961 huiusmodi
386 900 527 979 scriptum
551 901 715 978 repereris,
740 897 808 959 licet
831 917 890 959 non
913 898 947 958 ad
965 897 1159 961 indubitatam
1182 901 1389 960 auctoritatem

93 1001 284 1063 referendum
308 1008 409 1081 putes,
438 1007 537 1061 tamen
560 1001 627 1078 quia
651 998 841 1061 auctoribus
871 1008 1047 1081 :usurpatum
1076 1011 1136 1071 est,
1169 1000 1389 1081 reprehendere

93 1121 154 1164 non
177 1101 269 1163 debes
291 1102 422 1162 omnino.

171 1200 321 1287 ]]l.15¹]
352 1203 427 1264 Dicit
450 1203 649 1281 Virgilius:
686 1202 825 1273 Nomina,
850 1185 927 1281 quae
951 1206 1102 1283 conposita
1125 1211 1195 1265 suut
1216 1223 1254 1264 ex
1276 1202 1392 1265 duabus

93 1304 228 1386 partibus
250 1307 415 1385 corruptis,
450 1324 508 1366 non
532 1312 726 1365 reuertuntur
748 1305 784 1364 ari
807 1307 1025 1382 integritatem,
1055 1313 1086 1365 ut
1109 1307 1172 1384 ipse
1195 1304 1280 1365 dicit:
1319 1304 1391 1365 ou·-

55 1422 82 1463 ro
94 1408 190 1488 ruptis
217 1415 315 1468 autem
338 1407 432 1468 modis
455 1408 612 1483 integritas
634 1424 692 1465 nou
722 1416 767 1465 est
794 1405 978 1483 quaerenda,
1008 1408 1084 1466 sicut
1113 1424 1167 1466 nec
1193 1408 1317 1484 integris
1339 1408 1391 1467 rie·

95 1507 217 1577 menda,
247 1511 299 1586 qui
321 1510 400 1569 enim
423 1508 557 1585 corrupti
579 1507 728 1576 (licuntur,
757 1527 817 1569 uon
840 1508 918 1588 quoti
942 1509 1049 1587 integri
1077 1516 1144 1568 ante
1172 1510 1308 1577 luerunt,
1338 1509 1390 1569 seul

93 1611 163 1690 quia
186 1609 241 1669 soli
263 1609 367 1670 Latine
390 1610 448 1671 ‹ttci
468 1617 629 1688 nequeunt.

178 1712 256 1772 loia.
302 1710 382 1782 Quot
409 1720 478 1771 sunt
504 1711 608 1771 casus?
645 1711 712 1771 Sex.
753 1710 851 1781 Quare
879 1718 948 1771 sunt
976 1712 1046 1771 sex?
1091 1711 1167 1771 llicit
1190 1712 1391 1790 Virgilius:

94 1814 188 1875 Casus
220 1813 375 1873 nominum
409 1820 478 1873 stant
511 1830 573 1872 sex.
619 1811 736 1883 Quare?
780 1812 854 1883 Ouia
888 1832 939 1873 sen
972 1813 1087 1890 negotia
1118 1811 1255 1874 homiues
1283 1825 1390 1892 agunt:

56 1930 82 1970 ro
95 1916 249 1977 nominant
270 1923 414 1992 generant
435 1913 508 1975 dant
529 1921 620 1990 agunt
642 1913 689 1973 uel
712 1923 852 1974 accusant
874 1921 983 1975 uocant
1005 1914 1154 1974 auleruut.

172 2012 186 2099 ΙΙ
201 2016 221 2077 l.
239 2012 325 2097 15¹³]
356 2015 413 2076 Seri
445 2013 516 2074 dicit
538 2013 737 2091 Virgilius:
775 2014 900 2085 Quando
922 2014 989 2076 dico
1013 2015 1126 2075 ‘doceo
1149 2014 1318 2077 lromirrem’
1342 2017 1389 2078 uel

94 2117 181 2179 ‘amo
203 2117 384 2185 lrominem’‚
414 2134 474 2176 non
496 2124 542 2176 est
564 2117 728 2183 accusatio,
758 2116 810 2176 sed
838 2115 1029 2194 glorificatio,
1060 2126 1089 2177 et
1111 2116 1190 2195 quod
1213 2119 1315 2179 uerius
1337 2127 1390 2188 est,

94 2222 127 2281 llt
149 2217 275 2279 uerbum
299 2219 452 2284 ‘accuso',
481 2215 559 2276 idest
581 2233 649 2294 ago,
679 2226 850 2278 accusatum
873 2221 917 2279 ire
940 2219 1009 2280 lacit
1031 2219 1178 2278 inlinitiuo
1201 2219 1315 2293 loturo,
1341 2240 1391 2281 ex·

94 2321 178 2401 pulsa
201 2321 245 2380 ire
267 2329 298 2380 et
320 2337 464 2380 conuersa
488 2326 549 2379 tuni
572 2319 602 2378 in
626 2319 720 2387 tiuus,
750 2321 794 2379 sic
817 2321 849 2380 nt
871 2322 1059 2381 accusatione
1085 2321 1163 2381 illest
1185 2320 1309 2381 actious.
1356 2323 1392 2381 Vt

55 2421 280 2501 roVirgilius
303 2422 389 2482 dicit:
412 2421 454 2481 llo
477 2420 647 2480 accusatiuo
671 2437 740 2480 casu
762 2423 924 2497 quaeritur,
949 2420 1018 2500 quill
1035 2423 1081 2481 sit.
1120 2412 1259 2499 Plerique
1274 2431 1391 2482 nostro·

95 2541 162 2585 rurn
184 2522 244 2583 hoc
265 2521 392 2583 uerbum
415 2524 590 2601 frequenter
612 2518 826 2592 adhibuerunt,
851 2523 926 2584 illest
948 2522 1117 2584 accusandi.
1155 2524 1288 2583 Cicero
1311 2526 1389 2584 euim

93 2625 137 2685 sic
165 2623 252 2686 dicit:
288 2631 462 2685 accusate
490 2621 584 2701 quorl
614 2629 757 2683 rectum
787 2631 856 2691 est,
886 2623 942 2685 lroc
965 2633 1010 2684 est
1032 2625 1145 2700 ‘agitet
1190 2625 1391 2687 'lerentius

94 2745 228 2807 quoque:
258 2744 375 2806 quare
398 2741 468 2785 non
497 2725 688 2785 accusatis
715 2726 1014 2804 paenitudinem,
1040 2725 1096 2785 lroc
1119 2735 1164 2785 ost
1186 2724 1257 2785 ‘nou
1280 2728 1389 2804 agitis'.

94 2826 286 2890 Giluitlius
308 2827 396 2886 etiam
412 2824 449 2884 lle
465 2824 620 2885 Ambrosio
636 2826 744 2903 inquit:
768 2826 895 2886 Omnia
917 2825 1025 2886 laurle
1047 2824 1247 2886 accusabat
1268 2827 1389 2905 digna,

55 2946 151 3010 aspro
174 2926 314 3007 ‘agebat'.
361 2926 443 2987 Vnde
474 2925 670 3004 intellegitur,
698 2927 778 3006 quorl
801 2929 985 2988 accusaturus
1008 2945 1094 2987 casus
1116 2926 1153 2987 ab
1176 2927 1234 2986 lroc
1256 2936 1389 2999 uocatur,

93 3028 165 3110 quia
193 3029 288 3092 uerbo
318 3028 421 3089 lraeret
448 3028 555 3089 actiuo.
606 3028 643 3088 Et
672 3036 703 3087 ut
732 3029 833 3089 uerius
863 3029 973 3097 iliram,
1010 3030 1074 3107 ipse
1103 3031 1289 3090 accusatiuus
1319 3033 1389 3092 acti·

94 3151 151 3194 uus
181 3133 246 3193 erit.

179 3228 336 3318 ]]l.16'']]
372 3230 448 3291 llicit
470 3228 671 3308 Virgilius:
710 3230 790 3290 lnter
816 3250 981 3310 pronomen
1010 3241 1108 3293 autem
1139 3241 1167 3293 et
1195 3251 1304 3295 nomen
1333 3233 1391 3296 lroc

93 3338 232 3405 interest,
261 3331 340 3414 quod
369 3349 535 3412 pronomen
563 3332 775 3409 conparatione
797 3350 902 3394 carens
924 3352 1082 3414 personam
1113 3332 1234 3406 lrabeat,
1263 3346 1295 3397 ut
1316 3337 1390 3415 ‘ego

54 3446 126 3499 autu
146 3435 219 3507 ille’,
250 3452 358 3497 nomen
382 3442 481 3494 autem
503 3450 632 3511 persona
661 3431 774 3495 abiecta
804 3437 1044 3515 conparationem
1068 3437 1207 3515 recipiat,
1230 3445 1262 3497 ut
1284 3439 1391 3498 ‘carus

93 3541 193 3602 carior
213 3537 410 3600 carissimns'.

162 3810 255 3860 liudo
271 3808 359 3860 Maius
427 3816 451 3855 et
468 3804 518 3854 hoc
535 3804 611 3853 orbor
628 3816 654 3854 et
671 3805 720 3857 hoc
737 3824 794 3857 cera
812 3821 836 3859 et
853 3810 902 3860 lroe
920 3811 994 3875 panis
1014 3812 1104 3860 :lerunt
1121 3811 1193 3874 opud
1210 3811 1306 3860 Metaon
1374 3811 1390 3858 2

92 3880 190 3938 mario,
208 3893 278 3930 corr.
296 3889 388 3926 moneo
405 3890 437 3922 m.
455 3872 489 3922 ll
559 3869 637 3922 3¹¹ac
692 3873 770 3941 nunc]
790 3893 841 3927 non
910 3878 1066 3928 lliebeamr
1083 3877 1171 3927 Maias
1226 3877 1302 3940 sedq;
1326 3876 1390 3926 forte

92 3948 188 4010 liquio
206 3945 334 3996 ueteribus
421 3940 559 3991 'lomnino
578 3953 629 3990 non
648 3943 725 3992 debes
743 3944 830 3995 Maius
909 3941 1080 4010 8Virgilius]
1100 3945 1180 3995 Deest
1198 3946 1269 4009 apud
1284 3944 1390 3995 Maium.

92 4014 243 4081 apartibus
260 4028 341 4078 supra
357 4012 402 4060 lio.
421 4025 452 4058 m.
471 4007 506 4058 11
576 4009 754 4070 loquererne
810 4014 943 4071 nimenta,
962 4030 1031 4066 corr.
1049 4013 1119 4062 dem·
1136 4029 1167 4062 m.
1185 4013 1221 4062 II
1288 4014 1319 4061 ll
1339 4025 1390 4062 non

93 4096 120 4145 q:
137 4082 282 4148 integritate
299 4090 358 4128 ante
427 4075 602 4138 inaequatum
654 4080 685 4128 13
704 4080 772 4140 qnod
826 4079 962 4147 Virgilius]
979 4083 1071 4146 p.135
1089 4081 1154 4135 Mai.
1208 4081 1240 4129 14
1257 4080 1391 4129 nominum

92 4166 141 4201 on.
159 4149 246 4200 Moira
296 4145 409 4197 hominis
461 4143 578 4192 homines
598 4145 690 4194 habent
708 4148 794 4199 Maius
847 4151 879 4200 15
896 4149 938 4199 uel
956 4159 1092 4198 accusarint
1110 4147 1322 4212 (aprinum),
1341 4164 1389 4198 om.

92 4217 180 4269 Maus
230 4215 347 4266 animant
424 4212 456 4261 lo
468 4209 608 4276 Virgilius]
629 4214 686 4263 Noa
705 4222 779 4265 extat
795 4219 867 4280 apud
883 4217 991 4277 Maium,
1010 4218 1058 4266 seri
1068 4216 1102 4279 cs.
1115 4232 1160 4265 ars
1172 4231 1298 4281 anonym
1307 4215 1390 4266 Beria.

90 4300 118 4350 p.
130 4287 174 4347 88,
188 4287 285 4350 roaeq.
303 4292 330 4334 et
347 4281 413 4333 lllaii
430 4280 509 4329 editio
527 4295 555 4342 p.
574 4282 633 4330 186.
737 4286 770 4333 20
789 4281 926 4349 Virgilius]
944 4302 972 4348 p.
992 4287 1044 4334 135
1057 4284 1127 4341 Mai:
1149 4283 1184 4347 of.
1204 4299 1248 4332 aro
1266 4299 1392 4347 anonyma

92 4352 173 4406 Beria.
188 4368 217 4417 p.
233 4355 276 4416 87,
290 4355 325 4402 30
336 4366 389 4415 seq.
458 4359 585 4409 quaerunt
603 4347 689 4398 Maius
757 4353 788 4400 21
808 4347 990 4468 adhibueram]
1010 4352 1162 4407 tribuerunt,
1181 4353 1251 4416 quod
1266 4367 1313 4401 om.
1332 4352 1390 4401 rod.

93 4421 172 4484 Mart,
191 4420 350 4486 quamobrem
367 4420 409 4467 ille
427 4416 615 4479 ‘frequentant’
633 4420 763 4481 legendum
781 4421 897 4473 coniecit,
992 4419 1092 4468 'tidest
1108 4420 1184 4484 agite.
1220 4420 1390 4468 Acerrsatiuus

91 4504 168 4539 maus
186 4488 218 4537 ab
236 4488 285 4539 hoc
303 4497 408 4537 uocatur
425 4483 516 4534 Maius
533 4484 626 4532 celero
643 4488 756 4543 omissis:
774 4490 893 4537 nonnullo
910 4504 946 4538 eae
963 4488 1027 4550 illia,
1045 4503 1110 4552 quae
1122 4502 1203 4550 supro
1219 4488 1307 4551 posita
1323 4494 1390 4549 aunt,

92 4558 181 4607 lurdat
200 4556 368 4619 Goinfreduo,
388 4567 459 4618 quem
475 4557 551 4599 uocat
569 4550 668 4614 Maiae,
689 4557 868 4617 grammaticus
883 4573 911 4621 p.
930 4558 963 4606 18
981 4561 1033 4605 aot.
1053 4554 1121 4615 Mai,
1149 4554 1184 4617 cs.
1203 4570 1249 4604 ora
1265 4570 1391 4618 anonyma

92 4623 234 4675 Bmemo
249 4640 275 4689 p.
295 4627 338 4686 87,
360 4623 394 4672 31
411 4624 464 4669 not.
533 4619 667 4668 terrentius
741 4622 775 4672 23
792 4624 966 4688 penitudinem
977 4617 991 4690 l]
1002 4622 1167 4688 penitentiam
1186 4636 1232 4671 ara
1249 4621 1392 4672 Beruenaia

93 4699 119 4742 et
138 4692 292 4754 Goinsrerlus
377 4684 518 4747 elinquit
595 4686 628 4735 26
647 4698 671 4736 et
689 4690 775 4738 nerins
793 4692 874 4740 dicam
894 4692 982 4742 Muiua
1049 4689 1210 4740 arcrrsotiuus
1228 4689 1286 4754 ipse
1304 4690 1392 4740 Maius

92 4760 126 4810 28
145 4757 282 4826 Virgilius]
304 4759 362 4808 Non
379 4761 453 4806 extat
470 4755 543 4817 apud
558 4752 662 4820 Maium,
682 4758 715 4819 rs.
734 4774 779 4807 ura
797 4777 921 4826 anonymo
938 4759 1057 4821 Baras.
1078 4754 1147 4808 11311
1163 4775 1191 4822 p.
1212 4760 1274 4821 134,
1288 4760 1391 4807 25—29

117 4860 214 4903 Gran.
224 4870 278 4902 ur.
291 4860 374 4913 Sur’rn⁸
1157 4845 1188 4895 13
