3420 5378
223 296 284 363 130
735 299 802 351 nes
819 298 997 352 suenrus

219 493 289 566 aput
315 486 436 547 Latinos
464 483 522 558 dog
551 488 581 546 in
609 486 655 546 dis
682 493 862 547 conuertunt
885 495 914 546 et
937 487 1042 546 tertiae
1070 483 1275 545 declinationis
1297 492 1383 553 sunt,
1407 491 1441 544 ut
1465 480 1525 545 Ol-

219 584 339 659 δίπους
371 587 433 647 roei
468 583 648 658 Οἰδίποδος
676 587 724 647 Ιιίο
752 586 884 666 Oedipus
912 586 1000 648 liuius
1028 585 1203 665 Oedipodis,
1232 587 1276 647 sic
1305 580 1524 664 Μελάμπους

218 687 281 749 τοῦ
303 685 533 768 Μελάμποδος
555 688 602 750 lrie
625 688 788 767 Melampus
811 687 899 748 huius
920 686 1124 767 Melampodis.

302 790 463 867 Hucusque
492 789 712 851 Priscianus
744 789 782 848 de
815 796 919 868 quarta
946 788 1145 850 declinatione
1174 790 1229 849 ista
1257 787 1404 850 disseruit
1429 796 1462 848 et
1488 790 1521 849 in

217 890 319 969 regula
348 899 472 971 quartae
501 889 705 951 declinationis
734 892 822 951 etiam
846 889 894 950 illa
918 892 1037 951 nomina
1059 891 1089 951 in
1112 909 1148 951 us
1170 890 1349 963 desinentia,
1380 906 1460 966 quae
1482 889 1544 949 ads

217 992 378 1053 secundam
407 992 455 1052 uel
484 993 518 1053 ad
549 993 665 1052 tertiam
694 989 920 1053 declinationem
945 993 1094 1070 pertinere
1116 990 1240 1061 debent,
1268 990 1410 1053 ostendit.
1456 990 1520 1052 lloc

217 1103 315 1155 autem
339 1094 479 1155 adnotare
502 1092 659 1162 debemus,
690 1092 768 1173 quod
792 1092 904 1153 nullum
928 1110 1036 1174 nomen
1058 1101 1180 1172 quartae
1203 1091 1413 1153 declinationis
1434 1108 1518 1152 com·

217 1215 306 1257 mune
335 1196 462 1257 duorum
491 1193 539 1255 uel
569 1196 656 1254 trium
678 1213 821 1274 generum
845 1201 895 1253 aut
918 1195 1119 1272 promiscuum
1141 1193 1191 1255 uel
1211 1195 1361 1255 incertum
1384 1194 1518 1255 inueniri

215 1306 326 1378 potest,
356 1316 412 1359 nec
440 1303 578 1358 neutrum
607 1294 701 1356 rrllunr
730 1314 838 1356 nomeu
868 1297 898 1355 in
927 1313 962 1355 us
990 1304 1110 1373 quartae
1133 1294 1355 1364 declinationis,
1384 1294 1444 1355 nisi
1472 1311 1517 1365 ea,

216 1418 291 1478 quae
314 1402 343 1459 in
368 1419 384 1460 u
409 1398 616 1464 terminantur,
647 1415 701 1457 nec
730 1396 850 1457 mobilia
879 1400 958 1458 inter
987 1396 1045 1457 dno
1073 1404 1124 1457 aut
1145 1398 1200 1456 tria
1223 1415 1332 1474 genera
1356 1397 1388 1456 in
1411 1404 1551 1475 qrrarsae

216 1501 416 1561 declinatione
441 1500 570 1560 inueniri
593 1507 733 1577 possunt,
757 1500 814 1559 nisi
838 1500 957 1559 nomina
980 1499 1145 1578 participiis
1168 1496 1290 1565 similia,
1314 1515 1393 1575 quae
1415 1507 1517 1559 tamen

215 1604 270 1662 srxa
299 1610 329 1663 et
357 1602 442 1662 lortia
472 1609 554 1671 sunt,
583 1599 701 1677 quando
729 1607 853 1677 quartae
882 1599 1089 1660 declinationis
1116 1601 1242 1669 luerint,
1272 1598 1392 1678 quando
1415 1606 1516 1660 antem

213 1705 372 1783 participia
402 1701 521 1763 mobilia
550 1708 633 1770 sunt,
668 1703 732 1761 sine
761 1700 851 1761 dubio
879 1702 1028 1762 secundae
1059 1700 1267 1761 declinationis
1304 1701 1390 1761 finnt.
1440 1700 1517 1762 Item

213 1807 291 1866 scire
313 1803 419 1864 debes:
442 1806 472 1864 in
496 1802 666 1864 nominibus
681 1811 804 1880 quartae
826 1802 1033 1864 declinationis
1054 1811 1105 1862 aut
1126 1801 1239 1863 nullum
1261 1810 1312 1862 aut
1333 1818 1406 1863 raro
1428 1803 1516 1863 inue-

214 1908 278 1967 nies
300 1924 410 1967 nomen
433 1903 610 1965 aduerbium
634 1922 650 1963 a
672 1922 704 1964 se
727 1904 846 1965 iaciens.
1528 1916 1551 1955 rs

298 2041 424 2112 Quintae
447 2039 654 2102 declinationis
677 2040 795 2099 nomina
818 2048 889 2118 quot
917 2058 1027 2119 genera
1049 2039 1159 2101 hahent
1180 2049 1210 2102 et
1232 2047 1304 2117 quot
1326 2040 1517 2102 terminatio·

214 2163 266 2203 ues
289 2153 318 2201 et
340 2151 412 2221 quot
434 2139 604 2202 terminales
624 2140 757 2202 litteras?
785 2140 891 2201 Omnia
914 2142 1032 2202 nomina
1055 2143 1176 2221 quintae
1199 2137 1409 2202 declinationis
1423 2160 1515 2203 unam

214 2246 452 2305 terminationem
477 2241 588 2301 lralrere
611 2242 760 2312 uidentur,
785 2242 841 2302 lroe
864 2250 909 2303 est
931 2262 976 2312 es,
1007 2252 1036 2303 et
1058 2261 1145 2304 unam
1169 2241 1298 2303 litteram
1322 2242 1515 2305 terminalem

212 2366 239 2414 s,
265 2354 294 2405 et
317 2363 407 2405 unum
431 2363 539 2422 genus,
563 2343 620 2403 hoc
644 2352 689 2403 est
710 2344 895 2404 lemininunr.
942 2344 1046 2405 Onnria
1070 2346 1147 2405 enim
1171 2345 1290 2404 nomina
1313 2345 1442 2422 quintae
1464 2346 1515 2406 de·

212 2446 377 2508 clinationis
400 2446 541 2505 leminina
565 2445 685 2506 suntin
710 2464 741 2505 es
763 2445 937 2524 productam
960 2445 1138 2515 desinentia,
1163 2458 1287 2526 excepte
1303 2464 1365 2506 uno
1381 2448 1549 2521 nomine‚¹⁰

216 2548 294 2628 quod
317 2550 424 2608 incerti
447 2548 568 2626 generis
590 2564 655 2607 esse
678 2546 793 2617 dicitur,
818 2554 851 2608 ut
872 2546 920 2607 lric
943 2555 972 2608 et
995 2546 1068 2607 liaeo
1090 2546 1167 2617 dies,
1197 2546 1248 2607 sed
1271 2547 1302 2607 in
1323 2546 1437 2626 plurali
1461 2567 1514 2609 nu·

214 2669 297 2711 mero
321 2648 478 2709 masculini
501 2650 634 2725 generis,
664 2649 700 2708 de
723 2667 783 2727 quo
807 2649 925 2709 nomine
947 2656 1048 2728 postea
1072 2648 1206 2709 dicemus
1228 2657 1258 2710 et
1280 2666 1317 2708 ex
1339 2666 1377 2709 eo
1400 2668 1513 2730 conpe-

211 2754 299 2813 situm
323 2769 413 2812 unum
438 2749 648 2817 masculinum,
678 2757 710 2809 ut
738 2750 786 2811 ute
809 2750 948 2810 meridies
971 2749 1058 2811 lruius
1080 2749 1224 2810 meridiei.
1269 2749 1311 2809 lie
1334 2749 1392 2811 lrac
1414 2758 1513 2813 autem

211 2856 312 2933 quinta
336 2853 532 2913 declinatione
556 2851 733 2912 Claudius
760 2854 799 2913 ita
823 2853 1008 2929 pronuntiat:
1046 2850 1205 2922 Quintae
1233 2849 1513 2914 declinationis

212 2957 358 3016 nomina
387 2963 489 3022 sunt,
519 2971 671 3032 quorum
700 2955 902 3032 genetiuus
931 2951 1139 3030 singularis
1166 2955 1202 3012 in
1227 2953 1261 3011 ei
1284 2951 1446 3022 desinit,
1475 2961 1545 3014 utss

211 3057 302 3117 lraec
334 3057 483 3136 species
513 3055 623 3114 huius
657 3051 818 3132 speciei:
854 3054 964 3115 liuius
1001 3056 1257 3116 nominatiuus
1294 3052 1513 3117 huiusmodi

212 3177 359 3237 semper
396 3156 623 3236 producitur
659 3158 694 3215 in
731 3156 861 3216 ultima
892 3154 1048 3236 syllaba,
1078 3164 1118 3218 ut
1151 3156 1241 3216 haec
1268 3157 1372 3217 acies
1400 3155 1512 3219 liuius

212 3261 317 3322 aciei.
362 3259 445 3319 llanc
473 3255 608 3319 nonnulli
631 3258 778 3334 quintana,
809 3256 942 3318 nonnulli
966 3258 1184 3319 circumflexam
1208 3258 1375 3319 nominant.
1420 3256 1513 3319 Nobis

213 3371 309 3422 tamen
332 3363 433 3441 quinta
458 3358 649 3439 adprobanda
673 3367 717 3418 est
739 3367 862 3439 propter
885 3359 1019 3420 ordinem
1036 3367 1066 3419 et
1081 3377 1237 3419 numerum
1253 3357 1413 3427 uocadum.
1436 3378 1511 3440 quae

211 3472 280 3523 sunt
302 3465 448 3542 quinque,
479 3480 494 3520 a
519 3459 625 3538 quibus
647 3459 782 3521 ordinem
806 3471 986 3540 acceperunt
1009 3463 1140 3540 quinque
1164 3458 1390 3521 declinationes.
1437 3460 1544 3522 ltem³⁰

210 3564 430 3625 Priscianus
464 3562 549 3622 dicit:
583 3563 697 3638 ‘quinta
728 3561 884 3624 declinatio
913 3561 1002 3623 lrabet
1029 3581 1117 3623 uuam
1146 3561 1389 3622 terminationem
1416 3564 1452 3623 r‘rt
1479 3581 1512 3623 es

209 3666 400 3745 productam,
424 3664 508 3724 cuius
530 3665 686 3742 genetiuus
709 3665 738 3724 in
763 3666 790 3724 ei
813 3664 923 3725 diuisas
945 3663 1072 3743 syllabas
1094 3664 1216 3737 desinit,
1239 3670 1272 3723 ut
1294 3661 1342 3723 hic
1366 3663 1512 3725 meridies

210 3767 299 3827 liuius
322 3764 487 3826 meridiei’.
529 3764 655 3835 Quintae
679 3764 884 3827 declinationis
906 3783 981 3845 quae
1005 3774 1049 3826 est
1071 3765 1200 3843 agnitio?
1233 3762 1313 3824 llaec
1335 3772 1397 3825 est:
1425 3765 1512 3825 cuius

209 3869 410 3928 norninatiuus
434 3875 461 3926 et
485 3868 639 3927 uocatiuus
661 3867 819 3945 singularis
841 3874 871 3927 et
893 3868 1091 3928 nominatiuns
1107 3875 1136 3926 et
1151 3867 1346 3927 accuratioris
1368 3872 1400 3926 et
1420 3884 1511 3927 noca·

211 3972 289 4029 tirius
312 3967 435 4048 pluralis
457 3970 488 4028 in
511 3987 544 4028 es
566 3967 742 4047 productam
764 3987 882 4048 semper
904 3968 1057 4037 desinunt,
1082 3975 1114 4028 ut
1137 3968 1210 4027 lraec
1231 3967 1322 4027 iacies
1336 3975 1370 4028 et
1385 3986 1403 4028 e
1417 3966 1544 4053 iacies*

210 4080 239 4132 et
263 4072 317 4131 irae
340 4071 430 4131 iacies
452 4077 481 4129 et
504 4068 557 4130 lras
581 4071 670 4131 iacies
692 4080 722 4131 et
744 4090 762 4131 o
785 4072 889 4139 lacies;
913 4072 1070 4148 genetiuus
1092 4078 1190 4130 autem
1214 4078 1243 4130 et
1264 4069 1384 4130 datiuus
1406 4071 1509 4149 singu·

209 4173 280 4235 laris
308 4174 428 4250 quintae
459 4168 665 4232 declinationis
692 4173 722 4232 in
751 4174 779 4233 ei
807 4172 917 4233 diuisas
950 4171 1076 4251 syllabas
1106 4172 1320 4241 terminantur,
1355 4180 1389 4233 ut
1420 4171 1510 4234 huius

279 4362 291 4407 1
311 4357 406 4407 latinns
458 4368 486 4406 ut
504 4347 599 4422 §cupito
619 4346 726 4421 roberius
746 4353 955 4421 oydptodoc
974 4358 1014 4408 liic
1031 4370 1056 4409 et
1074 4374 1123 4424 pus
1140 4357 1217 4407 liuius
1236 4357 1372 4423 oedipodis
1437 4360 1510 4410 2sic

208 4426 350 4491 melampos
369 4425 445 4473 lanius
463 4426 632 4491 melampodis
651 4426 692 4473 irie
708 4427 851 4490 melampus
869 4425 945 4476 herlus
963 4427 1132 4493 melampodis
1194 4425 1336 4476 4dcseruit
1389 4428 1510 4491 squam

208 4496 257 4544 oa
276 4494 374 4543 tertium
444 4493 591 4543 8iuuenire
660 4495 740 4542 tinec
757 4491 817 4542 nnrir
838 4493 915 4542 ullum
984 4495 1153 4544 declinatione
1239 4496 1269 4542 11
1289 4495 1408 4545 inueuire
1477 4496 1509 4546 16

209 4563 287 4624 quod,
307 4569 347 4611 ter
417 4563 447 4610 19
466 4573 490 4610 et
508 4576 584 4610 nninu
603 4576 687 4625 genus
706 4574 730 4610 et
747 4576 825 4610 renum
844 4576 926 4625 geniis
978 4566 1011 4612 ‘22
1029 4565 1133 4613 nomina
1185 4558 1286 4626 postea]
1306 4562 1342 4624 rs.
1360 4565 1509 4626 p.1ss,12

209 4632 241 4677 ‘ld
259 4626 392 4694 Glarulirm]
414 4630 470 4678 Νιηι
489 4638 563 4678 cetat
580 4631 620 4678 laic
637 4633 707 4679 locus
724 4632 750 4678 ia
768 4630 878 4679 editione
900 4630 926 4678 V
925 4632 1098 4683 miledunensi.
1166 4631 1274 4678 dicimus
1349 4632 1385 4681 23
1403 4632 1510 4680 meridie

210 4698 242 4744 ‘27
260 4698 290 4746 lm
308 4700 374 4747 acies
444 4699 475 4746 31
496 4694 653 4761 l‘riseiauus]
671 4698 705 4759 rs.
724 4699 756 4747 de
773 4698 870 4747 nomine
887 4705 936 4748 etr.
953 4716 980 4762 p.
994 4702 1054 4762 447,
1070 4701 1114 4751 ld:
1133 4700 1193 4758 448,
1206 4701 1242 4747 33
1288 4699 1508 4761 terminationem,

210 4778 257 4815 om.
276 4767 300 4812 iu
368 4769 401 4815 33
419 4767 462 4827 qui
481 4777 520 4813 est
588 4768 621 4815 34
639 4767 841 4815 etoeensatiuus
859 4781 906 4817 oua.
975 4770 1008 4815 35
1026 4768 1152 4815 desipiens
1220 4766 1253 4814 au
1270 4776 1296 4813 et
1314 4763 1376 4830 laus]
1397 4778 1425 4816 et
1442 4784 1473 4817 rs
