3420 5378
675 306 901 361 PRISCIANEA.
1313 319 1420 369 CLXIX

134 497 280 561 licandam
303 497 376 559 inibi
399 498 558 567 ciuitatem,
583 514 657 574 quae
679 506 768 578 caput
789 498 874 575 regni
897 495 1055 557 diceretur.
1100 494 1211 556 Deinde
1234 503 1421 558 transmeans

132 618 215 661 mare
242 598 294 660 illo
321 600 351 659 in
379 597 459 668 loco,
488 601 540 680 qui
568 598 652 679 priris
675 598 846 679 Byzantium
870 597 1047 667 uocabatur,
1078 616 1114 658 eo
1142 596 1218 676 quod
1248 597 1285 660 de
1307 598 1421 660 duabus

134 700 270 781 partibus
298 703 374 763 mari
396 701 576 780 cingeretur,
599 718 690 780 super
712 698 782 761 litus
805 700 936 761 condidit
959 700 1120 769 ciuitatem,
1144 716 1230 779 quam
1254 719 1269 761 a
1292 719 1346 761 suo
1367 719 1421 762 no·

132 804 213 865 mine
240 803 521 883 Constantinopolim
549 801 722 882 appellauit,
758 801 835 864 idest
862 801 991 863 Constan
1017 806 1021 883 l
1043 821 1072 882 p.
1095 798 1156 883 101
1179 803 1233 862 tini
1259 803 1420 873 ciuitatem,

105 906 271 984 aquoniam
295 904 395 985 ‘polis’
419 904 527 966 dicitur
549 906 664 965 ciuitas.
709 903 772 976 Oua
795 903 945 965 aedificata
969 921 1087 965 omnem
1109 903 1280 983 dignitatem
1302 912 1421 967 senato·

131 1026 198 1070 rum
227 1015 258 1070 et
283 1007 461 1087 sapientium
490 1007 600 1068 Rornae
628 1006 798 1085 degentium
832 1005 901 1068 illuc
934 1005 1102 1069 transduxit
1135 1016 1165 1068 et
1196 1008 1314 1069 uocauit
1340 1006 1420 1069 illam

133 1108 294 1172 secundam
315 1108 449 1174 Romam.

216 1210 249 1272 Si
271 1213 434 1291 quaeritur,
457 1210 577 1290 quando
598 1211 730 1292 scripsit:
761 1211 848 1272 datur
870 1210 994 1290 intelligi
1016 1229 1052 1272 ex
1074 1210 1206 1273 historiis
1228 1220 1259 1273 et
1280 1214 1420 1293 tempori·

133 1312 190 1375 bus
211 1313 316 1374 lustini
340 1321 371 1374 et
390 1313 545 1376 lustiuiani
567 1314 789 1394 imperatorum.

94 1438 121 1478 ιο
218 1413 250 1476 Si
265 1416 427 1494 quaeritur,
440 1414 476 1475 ad
486 1433 574 1494 quem
587 1416 720 1495 scripsit:
736 1415 772 1476 ad
786 1415 933 1477 lulianum
946 1416 1098 1478 consulem
1111 1424 1142 1477 et
1151 1417 1317 1496 patricium,
1334 1436 1421 1497 quem

132 1516 237 1579 babuit
251 1514 471 1578 exhortatorem
487 1515 523 1577 ad
539 1516 686 1596 hocopus
702 1516 912 1597 peragendum.
951 1517 1110 1578 Sciendum
1126 1527 1171 1579 est
1185 1528 1348 1598 praeterea,
1365 1520 1423 1581 boc

133 1636 207 1700 opus
228 1636 288 1680 non
310 1618 495 1680 aPrisciano
510 1621 663 1698 scriptum,
687 1620 739 1680 sed
755 1620 904 1690 dictatum,
929 1620 1067 1697 quoniam
1091 1637 1127 1681 eo
1149 1619 1278 1683 dictante
1301 1620 1422 1684 Flauius

132 1719 318 1791 Theodorus,
343 1721 407 1782 eius
431 1719 609 1802 discipulus,
639 1719 734 1782 bonus
763 1720 959 1782 scholasticus
982 1730 1010 1782 et
1032 1724 1164 1783 neurius
1186 1725 1319 1802 scripsit,
1347 1725 1423 1785 sicut

132 1823 249 1903 ipsein
272 1822 362 1884 titulis
385 1822 529 1885 librorum
554 1824 724 1884 manifestat
745 1823 848 1884 dicens
869 1825 910 1884 ita
933 1824 989 1885 sub
1012 1832 1165 1884 contextu:
1189 1824 1263 1904 ‘Ego
1285 1825 1422 1887 Theodo-

95 1945 120 1986 n
133 1943 186 1986 rus
208 1924 340 2006 Dionysii
363 1926 420 1986 uiri
443 1925 627 1986 disertissimi
650 1923 729 1986 filius
751 1924 929 1986 memorialis
957 1926 1034 1985 sacri
1056 1926 1157 1987 scrinii
1179 1927 1370 2007 epistolarum
1393 1937 1422 1990 et

19 2052 25 2067 ·
133 2027 249 2089 adiutor
276 2028 335 2088 uiri
365 2029 465 2106 magni
491 2029 658 2107 quaestoris
680 2028 822 2107 scripsi'3
851 2025 992 2088 subaudis
1020 2025 1095 2088 ‘boc
1123 2046 1198 2108 opus
1219 2031 1422 2109 praeceptoris

133 2129 204 2190 mei’
234 2130 265 2189 in
294 2127 368 2190 urbe
390 2129 483 2191 Roma
514 2127 847 2210 Constantinopolitano
892 2128 1067 2190 Theodorus
1094 2132 1150 2191 iste
1178 2130 1254 2191 illius
1277 2131 1332 2193 luit
1354 2131 1421 2192 llio·

133 2230 208 2311 npsli
229 2231 287 2291 uiri
310 2229 464 2292 clarissimi
487 2240 517 2292 et
538 2231 715 2302 doctissimi,
745 2231 848 2293 doctus
871 2241 900 2293 et
922 2231 1055 2293 eruditus
1077 2251 1093 2292 a
1116 2233 1282 2300 Priscianm
1313 2233 1363 2294 sed
1387 2253 1422 2294 eo

133 2340 278 2412 tempore,
302 2332 420 2412 quaudo
442 2333 612 2395 Priscianus
634 2332 691 2394 boc
714 2352 788 2413 opus
810 2334 968 2404 incboauit,
992 2336 1048 2395 iam
1064 2334 1101 2394 ad
1123 2343 1233 2397 tantam
1249 2336 1422 2414 sapientiam

95 2441 273 2497 recurserat
300 2434 377 2496 idem
406 2434 598 2506 Theodorus,
629 2444 662 2497 ut
690 2444 814 2516 propter
843 2435 1028 2497 nobilitatem
1058 2439 1177 2515 generis
1210 2447 1238 2498 et
1271 2438 1422 2498 doctrinae

134 2536 253 2599 culmen
276 2545 354 2599 esset
375 2536 555 2598 memorialis
579 2539 608 2597 ·i·
632 2546 733 2599 custos
761 2548 791 2598 et
817 2546 952 2599 seruator
980 2539 1056 2598 sacri
1085 2540 1200 2609 scrinii,
1230 2537 1421 2618 epistolarum

136 2639 164 2701 ·i·
187 2638 301 2701 librarii
323 2640 385 2701 siue
407 2641 527 2701 armarii
549 2638 670 2719 publici,
694 2640 747 2701 ubi
767 2657 871 2702 sacrae
894 2639 1035 2720 epistolae
1057 2650 1087 2701 et
1109 2642 1186 2701 sacri
1205 2639 1274 2701 libri
1296 2659 1422 2720 repunc-

135 2741 254 2804 bautur.
300 2742 369 2803 Fuit
396 2741 513 2821 quidem
542 2743 572 2801 in
603 2739 714 2822 palatio
742 2740 859 2802 adiutor
888 2742 986 2819 magni
1014 2742 1180 2820 quaestoris
1208 2740 1423 2802 conscribendo

134 2844 284 2925 epistolas,
307 2861 383 2924 quac
406 2842 442 2902 ad
465 2842 597 2904 diuersas
620 2842 721 2903 mundi
746 2842 937 2904 mittebantur
959 2852 1067 2923 partes.
1113 2843 1227 2904 Nomen
1243 2862 1316 2905 uero
1332 2861 1422 2922 quae-

94 2966 121 3009 re
134 2946 223 3009 storls
244 2946 358 3008 reticet
403 2944 580 3017 Quaestores
597 2944 600 3027 l
618 2964 645 3026 p.
664 2941 701 3005 ll
719 2943 722 3027 l
740 2964 812 3006 uero
841 2943 1015 3005 dicebantur
1042 2946 1232 3023 inquisitores
1255 2963 1421 3015 causarum,

134 3050 259 3110 comites
280 3045 419 3108 uidelicet
442 3045 551 3125 palatii,
575 3048 625 3124 qui
648 3065 722 3125 opus
744 3045 894 3107 habehant
914 3047 1011 3106 iuuari
1039 3047 1069 3105 iu
1092 3044 1224 3125 epistolis
1245 3044 1421 3107 scribendis.

134 3149 206 3211 Siue
234 3150 322 3210 etiam
350 3157 524 3229 quaestores
551 3146 717 3219 dicuutur,'
733 3149 783 3228 qui
812 3147 983 3225 quaestibus
1011 3156 1154 3228 praesunt
1183 3149 1213 3209 ·i·
1245 3150 1295 3228 qui
1317 3148 1421 3208 tributa

135 3252 257 3331 erigunt
277 3256 307 3311 et
326 3251 489 3330 inquirunt

219 3350 304 3423 Quod
326 3359 424 3414 autem
448 3351 590 3423 diximus,
619 3371 686 3414 eura
708 3353 798 3414 luisse
820 3351 1003 3432 temporibus
1024 3350 1129 3414 lustlni
1152 3364 1181 3413 et
1202 3351 1371 3421 lustiniaui,
1395 3360 1424 3412 et

96 3452 233 3519 soadbuc
258 3457 501 3516 commemoratio
529 3457 561 3516 ut
589 3453 744 3516 consulum
773 3457 805 3516 in
835 3452 940 3515 titulis:
975 3455 1048 3515 hacc
1075 3457 1149 3515 ratio
1175 3453 1319 3535 probatur
1347 3472 1421 3522 esse,

134 3556 274 3637 quoniam
295 3555 352 3618 sub
373 3556 602 3637 imperatoribus
625 3555 838 3618 ordinabantur
861 3554 984 3635 singulis
1004 3557 1089 3617 annis
1112 3556 1170 3617 duo
1193 3554 1343 3624 consules,
1373 3556 1422 3634 qui

134 3667 242 3721 statum
265 3659 309 3718 rei
331 3656 466 3745 publicae
488 3677 565 3720 anno
588 3661 706 3737 integro
728 3657 984 3725 administrarent,
1009 3666 1052 3725 et,
1081 3660 1158 3719 sicut
1184 3658 1233 3718 bic
1254 3657 1421 3718 manifesta-

134 3768 194 3831 tur,
217 3757 357 3839 Olybrius
379 3760 426 3820 uir
448 3759 629 3822 clarissimus
652 3768 681 3821 et
703 3758 831 3821 lulianus
852 3758 902 3820 illo
925 3778 1002 3820 anno
1020 3759 1204 3822 consulatum
1225 3761 1422 3820 amministra-

134 3861 221 3933 baut,
245 3879 304 3942 quo
326 3862 496 3923 Priscianus
519 3864 616 3942 coepit
638 3861 692 3923 bos
715 3879 894 3942 componere
917 3861 1023 3930 libros,
1047 3879 1170 3942 quorum
1195 3864 1284 3923 unius
1312 3863 1422 3921 mentio

94 3966 167 4027 ssllt
186 3965 218 4025 ln
241 3962 334 4034 titulo,
358 3962 480 4025 alterius
502 3965 659 4033 reticetur,
687 3965 755 4043 quia
785 3965 814 4024 in
844 3963 1017 4025 salutatione
1046 3962 1187 4043 epistolae
1215 3963 1318 4025 loliani
1341 3982 1421 4024 coru·

133 4072 317 4128 memoratur
340 4084 459 4128 nomen.

202 4355 376 4407 2blaantium
446 4358 549 4407 timore
616 4355 767 4417 Squeritur
836 4357 868 4406 lt)
879 4356 992 4416 queritur
1026 4356 1179 4421 patritium
1229 4357 1260 4405 13
1273 4355 1423 4405 scolasticus

136 4424 169 4474 lb
180 4423 285 4474 dionisii
320 4423 464 4473 memoralis
535 4425 566 4472 16
578 4424 705 4485 questoris
719 4424 823 4488 scripsit
891 4425 922 4472 17
935 4424 1039 4471 dionisii
1058 4420 1149 4472 udet
1167 4426 1182 4471 cl
1251 4426 1285 4474 23
1302 4423 1350 4473 luit
1366 4425 1419 4485 qni·

134 4492 194 4542 dam
229 4493 357 4555 questoris
425 4493 608 4553 acquescens
676 4493 858 4551 acquescens
911 4492 1044 4552 questibus
1113 4494 1145 4543 33
1165 4488 1341 4539 olibriusr‘rc
1390 4493 1423 4543 34

134 4560 204 4629 cepit
239 4556 327 4628 unius]
345 4576 381 4611 ac.
402 4560 500 4626 Olpdrt't
517 4575 604 4612 nomen
621 4562 699 4609 conon
718 4561 897 4622 inscriptiones
914 4566 1059 4609 memorant.
