3420 5378
515 311 554 364 ru
572 310 655 366 oon.
675 311 802 364 cursu
819 311 999 367 umoceu.
1348 309 1411 374 205

116 500 235 561 ‘tumet’
251 500 282 560 in
305 500 499 569 nominatiuo,
523 518 560 560 ne
577 499 705 561 uerbum
721 518 786 560 esse
801 508 938 579 putetur;
964 508 1089 569 uosmet,
1105 512 1238 561 uestrum
1254 499 1301 560 uel
1318 502 1410 560 uestri

116 618 176 661 non
198 601 325 679 recipiet
345 605 440 662 ‘mett
484 599 583 671 lllic,
607 619 642 661 er
660 599 709 661 ille
725 608 755 662 et
770 598 833 669 hic:
857 603 962 669 istic,
989 620 1025 662 ex
1047 602 1102 662 iste
1125 610 1155 662 et
1176 600 1240 661 hic:
1264 603 1317 661 ista
1339 608 1407 660 sunt

115 700 256 763 aduerbia
286 700 353 762 loci.
398 700 510 763 lllicine
539 720 573 761 ex
597 701 647 761 illc
671 711 700 761 et
726 702 824 762 hicine
852 720 907 780 pro
935 701 1050 763 illicne:
1087 701 1215 762 ‘illicine
1243 711 1287 763 est
1317 703 1410 763 irater

114 805 206 873 tuus’,
229 821 285 882 pro
307 800 415 863 illicne.
461 803 578 863 Isticine
601 801 637 863 ab
660 804 716 863 iste
739 812 768 863 et
791 804 903 871 hicine,
928 814 960 864 ut
981 805 1117 865 ‘isticine
1140 813 1197 874 est,
1222 803 1259 864 de
1282 820 1340 880 quo
1363 804 1408 864 di·

87 907 184 966 aristi
208 903 302 978 mihi’,
327 923 381 984 pro
403 906 521 965 isticne.
564 905 669 965 Hicine
691 923 746 983 pro
769 905 870 974 liicne,
901 907 976 966 sicut
998 906 1035 964 in
1059 904 1193 982 Regum
1216 903 1314 963 libro
1336 903 1407 982 legi·

113 1015 178 1066 tor:
215 1005 348 1067 Hicine
376 1015 433 1066 est
460 1008 523 1085 qui
551 1005 769 1083 ingreditur
799 1016 963 1067 nostram
992 1006 1151 1074 domum,
1175 1024 1230 1085 pro
1252 1005 1353 1073 liicne,
1378 1015 1408 1066 et

112 1109 221 1177 sicine,
250 1109 328 1168 sicut
350 1117 395 1168 est
415 1106 503 1168 illud:
541 1107 670 1168 Sicine
693 1125 757 1167 nos
780 1116 935 1185 separat
956 1126 1077 1168 amara
1101 1124 1213 1176 more,
1237 1090 1406 1186 prosicne,

114 1208 127 1291 ΙΙ
147 1206 207 1270 116
224 1208 234 1290 ΙΙ
259 1216 289 1268 ει
311 1211 434 1269 iterum:
458 1207 620 1268 Haecine
642 1207 770 1268 reddis
793 1208 940 1269 domino
962 1228 1017 1287 pro
1034 1209 1156 1269 haecne.
1188 1208 1302 1279 idem,
1326 1227 1406 1269 com·

112 1312 242 1390 positum
265 1318 311 1372 εει
333 1329 369 1370 er
393 1311 441 1369 ‘is’
464 1318 494 1369 et
516 1309 659 1371 ‘demum'
683 1309 761 1388 quod
784 1312 815 1370 iu
839 1311 1000 1371 masculino
1022 1328 1134 1389 genere
1156 1309 1340 1389 producitur,
1359 1319 1406 1371 ut:

74 1429 100 1469 ro
240 1410 330 1471 Viuo
354 1411 522 1472 nocendo
546 1410 706 1489 quidem,
731 1410 793 1471 sed
818 1430 869 1471 mo
892 1421 1015 1472 manet
1036 1413 1159 1473 esitus
1182 1409 1285 1471 idem.

111 1513 147 1575 Et
171 1517 295 1576 iterum:

238 1614 334 1676 idem
359 1632 459 1676 amor
482 1614 635 1675 esitium
657 1616 789 1692 pecori
812 1616 1038 1694 pecorisque
1061 1615 1251 1692 magistro.

111 1717 144 1777 ln
168 1725 274 1779 neutro
298 1736 370 1777 uero
393 1719 562 1796 corripitur,
586 1725 634 1776 ut:

239 1819 345 1879 Esset
368 1836 431 1897 par
453 1826 555 1878 aetas
575 1826 610 1877 et
632 1816 726 1878 idem
750 1820 779 1878 si
802 1817 920 1879 robur
942 1819 976 1877 in
1000 1819 1129 1887 armis,

73 1928 156 1981 sset:
237 1918 393 1981 Mortale
415 1938 551 1998 corpus
573 1919 668 1979 idem
692 1918 900 1980 immortale
922 1927 1105 1996 resurget.

649 2139 697 2200 us
721 2137 853 2200 VERBO.

198 2257 230 2320 o.
248 2258 405 2320 Verbum
428 2256 614 2338 quidest?
644 2257 783 2327 Verbum,
807 2257 885 2338 quod
909 2257 1021 2319 Graece
1044 2253 1133 2338 ῥῆμα
1156 2259 1274 2329 dicitur,
1297 2276 1313 2317 a
1336 2277 1404 2319 uer·
1419 2266 1513 2318 εδει*

111 2360 259 2429 herendo,
285 2362 313 2420 ·i·
330 2380 347 2421 a
362 2360 497 2421 l'erieudo
520 2359 642 2426 dicitur,
668 2378 702 2418 eo
718 2359 796 2438 quod
820 2359 979 2420 uerberato
1002 2378 1071 2421 aere
1094 2359 1266 2440 plectroque
1288 2357 1406 2438 linguae

110 2463 265 2523 formetur.
311 2465 368 2521 Aer
391 2462 468 2522 euim
493 2461 570 2521 intra
593 2468 675 2537 septa
699 2462 759 2520 oris
781 2460 894 2539 plectro
917 2459 1036 2539 linguae
1063 2461 1103 2520 ·i·
1128 2460 1314 2523 reuolutione
1337 2479 1405 2538 per·

72 2565 222 2625 meutitur
245 2571 274 2623 et
296 2562 389 2624 uerba
412 2564 593 2630 formentum
618 2560 666 2622 uel
688 2560 852 2623 secundum
876 2564 1123 2640 Augustiuum
1147 2561 1272 2623 uerbum
1297 2561 1406 2622 dicitur

111 2684 127 2726 a
151 2683 224 2726 uere
246 2663 375 2740 boando,
401 2667 460 2725 ·i·a
485 2683 556 2725 uere
579 2663 720 2724 sonando.
766 2661 849 2731 Quod
872 2665 898 2723 si
921 2665 960 2723 ita
983 2672 1041 2731 est,
1066 2665 1163 2723 omnia
1188 2682 1258 2723 uera
1281 2661 1405 2723 dicenda

111 2776 180 2828 sunt
202 2766 305 2828 uerba.
351 2766 511 2827 Sciendum
535 2775 594 2833 est,
618 2765 697 2842 quod
714 2782 819 2825 omnes
835 2772 934 2842 partes
950 2763 1067 2824 ‘uerba'
1084 2763 1142 2823 dici
1158 2772 1289 2842 possunt.
1315 2763 1405 2823 Verbi

110 2871 218 2946 gratia:
241 2866 384 2928 ‘Verbum
407 2867 478 2927 iecit
499 2865 588 2926 hodie
611 2866 714 2927 consul
737 2867 773 2927 ad
795 2864 962 2946 populum',
985 2884 1053 2927 cum
1071 2884 1131 2927 non
1154 2865 1191 2926 de
1213 2866 1315 2927 uerbis
1335 2865 1406 2926 solis
1447 2864 1451 2871 '

109 2971 166 3031 luit
186 2969 313 3031 locutus.
359 2966 417 3028 Sed
446 2967 519 3027 haec
547 2985 616 3046 pars
643 2967 702 3027 hoc
730 2984 838 3027 nornen
861 2967 918 3028 sibi
939 2969 1061 3046 proprie
1087 2967 1231 3046 possidet,
1261 2985 1297 3028 eo
1326 2966 1404 3045 quod

72 3070 231 3149 seignur
258 3071 298 3131 sit
324 3069 390 3130 aliis
412 3078 442 3129 et
464 3066 640 3147 prolixiores
667 3068 757 3129 habet
784 3067 1000 3129 declarationes
1023 3071 1104 3129 etin
1127 3077 1226 3129 nostra
1256 3068 1404 3131 locutione

109 3174 299 3250 frequentius
321 3171 457 3251 ponitur,
482 3178 514 3229 ut
536 3176 581 3230 est
602 3168 690 3230 illud:
725 3173 780 3230 ‘eo
804 3168 839 3230 ad
864 3169 959 3231 lorum
982 3178 1012 3230 et
1035 3169 1102 3230 uolo
1125 3169 1229 3230 uidere
1250 3171 1402 3232 amicum!

110 3273 147 3335 ll.
164 3273 254 3335 Pars
268 3272 470 3341 orationis,
489 3273 520 3331 ·i·
537 3289 594 3332 una
616 3273 731 3350 species
745 3271 923 3333 Latinitatis.
968 3271 1053 3333 Cum
1078 3281 1242 3352 tempore
1263 3280 1299 3333 ει
1318 3291 1402 3353 per·

109 3392 210 3436 sona.
248 3373 328 3435 Haec
343 3373 402 3434 duo
422 3391 541 3452 semper
556 3373 750 3434 inueniuntur
771 3374 801 3433 in
825 3373 930 3434 uerbo.
973 3374 1105 3452 Tempus
1127 3375 1206 3435 enim
1230 3373 1280 3435 ubi
1302 3375 1403 3441 luerit,

109 3475 220 3538 ibidem
244 3484 274 3536 et
295 3493 439 3556 persona,
469 3482 502 3534 ut
530 3473 595 3554 lego
625 3493 768 3555 praesens
797 3485 914 3551 tempus
943 3482 1038 3536 estet
1060 3476 1156 3555 prima
1178 3493 1322 3555 persona,
1345 3473 1404 3553 legi

72 3579 306 3658 repraeteritum
329 3585 359 3638 et
380 3579 476 3657 prima
498 3595 626 3656 persona
649 3584 679 3636 ει
700 3575 767 3636 ideo
788 3595 881 3637 unum
905 3578 969 3637 sine
992 3579 1085 3638 altero
1108 3595 1167 3639 non
1183 3578 1334 3638 nucnltur.
1372 3575 1405 3635 Si

110 3686 209 3741 autem
232 3697 358 3758 persona
386 3680 527 3747 deluerit,
558 3676 683 3738 uerbum
712 3677 858 3755 redigitur
880 3679 910 3739 in
939 3679 1142 3758 participium,
1171 3688 1304 3757 tempore
1330 3695 1403 3737 uero

111 3779 209 3842 ablato
225 3799 280 3861 pro
296 3781 416 3842 nomine
432 3788 560 3861 putetur.
592 3780 682 3840 Sine
705 3797 800 3840 casu.
833 3778 914 3840 Bene
934 3779 1008 3839 dini
1023 3780 1101 3840 ‘sine
1117 3784 1210 3850 casu’,
1234 3780 1301 3859 quia
1323 3780 1402 3858 qui·

110 3882 190 3943 dam
213 3881 373 3944 uoluerunt
388 3901 475 3943 casus
497 3900 562 3943 esse
585 3883 616 3942 in
639 3880 734 3943 uerbo
756 3883 786 3942 in
802 3881 956 3942 inlinitiuis
972 3880 1076 3950 modis,
1101 3880 1179 3941 unde
1195 3887 1224 3940 et
1238 3879 1402 3940 Persius:

111 3983 221 4045 Scire
244 3992 342 4044 tuum
367 3982 461 4042 nilril
485 3990 540 4043 est
563 3985 637 4043 nisi
659 3992 693 4044 ιε
715 3983 816 4043 scire
838 3982 906 4043 hoc
929 3984 1024 4044 sciat
1045 3983 1155 4052 alter,
1180 3984 1211 4043 ·i·
1235 3988 1283 4042 tua
1306 3982 1403 4042 scien-

71 4085 151 4145 sstia
168 4081 180 4165 ll
200 4081 259 4145 117
277 4080 306 4164 ll,
331 4091 360 4144 et
374 4086 411 4144 in
427 4082 644 4160 Euangelioz
668 4083 713 4144 lia
737 4084 825 4144 mihi
848 4083 995 4152 bibere,
1020 4085 1049 4143 ·i·
1065 4094 1183 4162 potum,
1199 4082 1277 4162 quod
1289 4082 1404 4145 Graece

110 4185 220 4247 dicitur
242 4181 300 4257 δός
321 4203 378 4265 μοι
399 4191 499 4249 πιεῖν.
544 4185 645 4246 Hesio
667 4193 767 4246 autem
789 4184 894 4246 bibere
922 4186 1082 4263 significan
1111 4185 1181 4245 hinc
1209 4184 1312 4263 pitisso
1339 4187 1404 4245 siue

110 4296 181 4368 poto
204 4286 321 4348 dicitur.
367 4286 424 4347 Sed
447 4285 578 4347 Donatus
600 4288 680 4348 ‘sine
704 4288 791 4349 casu’
816 4287 897 4357 dixit,
919 4288 990 4367 quia
1012 4287 1068 4347 hcc
1090 4304 1150 4347 non
1172 4286 1290 4365 recipit.
1335 4289 1403 4347 Aut
1416 4293 1488 4344 ³⁵⁹‚5

177 4508 194 4557 o
212 4520 236 4556 ec
253 4508 333 4556 sicine
350 4502 428 4569 sicut]
447 4519 472 4554 ot
489 4507 555 4554 sieut
572 4506 652 4554 sicine
670 4516 697 4554 ut
743 4506 746 4511 ’
795 4509 826 4558 10
845 4509 905 4557 uiuo
924 4506 1038 4556 nocendo
1056 4504 1118 4572 ete]
1139 4506 1296 4571 Aenigmotia
1313 4522 1404 4557 ιιεειιιε

109 4590 166 4626 erse
177 4576 279 4626 uidencr
348 4576 378 4624 12
395 4574 462 4623 idem
476 4568 561 4640 umor]
579 4573 656 4638 Verg.
669 4573 726 4624 Eei.
739 4574 791 4624 Ill
801 4578 850 4624 101
920 4577 951 4625 14
964 4574 1038 4623 Esset
1050 4572 1108 4640 par]
1126 4577 1204 4639 Verp.
1218 4575 1284 4625 Aen.
1297 4575 1341 4624 XI
1353 4576 1404 4624 m

110 4645 142 4693 l'i
161 4657 237 4708 grece
304 4644 337 4693 20
354 4638 540 4706 Augustinum]
559 4643 627 4704 Aup.
647 4644 708 4693 dini.
725 4659 752 4707 p.
766 4646 791 4707 9,
803 4645 839 4693 13
857 4645 898 4694 ed.
912 4643 1049 4705 Greeedus,
1067 4644 1102 4706 es.
1123 4644 1159 4696 H.
1178 4642 1246 4693 Keil.
1263 4660 1323 4693 ann.
1340 4645 1403 4708 phil.

108 4710 197 4764 Fleck.
216 4713 283 4761 1859
300 4728 325 4775 p.
339 4713 388 4760 155
456 4707 674 4775 cammoneas
721 4714 754 4762 33
772 4712 855 4762 modis
907 4707 1020 4775 Persius]
1039 4709 1171 4761 sceler
1222 4713 1255 4762 35
1273 4713 1298 4761 iu
1317 4711 1404 4760 Eunu-

109 4775 191 4846 gelio]
210 4778 267 4832 lod.
288 4777 333 4828 IV
349 4782 365 4826 7
433 4793 507 4844 grece
575 4781 608 4830 36
625 4779 673 4830 dos
691 4794 733 4828 mu
751 4781 805 4844 pin.
823 4780 868 4829 Pin
887 4791 969 4829 autem
