3420 5378
307 275 541 328 COMMENTVM
558 274 805 330 metellinensi}
823 277 862 329 IN
879 276 964 332 DON.
983 275 1109 328 ternu
1126 274 1308 328 limosum.
1388 273 1452 340 203

155 464 236 529 aliud
259 482 424 546 pronomen
448 463 538 526 hahet
560 466 744 534 uocatiuum,
767 465 825 525 nisi
848 464 977 526 secunda
999 482 1124 543 persona
1139 510 1232 527 .....
1249 464 1328 544 quod
1352 472 1398 526 est
1419 471 1451 526 tu

157 579 187 630 et
208 570 305 648 prima
328 584 455 646 persona
478 566 654 645 possessiui,
678 565 756 643 quod
772 574 818 627 est
833 583 915 627 meus
931 564 978 627 uel
993 575 1103 629 noster.
1134 565 1219 641 llle,
1244 567 1321 644 quod
1338 567 1451 627 Graece
1465 582 1578 634 panau

155 669 268 731 dicitur
290 655 405 741 αὐτός,
425 713 517 730 .....
541 666 632 728 hahet
653 667 683 727 in
705 685 738 729 se
759 666 1006 746 significationes,
1036 676 1067 728 ut
1092 666 1141 729 ille
1164 678 1194 729 et
1215 666 1274 728 ille.
1320 667 1453 746 lungitur

156 773 246 834 etiam
268 772 381 853 primae
402 786 563 849 personae,
585 776 631 829 ut:

127 893 141 933 s
243 914 245 918 ,
285 870 353 934 llle
376 890 457 951 ego.
481 869 747 952 quiquoniam
771 871 907 950 gracili
929 869 1142 932 modulatus
1165 889 1292 932 auena.

235 972 247 1056 ll
266 970 353 1055 1131}
376 972 511 1052 iungitur
533 981 563 1035 et
585 972 749 1043 secundae,
774 981 822 1034 ut:

155 1158 158 1163 Ι
562 1075 663 1136 Tune
686 1073 753 1135 ille
776 1093 814 1136 es
835 1074 996 1135 Aeneas?

156 1177 244 1256 ‘Ego’
260 1175 409 1255 quondam
424 1195 480 1257 per
501 1184 533 1238 'se
555 1175 706 1255 singulare
722 1185 786 1237 erat
800 1177 865 1236 sine
880 1174 1063 1255 pluralitate:
1087 1176 1223 1238 similiter
1243 1180 1322 1238 ‘uos’
1338 1176 1452 1258 plurale

157 1289 221 1341 erat
243 1280 307 1339 sine
330 1277 543 1357 singularitate.
588 1279 729 1340 Tractum
757 1286 803 1338 est
829 1286 966 1338 autema
991 1277 1196 1340 maiestatibns
1223 1277 1271 1341 uel
1300 1281 1451 1359 potestati·

118 1391 144 1431 1⁰
158 1381 229 1451 hus,
253 1380 362 1459 quibus
384 1377 534 1442 familiaris
557 1398 621 1440 mos
643 1389 688 1440 est
709 1398 829 1459 semper
851 1381 880 1440 in
904 1380 1009 1440 edictis
1031 1380 1092 1440 suis
1114 1377 1268 1458 pluraliter
1283 1380 1380 1462 loqui.
1405 1391 1451 1443 nt:

157 1483 307 1544 ‘decreuit
330 1490 428 1543 nostra
452 1484 610 1543 maiestas!
655 1481 818 1543 Plurimum
842 1490 956 1552 mouet,
986 1500 1040 1544 cur
1063 1482 1157 1561 prima
1180 1490 1210 1542 et
1231 1482 1362 1544 secunda
1385 1501 1452 1561 per·

157 1604 230 1647 sona
253 1583 383 1663 singulas
406 1602 497 1646 uoces
519 1583 644 1653 habeut,
669 1585 755 1644 tertia
778 1602 851 1645 uero
873 1602 936 1644 sex.
974 1582 1015 1643 nd
1032 1582 1090 1644 hoo
1112 1582 1363 1660 respondendum,
1380 1603 1452 1664 quo·

157 1687 236 1749 niam
259 1686 353 1765 prima
378 1693 407 1747 et
428 1680 561 1746 secunda
581 1685 680 1746 linitae
708 1692 829 1746 suntet
852 1693 954 1745 mutuo
982 1702 1102 1765 semper
1130 1684 1368 1762 praesentialiter
1390 1704 1453 1746 ser·

158 1789 359 1855 mocinantur,
384 1787 469 1847 tertia
485 1805 559 1847 uero
575 1785 733 1866 aliquando
748 1804 907 1865 praesens,
931 1785 1088 1863 aliquando
1104 1786 1227 1857 absens,
1244 1786 1332 1846 modo
1348 1805 1452 1866 prope,

119 1889 247 1953 amodo
269 1889 372 1967 longe,
403 1887 490 1948 modo
512 1888 760 1956 demonstratura.
790 1887 878 1948 modo
901 1886 1023 1948 relatiua
1047 1896 1170 1967 propter
1194 1890 1291 1949 uarias
1314 1888 1453 1949 ditl'eren-

157 1993 213 2054 tias
235 2009 286 2053 sex
309 1988 396 2050 habet
422 2007 519 2051 uoces.
565 1988 636 2050 ‘llle
659 1990 751 2050 irater
774 1988 871 2067 legit’,
895 1987 962 2050 ‘illa
986 1988 1111 2068 puella',
1142 1988 1227 2049 ‘illud
1251 1990 1453 2069 mancipium'.

155 2093 211 2155 llic
233 2095 291 2153 iarn
313 2092 523 2152 discernuntur
544 2109 665 2170 genera.

243 2194 357 2255 ‘Minus
378 2211 467 2273 quam
490 2193 588 2253 finita’
612 2193 765 2262 dicuntur,
795 2194 814 2252 i.
839 2211 898 2253 non
922 2211 957 2253 ex
987 2200 1047 2253 toto
1076 2211 1174 2272 neque
1202 2194 1335 2271 perfecte
1362 2195 1606 2260 innectentes

159 2293 286 2367 Quando
308 2295 387 2355 enim
412 2293 449 2354 de
471 2294 588 2372 cognito
611 2295 657 2355 uel
682 2294 719 2355 de
741 2296 890 2374 praesenti
913 2294 1060 2363 dicuntur,
1085 2295 1167 2356 imita
1182 2301 1265 2365 sunt:
1289 2313 1356 2355 eum
1380 2313 1454 2355 uero

118 2396 197 2459 rote
218 2396 367 2474 incognito
391 2395 438 2456 uel
461 2396 497 2455 de
520 2394 651 2464 absenti,
675 2397 787 2457 intinita
811 2405 889 2457 sunt.

243 2496 443 2559 ‘Articularia’
466 2496 605 2559 dicuntur
629 2497 701 2560 lraec
723 2500 917 2577 pronomina,
947 2516 982 2558 eo
1005 2497 1083 2578 quod
1108 2516 1162 2578 pro
1184 2497 1317 2559 articulis
1339 2511 1606 2578 ponan·et·n·³⁵⁷.³⁵
1661 2536 1666 2544 ·

158 2608 217 2662 tur.
262 2600 368 2661 Graeci
396 2607 494 2660 autem
523 2606 638 2677 partem
667 2599 860 2661 articulorum
883 2598 1008 2673 habent,
1039 2618 1125 2680 cluam
1149 2618 1205 2660 nos
1228 2619 1287 2661 non
1310 2598 1455 2660 habemus

158 2703 240 2763 etin
270 2700 374 2762 ultimo
402 2718 466 2761 earn
496 2707 624 2779 ponunt,
653 2700 704 2761 ubi
734 2720 787 2762 nos
814 2703 1051 2762 interiectionem
1081 2702 1228 2780 ponimus
1273 2701 1352 2780 Ergo
1381 2700 1455 2761 haec

159 2805 351 2884 pronomina,
381 2803 401 2862 i.
425 2801 473 2861 hic
496 2801 569 2862 haec
592 2801 663 2870 lroc,
692 2801 858 2863 articularia
887 2810 1046 2872 uocantur,
1076 2804 1144 2881 quia
1167 2819 1222 2879 pru
1244 2801 1378 2863 articulis
1400 2819 1453 2880 po·

120 2915 282 2967 acuatur.
327 2904 600 2982 ‘Praepositiunm'
623 2902 730 2963 dicitur
753 2922 787 2964 eo
810 2903 888 2981 quod
912 2905 1041 2982 primum
1063 2891 1205 2981 penatum
1235 2904 1454 2965 ‘demonstrati-

160 3009 255 3076 num',
279 3007 347 3084 quia
369 3006 399 3065 in
423 3004 675 3066 demonstratione
699 3017 834 3084 ponatur,
857 3016 889 3065 m
911 3003 972 3064 ‘liic
987 3006 1080 3066 lecit'.
1119 3004 1280 3066 Sciendum
1303 3014 1358 3075 est,
1375 3004 1454 3082 quod

160 3110 234 3170 ‘hic’
258 3124 422 3188 pronomen
444 3124 562 3186 semper
585 3103 748 3185 corripitur
770 3115 799 3167 et
820 3106 894 3167 ‘hic'
918 3104 1092 3167 aduerbium
1115 3107 1307 3186 producitur,
1330 3116 1363 3167 ut
1378 3109 1454 3168 Vir·-

160 3209 290 3290 gilius:
567 3208 635 3269 llic
657 3209 729 3277 uir,
753 3208 813 3268 hic
836 3205 993 3269 esttibi.

159 3327 236 3403 llic,
253 3328 300 3389 uir
315 3326 402 3406 legit;
426 3326 544 3402 huius,
564 3327 621 3387 uiri
637 3324 778 3405 legentis:
801 3326 902 3401 haec,
920 3324 1028 3388 mulier
1043 3335 1155 3396 cantat;
1180 3327 1257 3397 lroc,
1274 3329 1453 3408 mancipium
1467 3341 1579 3395 odanto

121 3428 246 3492 elnon.

246 3529 272 3590 ls
294 3530 553 3591 ‘subiunctiuum'
577 3530 699 3600 dicitur,
723 3533 792 3611 quia
815 3548 934 3609 semper
956 3532 1154 3610 subiungitur.
1199 3530 1355 3593 Praecedit
1377 3533 1455 3593 enim
1472 3543 1609 3597 etr-³⁵8,³

161 3650 281 3700 nomon,
296 3631 488 3712 subsequitur
502 3650 678 3712 pronomen,
703 3639 749 3693 ut:
773 3635 899 3694 ‘Aeneas
913 3632 991 3694 tilius
1008 3635 1144 3703 Veneris;
1168 3636 1194 3694 is
1209 3634 1284 3697 uicit
1298 3631 1455 3693 Turnum)

161 3733 272 3796 Dicitur
296 3741 326 3793 et
347 3732 521 3802 relatqum,
552 3753 587 3793 eo
616 3734 693 3811 quod
723 3734 906 3813 praecedens
934 3753 1043 3795 nomen
1066 3734 1112 3795 uel
1136 3734 1364 3813 praecedentem
1387 3752 1456 3814 per-

159 3852 263 3896 sonam
286 3844 407 3896 renocat
428 3835 464 3895 ad
494 3837 682 3905 memoriam,
714 3845 760 3896 ut:
798 3835 956 3897 ‘liominns
984 3837 1066 3897 lesus
1094 3835 1244 3903 Christum
1273 3836 1299 3896 is
1322 3844 1382 3910 est,
1406 3836 1457 3916 qui

121 3938 235 3999 anteit
263 3935 428 4007 diabolum,
451 3933 462 4018 ΙΙ
487 3933 547 3997 114
568 3934 579 4019 ΙΙ
602 3939 664 3997 eirrs
691 3939 785 4015 gratia
814 3936 918 3997 saluati
946 3955 1064 4016 sumus,
1094 3938 1120 3996 ei
1148 3936 1265 3998 laudem
1294 3935 1398 3997 demus
1427 3947 1457 3998 et

161 4038 321 4108 honorem,
352 4057 420 4099 eum
450 4036 619 4107 latnlamuS,
649 4038 686 4098 ab
709 4058 744 4097 eo
775 4039 919 4118 redempti
949 4040 1075 4099 sumus’
1119 4038 1238 4099 ‘Sancti
1266 4037 1406 4118 apostoli,
1436 4039 1456 4098 ii

160 4147 246 4208 sunt,
268 4141 319 4220 qui
342 4139 428 4202 nolris
451 4139 617 4201 doctrinam
642 4139 801 4206 dederunt,
831 4158 933 4200 eurum
957 4140 1043 4200 (lictis
1066 4139 1172 4200 eruditi
1195 4157 1312 4208 sumus,
1336 4140 1379 4200 eis
1401 4139 1454 4200 lro-

161 4258 266 4303 norem
295 4241 413 4311 demus,
443 4260 494 4302 cos
522 4238 689 4312 laudamus,
719 4241 756 4302 ab
785 4243 828 4302 eis
856 4240 953 4301 educti
975 4245 1102 4302 sumus’
1146 4242 1269 4302 ‘Sancta
1291 4240 1397 4311 llaria,
1421 4259 1455 4302 ea

231 4531 245 4579 1
265 4526 389 4594 persona]
409 4531 451 4579 An
467 4530 589 4595 seriptum
604 4530 668 4592 seit:
688 4544 799 4595 persona
813 4528 976 4594 personalis?
1045 4528 1125 4586 aitte,
1138 4528 1207 4593 prend
1217 4529 1327 4589 ermnoit,
1340 4530 1458 4592 suppleat

231 4612 306 4662 grece
374 4594 495 4662 alono]
515 4599 569 4647 An:
589 4598 681 4648 multus
700 4596 791 4646 habet?
872 4597 950 4647 nltte
967 4594 1028 4662 ego]
1052 4597 1130 4659 Vero.
1149 4597 1216 4645 Aen.
1235 4596 1283 4645 11
1354 4596 1457 4644 lTune

161 4663 318 4792 fflrilaserp.
339 4666 404 4720 Aen.
426 4666 509 4715 1617
577 4681 655 4715 aenou
741 4666 773 4714 ‘22
792 4665 860 4730 greci
947 4667 979 4717 27
999 4660 1135 4731 Virgilius]
1158 4666 1222 4713 Aen.
1246 4663 1287 4713 VI
1306 4667 1355 4714 792
1424 4665 1456 4715 37
