3420 5378
624 148 733 199 cont).
753 149 882 200 Buthrt.
902 152 951 201 52⁶2
971 155 999 202 ei
1016 153 1074 203 43⁶2.
1412 168 1499 215 xu111

206 343 251 399 itte
280 341 391 416 utique,
420 359 489 416 quae
518 358 569 398 nee
597 341 706 398 auditur
730 336 795 416 (us)
824 359 875 397 uec
905 343 1027 416 tangitur
1057 341 1139 418 (us),
1173 344 1243 400 sicut
1271 345 1370 400 dieitur
1397 344 1500 401 iustitia

206 428 292 501 pietas
314 435 341 482 et
364 426 478 500 relique.
522 427 636 500 Proprie
658 419 723 497 (ee)
747 426 780 481 ad
803 443 904 500 eorpus
926 429 1060 500 pertinet,
1090 431 1152 503 quin
1176 446 1254 485 emrre
1277 446 1395 502 eorpus,
1426 430 1499 504 quod

206 520 297 587 potest
322 529 365 568 res
388 527 465 582 esse,
488 519 515 567 et
538 512 679 585 preprium
703 519 730 566 et
752 510 948 586 appellaIqum
971 511 1067 585 habet,
1097 523 1127 569 ut
1149 513 1249 570 ‹IIcitur
1276 514 1359 570 Iiorna
1388 515 1499 570 ciuitas:

205 598 387 655 communiter
409 595 441 652 ad
465 613 521 652 rem
545 595 705 669 coniungis,
736 595 840 652 scilieet
868 596 1035 670 spIritalem‚
1065 614 1134 672 quae
1157 617 1257 672 eorpus
1280 615 1340 655 esse
1364 616 1417 654 nen
1441 608 1501 672 pet·

206 693 264 753 est,
293 690 324 737 ut
345 680 443 738 dieitur
465 681 569 737 iustitia
597 681 685 755 pietas
709 675 843 757 [iustitia]
873 682 1007 754 dignitas,
1037 685 1098 756 quie
1127 682 1172 739 itte
1201 700 1309 755 semper
1335 686 1500 754 corumeuie,

207 767 276 824 idest
304 765 466 840 appellatiun
495 766 638 838 dicuntur,
666 767 728 840 quie
758 767 847 822 omnia
875 766 1007 840 spititaiie
1037 770 1143 824 neuriua
1167 769 1209 824 Iris
1233 767 1281 842 (lsi)
1303 768 1400 824 similis
1424 786 1501 824 num-

206 869 284 926 quam
309 853 466 925 preprium,
489 851 536 907 sed
558 866 665 925 semper
687 850 881 925 appellatiuum
904 852 1013 907 trabant.

292 969 349 1028 His
377 968 476 1027 uerbis
502 969 601 1027 cedes
623 970 666 1027 ad
684 971 773 1039 (inem
798 969 964 1044 perductio
985 975 1043 1036 esl,
1073 971 1159 1028 cuius
1180 970 1301 1028 sieilia
1324 969 1501 1044 quibusdam

206 1088 300 1144 neptae
327 1071 415 1128 meriti
439 1072 534 1144 prelii
553 1070 673 1144 publici
698 1070 773 1130 iuris
795 1068 908 1141 secisse
936 1072 1054 1143 uidear,
1084 1072 1118 1129 iel
1138 1077 1166 1128 ct
1188 1074 1336 1130 assentior
1354 1069 1452 1142 facite
1472 1077 1501 1129 et

206 1173 263 1232 bac
285 1189 335 1232 eos
349 1187 438 1247 spero
454 1173 581 1245 inpenue
595 1168 803 1245 confessuros,
827 1171 904 1230 baec
925 1189 1042 1246 peoptae
1064 1172 1108 1230 ad
1127 1173 1220 1231 medii
1241 1174 1313 1231 acui
1332 1172 1501 1232 doctrinam

207 1273 393 1332 umbratilem
411 1275 534 1348 penitus
555 1273 793 1347 accrescendam
815 1289 874 1333 nou
896 1289 1026 1349 prorsus·
1047 1273 1146 1346 fuisse
1167 1276 1365 1348 neplependa.
1411 1274 1502 1348 Epul-

206 1378 271 1434 dem
293 1376 374 1435 bunc
395 1375 607 1450 artiprapltum
628 1376 757 1449 primum
773 1377 899 1450 repperi
917 1376 1009 1435 trium
1030 1377 1205 1449 linaearum
1228 1377 1392 1434 uarietates
1414 1382 1502 1449 atque

203 1479 406 1552 proprietates
428 1478 508 1536 inter
527 1493 560 1535 se
580 1483 806 1551 conparantes.

290 1578 352 1637 Sed
372 1579 420 1638 bis
441 1579 620 1653 appendicis
640 1581 705 1638 leco
733 1580 769 1639 eb
798 1580 953 1653 quandam
980 1582 1153 1653 arpumenti
1178 1579 1402 1640 similitudinem
1430 1580 1502 1638 libet

206 1683 389 1754 adiunpere,
418 1682 548 1754 quaein
571 1687 708 1740 extreme
733 1682 847 1741 codicis
871 1680 1033 1740 Bernensis
1056 1689 1115 1739 432
1131 1683 1253 1756 punina
1274 1698 1352 1741 saec.
1378 1680 1506 1739 tet-lt

206 1785 244 1841 ate
267 1783 381 1842 Donati
401 1790 468 1841 erte
489 1785 605 1858 scripta
627 1790 697 1842 sunt
719 1786 807 1857 peresi
827 1785 1059 1842 introductoria.
1103 1782 1180 1843 Sem
1203 1790 1302 1843 etitem
1324 1783 1417 1842 baec:
1483 1811 1499 1869 χ

290 1886 433 1942 Sciendum
457 1895 499 1942 est
521 1886 626 1960 prime,
656 1888 718 1960 quie
747 1888 897 1943 aucteritas
924 1889 1118 1960 scripturarum
1148 1887 1190 1943 uel
1219 1888 1316 1943 artium
1340 1886 1501 1961 plerumque

208 1971 294 2027 trilms
322 1970 527 2027 commendatur
555 1973 658 2043 medis,
688 1972 757 2028 idest
780 1972 956 2029 eorrsrrmater
978 1988 1111 2044 persona,
1135 1972 1195 2029 lece
1219 1981 1247 2028 et
1270 1982 1407 2045 ternpore,
1431 1971 1502 2027 sieut

206 2056 337 2129 scriptum
361 2064 403 2111 est
427 2056 453 2110 In
476 2056 635 2129 euangelio:
668 2056 748 2113 ‘Cum
774 2067 853 2113 natus
876 2065 949 2112 esset
971 2055 1046 2112 lesus
1069 2059 1096 2112 In
1119 2055 1255 2114 Bethleem
1283 2057 1378 2112 ludeae
1401 2055 1502 2127 (iudae)

207 2142 234 2195 In
257 2138 351 2196 diebus
374 2139 488 2196 IIeredis
510 2141 606 2215 regis)
652 2142 768 2199 dicende
798 2144 884 2197 euim:
922 2140 993 2197 ‘curri
1024 2151 1103 2197 uatus
1131 2151 1204 2197 esset
1232 2140 1330 2210 Iesus’‚
1357 2157 1502 2215 personam

206 2224 341 2290 ostendit3
369 2224 506 2281 ealdendo:
536 2225 581 2282 ‘iu
605 2226 741 2283 Bethleem
764 2226 859 2283 Iudeee
882 2225 999 2297 (Iudae)’
1029 2226 1118 2283 losum
1148 2227 1318 2282 demonstret
1340 2235 1367 2280 et
1390 2225 1502 2281 subiun-

206 2309 311 2383 gendo:
335 2309 373 2364 ‘in
397 2306 492 2365 diebus
515 2311 641 2367 IIerodis'
666 2320 773 2386 tempus
796 2311 923 2368 declarat.
953 2311 1070 2368 Persona
1092 2320 1181 2368 nutem
1206 2313 1286 2367 leuius
1308 2311 1374 2366 artis
1397 2311 1502 2381 tronea,

206 2394 282 2451 loeus
309 2395 391 2452 Roma
420 2404 478 2467 est,
512 2404 648 2469 tempere,
680 2405 710 2452 ut
733 2397 834 2468 fertur,
863 2396 1020 2452 Constantis
1043 2395 1217 2471 ImperaterIs
1241 2395 1289 2452 filii
1313 2395 1500 2451 Constantini:

206 2480 317 2554 scripsit
339 2481 408 2536 lrarre
430 2488 515 2537 artem
540 2482 616 2537 iussu
639 2480 698 2537 Iulii
722 2497 814 2556 papae.

290 2580 365 2640 Eius
391 2580 506 2639 codicis
533 2588 744 2654 aequamentum
774 2589 933 2648 accurate,
961 2588 994 2642 ul
1021 2584 1108 2648 solet,
1136 2582 1296 2656 descripsit
1321 2580 1360 2638 H.
1384 2581 1503 2639 [icilius

200 2681 306 2757 praes.
336 2683 380 2740 ad
407 2681 598 2742 Consentium
625 2699 657 2758 p.
682 2688 746 2740 329.
775 2688 841 2742 333.
886 2682 949 2742 Sed
978 2685 1009 2744 in
1043 2685 1165 2743 ultimae
1191 2684 1331 2759 popinae
1364 2681 1503 2754 maraine

205 2783 361 2856 inferiori,
396 2798 475 2858 puae
507 2783 546 2842 de
571 2785 754 2844 monasterio
782 2785 961 2845 Miciacensi
986 2787 1103 2860 scripta
1130 2790 1213 2850 seint,
1246 2785 1290 2843 ita
1317 2798 1349 2842 se
1375 2782 1502 2842 babent:

206 2883 260 2943 llic
284 2890 329 2943 est
350 2881 425 2944 Iiber
448 2885 542 2945 saneti
564 2884 714 2945 maritumi
738 2886 920 2945 miciacemsi
942 2883 1124 2961 neoneslterii
1146 2901 1235 2962 quam
1250 2886 1277 2945 si
1293 2884 1358 2962 quis
1373 2882 1410 2943 de
1425 2884 1501 2944 istoc

205 2983 271 3044 lece
291 2984 296 3064 Ι
315 2983 445 3064 Vespitle
467 3005 577 3065 sep...
613 2988 748 3047 Ceterum
770 2989 847 3047 baec
868 2988 963 3047 uerba
985 2991 1086 3048 emnia
1108 2991 1138 3048 in
1161 3004 1274 3048 rasura
1295 2988 1414 3062 scripta
1433 2992 1502 3046 sunt

206 3090 287 3161 elia,
318 3104 379 3163 pua
405 3096 523 3158 cetera,
552 3107 655 3150 manu.
702 3090 839 3151 Codicem
862 3089 947 3149 Petri
966 3090 1104 3149 Danielis
1128 3088 1240 3160 fuisse,
1266 3091 1446 3165 priusquam
1469 3090 1501 3166 in

207 3189 374 3264 Benearsii
389 3197 567 3265 potestatem
591 3194 725 3265 ueniret,
750 3209 817 3252 cunr
839 3193 993 3268 suspicari
1012 3199 1244 3252 consentaneum
1265 3193 1318 3264 sit,
1343 3197 1404 3250 tem
1425 3207 1503 3249 cen-

203 3295 346 3363 firmatur
374 3307 425 3364 ea,
455 3295 537 3367 qued
563 3294 698 3354 Danielis
724 3309 817 3353 aranu
844 3301 872 3353 et
899 3295 1004 3353 titulus
1031 3294 1167 3353 uniuersi
1191 3293 1264 3352 libri
1290 3295 1323 3352 in
1345 3293 1504 3367 peculiari

205 3393 349 3454 schedula
375 3396 508 3469 scriptus
534 3402 578 3455 est
604 3401 634 3455 et
661 3397 773 3457 multae
798 3396 925 3470 sinuatis
950 3396 1074 3469 popinis
1095 3403 1184 3454 notae
1205 3395 1354 3453 adiectae.
1400 3392 1504 3467 Itaque

206 3511 280 3554 itere
308 3495 408 3554 statim
430 3502 502 3569 pasl
528 3496 613 3557 Petri
632 3497 767 3557 Danielis
788 3504 912 3557 mortem
935 3497 1126 3571 Benearsius
1153 3497 1235 3556 bunc
1262 3496 1397 3555 codicem
1419 3510 1502 3553 seem

204 3595 296 3670 fecit,
320 3596 375 3655 sed
389 3599 482 3671 prior
503 3597 607 3658 babuit
629 3600 742 3660 Paulus
757 3599 916 3667 Patauius¹
939 3615 1024 3674 quem
1047 3614 1127 3659 anno
1151 3604 1227 3656 tutte
1248 3613 1309 3657 una
1331 3612 1399 3656 cum
1423 3595 1502 3654 Ben-

205 3700 311 3773 parsie
337 3698 421 3757 Petri
444 3699 581 3758 Danielis
615 3701 708 3761 libros
734 3702 838 3760 emese
871 3708 978 3761 auctor
1006 3709 1050 3761 est
1077 3701 1206 3778 Boplius
1232 3717 1255 3758 s.
1285 3715 1314 3758 u.
1344 3698 1502 3773 Danaam,

206 3803 292 3860 cuius
319 3816 426 3860 reemen
454 3817 636 3875 quemquem
659 3805 691 3862 in
713 3792 818 3862 codice
838 3820 985 3877 unusquam
1008 3810 1116 3880 aperte
1142 3804 1285 3877 scriptum
1313 3808 1372 3875 est,
1403 3808 1502 3859 tanren

205 3903 313 3962 litteris
335 3901 369 3960 P.
392 3902 427 3960 P.
450 3904 644 3964 adnotatieni
669 3906 701 3964 ia
723 3905 829 3979 prime
856 3907 973 3979 papiae
1001 3908 1136 3980 marpini
1162 3904 1340 3978 adscriptae
1365 3901 1503 3961 subiectis

205 4005 376 4079 sipnificari
397 4004 530 4080 uidetur,
559 4022 620 4080 quc
649 4007 698 4065 uir
720 4006 826 4065 doctus
854 4007 955 4066 eedem
977 4007 1065 4066 mede
1088 4007 1308 4067 Consentienec
1329 4005 1405 4062 certis
1427 4000 1502 4061 Ber-

205 4107 304 4165 nensis
325 4106 444 4164 titulum
460 4123 641 4180 perversum
670 4109 886 4182 interpretatus
908 4116 968 4177 est,
998 4126 1057 4184 qua
1077 4110 1195 4167 Keitins
1221 4105 1344 4166 librarii
1369 4120 1502 4163 errorem

204 4208 320 4267 subesse
343 4208 420 4266 uidit
435 4225 467 4282 p.
492 4215 556 4268 333.
582 4216 650 4268 eet.
695 4209 729 4268 Ρ.
753 4209 876 4268 Patauii
896 4217 1011 4278 autem,
1041 4213 1093 4285 qui
1119 4212 1173 4269 itte
1195 4207 1344 4267 uocabula
1367 4226 1500 4300 qumffi

206 4314 358 4382 (ιυηΑῐῡ
378 4311 464 4368 uncis
486 4311 622 4379 inclusit,
647 4311 739 4371 uerba
762 4311 838 4369 baec
859 4319 943 4370 sunt:
977 4310 1055 4370 ilaec
1079 4310 1170 4370 uerba
1194 4310 1325 4387 quidque
1348 4308 1501 4367 ciuitatum

81 4404 160 4439 ''⁴'‘
195 4407 242 4499 Β
270 4410 370 4489 Inepte
400 4411 546 4488 scriptore
575 4413 668 4490 posite
697 4419 765 4471 sunt
793 4429 827 4470 ex
852 4413 929 4471 netis
952 4412 986 4479 Q.
1011 4412 1041 4475 C.
1064 4429 1220 4491 perperam
1249 4407 1422 4477 intellectis,
1452 4410 1501 4487 qui

285 4512 316 4573 ui
338 4509 493 4572 dubitabat
515 4530 552 4572 an
575 4513 775 4590 significarent
797 4514 931 4591 quintum
955 4513 1109 4574 consulem
1125 4514 1320 4592 autquinque
1336 4511 1500 4571 ciuitatum.

314 4629 367 4675 ue
389 4630 491 4674 errare
514 4613 666 4674 uideretur
689 4621 847 4691 utrumque
870 4617 970 4693 posuit
991 4615 1023 4675 P.
1048 4615 1080 4677 Ρ.
1104 4617 1273 4690 Benparsii
1292 4629 1397 4674 nomen
1418 4619 1447 4672 el
1470 4614 1500 4672 in
