3420 5378
197 280 258 346 134
706 283 774 336 ans
793 283 970 337 suenrus

197 471 370 550 semiplena.
416 471 495 531 llaec
518 489 587 550 pars
601 473 623 544 †
638 470 675 530 de
698 472 835 532 nominae
857 471 988 550 peodens
1010 472 1131 532 iuuenta
1155 479 1215 539 est,
1239 490 1276 533 ne
1300 474 1424 533 iteratio
1448 490 1503 533 no·

197 575 284 633 minis
306 572 457 633 fastidium
486 581 616 641 crearet,
645 582 678 632 ut
700 580 759 632 est:
789 571 938 634 laudate
967 570 1155 633 dominum
1183 572 1225 633 de
1254 572 1390 642 caelis,
1420 571 1503 633 lau·

197 675 281 736 clato
312 693 391 735 eum
423 675 459 734 in
489 671 659 734 excelsis.
704 673 736 733 ln
760 675 964 754 conpositione
993 690 1064 751 ergo
1093 672 1182 733 lmius
1203 674 1296 752 partis
1317 672 1500 743 ostenditur,

197 776 275 857 qirod
298 777 396 837 oliicio
418 776 548 836 nominis
571 774 717 853 iungitur:
739 776 780 835 lta
803 775 882 835 enim
905 775 1047 835 dicuntur
1061 773 1118 834 liae
1134 774 1208 836 duae
1224 783 1326 855 partes
1342 775 1500 843 orationis,

196 879 272 939 idest
295 896 402 938 nomen
427 885 463 936 et·
478 894 657 955 pronomen,
687 877 763 937 sicut
785 883 905 937 curator
928 882 957 935 et
978 884 1164 954 procurator,
1188 874 1291 937 consul
1314 884 1347 937 et
1369 893 1524 956 procos-s

197 977 258 1049 sul,
287 985 436 1055 pugnator
464 985 493 1038 et
514 985 727 1058 propugnator.
772 977 854 1038 Sicut
883 979 961 1037 enim
992 995 1174 1056 praenomen
1202 976 1321 1048 dieitur,
1352 995 1390 1037 eo
1419 977 1499 1056 quod

200 1081 310 1140 nomini
332 1080 535 1159 praeponitur,
559 1082 600 1140 ita
623 1096 788 1157 pronomen
813 1079 994 1157 appellatur,
1019 1095 1054 1137 eo
1077 1077 1155 1156 quod
1178 1080 1293 1140 nomini
1317 1077 1499 1158 subponitur

199 1182 248 1242 uel
272 1182 469 1260 postponitur.
514 1179 578 1240 Non
607 1181 685 1240 enim
715 1181 845 1240 nascitur
874 1179 949 1239 llaec
978 1179 1143 1259 eloqoutio,
1173 1179 1230 1240 lmc
1252 1187 1298 1240 est
1319 1197 1498 1258 pronomen,

200 1284 255 1343 nisi
272 1291 341 1341 aitte
357 1282 521 1360 praemisso
538 1282 672 1349 nomine,
696 1286 735 1341 ιιι·
750 1289 810 1340 est:
826 1281 978 1357 ‘Virgilius
993 1281 1114 1360 scripsit
1129 1278 1277 1349 Bucolica,
1294 1281 1361 1361 ipse
1376 1282 1499 1361 scripsit

201 1384 367 1461 Georgica'.
413 1382 483 1442 ltem
509 1381 664 1443 Flaccus
692 1381 776 1442 dicit:
812 1382 972 1443 uidimus
1000 1400 1041 1441 ex
1070 1380 1250 1443 Hebraeis
1273 1383 1395 1443 uirum
1422 1380 1533 1443 ele-u

198 1495 342 1563 gautem
367 1492 402 1543 et
424 1483 596 1544 admirati
619 1500 698 1543 eum
721 1501 845 1543 sumus
866 1493 975 1560 atque
998 1481 1167 1562 amplexi.
1211 1481 1276 1543 lVon
1292 1484 1374 1544 enim
1391 1486 1499 1544 iterum

200 1586 276 1646 dixit
306 1586 422 1644 ‘uirum
451 1584 616 1652 admirati',
652 1584 702 1643 sed
733 1586 847 1644 ‘eum’.
893 1585 965 1644 ltem
993 1582 1174 1662 Virgilius
1200 1582 1299 1646 lllaro
1333 1601 1500 1663 pronomen

201 1687 344 1755 deliniunt,
368 1684 540 1746 cumdixit:
565 1703 770 1764 pronomen
794 1692 850 1746 est
874 1684 1220 1746 subministratoria
1244 1703 1332 1763 pars
1356 1686 1499 1747 oratio·

199 1789 269 1855 nis,
293 1805 385 1867 quae
408 1786 555 1865 quidem
578 1786 716 1863 alisque
740 1787 901 1846 nominis
924 1786 1501 1848 amminiculoiniirmauidetur

199 1907 293 1955 esse,
324 1887 386 1949 sed
415 1884 611 1968 nnmenlll.
631 1883 740 1968 il3lll
762 1886 866 1948 illius
895 1886 953 1947 uel
984 1887 1136 1947 maxime
1164 1895 1247 1964 eget
1269 1886 1540 1957 adiumentum

199 1990 271 2052 Cur
293 1997 412 2050 autem
437 2007 639 2068 pronomen
656 1988 809 2049 uerbum
826 1987 1035 2067 praecedit,
1059 2006 1137 2048 cum
1161 1986 1315 2050 uerbum
1340 1990 1500 2050 omnium

199 2092 363 2170 partium
401 2091 593 2168 egregium
630 2090 691 2159 sit,
730 2091 837 2151 cuius
882 2089 1166 2168 dispensatione
1210 2097 1320 2169 atque
1358 2089 1501 2151 iudicio

202 2193 322 2251 omnis
346 2191 566 2251 Latinitatis
588 2196 712 2250 status
735 2192 948 2270 perlinitur
971 2199 1009 2250 et
1031 2199 1203 2259 ornatur,
1227 2208 1332 2269 quam
1357 2192 1503 2271 princi·

200 2292 317 2372 palem
342 2299 483 2369 partem
507 2292 694 2352 orationis
716 2293 841 2352 cuncti
863 2292 1057 2353 astruunt?
1087 2290 1171 2352 lVam
1188 2289 1282 2352 licet
1304 2293 1341 2351 in
1367 2291 1503 2354 ordine

200 2410 376 2474 praeesse
405 2409 535 2453 nomen
567 2392 757 2462 admittat,
790 2400 910 2453 tamen
944 2395 982 2452 in
1014 2393 1207 2472 positione
1235 2394 1536 2470 quaestionum„

201 2495 452 2575 principatum
498 2499 615 2561 tenet,
661 2495 720 2553 cui
758 2492 1077 2554 aduerblorum
1115 2494 1505 2575 coniunctionumque

201 2597 343 2675 agmina
375 2612 481 2654 omne
512 2596 570 2654 ius
598 2613 701 2654 suom
732 2594 927 2656 dederunt.
973 2595 1045 2655 llac
1073 2612 1161 2672 ergo
1191 2594 1339 2655 ratione
1365 2612 1505 2674 prono,

201 2717 278 2758 men
302 2715 317 2757 a
343 2697 489 2756 nomine
513 2714 719 2756 secernere
742 2696 960 2765 noluerunt,
990 2697 1094 2757 sicut
1115 2714 1182 2756 nec
1204 2696 1331 2757 socius
1355 2695 1416 2757 uel
1440 2696 1505 2757 mi·

201 2801 323 2859 nister
358 2817 372 2858 a
405 2814 495 2874 rege
528 2794 587 2856 uel
620 2798 794 2876 principe
828 2798 1052 2857 secernitur.
1104 2796 1265 2868 eraeritur
1298 2815 1388 2876 ergo:
1426 2800 1506 2860 inter

202 2918 310 2960 nomon
341 2908 370 2960 et
398 2915 562 2975 pronomen
590 2898 661 2977 quid
695 2897 840 2959 interest?
877 2897 1059 2975 Virgilius
1089 2897 1189 2958 lllaro
1222 2899 1354 2959 ostendit
1386 2899 1549 2976 dicenszng

201 2999 304 3061 inter
327 3017 533 3078 pronomen
556 3006 872 3060 autemetnomen
889 2998 956 3059 hoc
977 3000 1158 3068 interest,
1182 2998 1276 3078 qrrod
1299 3018 1505 3079 pronomen

201 3094 635 3179 conparatione‘carens
664 3118 861 3179 personam
889 3100 1016 3171 habet,
1044 3110 1084 3162 ut
1106 3120 1172 3180 ego
1201 3113 1237 3162 tu
1260 3098 1341 3169 ille;
1372 3120 1505 3165 noman

202 3210 320 3261 alitem
352 3218 514 3278 persona
537 3199 680 3262 abiecta
704 3205 1015 3279 conparationem
1043 3204 1218 3281 recipiat,
1248 3211 1287 3263 ut
1309 3220 1423 3264 carus
1445 3222 1506 3266 ea·

202 3305 283 3364 rior
306 3303 536 3363 carissimus.
575 3302 656 3363 Vnde
675 3302 850 3364 Claudius
872 3304 902 3362 in
919 3302 1090 3363 delmitione
1107 3306 1236 3365 nominis
1251 3304 1342 3365 dixit:
1367 3304 1506 3366 Nomen

201 3412 257 3465 est
280 3422 365 3483 pars
387 3403 572 3463 orationis
595 3421 674 3464 cum
697 3423 782 3464 casu
805 3412 841 3463 et
863 3404 1150 3480 significatione
1172 3407 1253 3465 sine
1273 3412 1449 3484 tempore
1472 3415 1541 3479 et„

202 3523 372 3585 persona.
411 3505 613 3564 ‘Pronominis
635 3514 733 3565 autem
756 3505 908 3584 proprium
933 3506 999 3577 est',
1023 3505 1101 3566 sicut
1123 3507 1342 3568 Priscianus
1366 3508 1507 3579 ostendit,
1571 3570 1576 3583 ,

201 3606 389 3686 ‘proaliquo
411 3607 533 3685 proprio
557 3607 677 3666 nomine
699 3606 767 3686 poni
791 3612 820 3665 et
836 3612 932 3666 certas
948 3606 1115 3683 significare
1131 3609 1295 3686 personas'.
1329 3606 1508 3670 Pronominl

202 3716 273 3786 quot
296 3707 453 3768 accidunt?
484 3706 551 3767 Sex.
576 3705 675 3776 Quae?
704 3705 835 3776 Qualitas
857 3724 952 3785 genos
975 3725 1116 3769 numerus
1139 3710 1232 3788 ligura
1255 3727 1384 3789 persona
1407 3728 1506 3771 casus

201 3875 437 3886 -..u—‘-

271 3997 284 4043 1
303 3994 335 4043 de
354 3994 472 4043 nominee
490 3991 617 4059 peodens]
637 3995 680 4043 An
698 3996 775 4042 latet:
798 3994 831 4043 da
849 3995 982 4042 ‘nomine’
1002 4004 1026 4043 et
1044 3998 1113 4059 ‘pro’
1132 3993 1200 4042 dieta
1217 3994 1275 4043 ideo
1287 3996 1339 4050 -i
1410 3997 1507 4047 2celis

202 4062 318 4112 tollitio
371 4061 433 4110 liaeo
451 4062 501 4111 due
553 4064 684 4111 orationes
736 4062 872 4111 deliratur
924 4072 1072 4127 procmutur
1123 4063 1281 4126 dpugnmur
1326 4078 1508 4129 propugnatur

272 4127 440 4196 praenomen]
461 4144 601 4193 pronomen
671 4128 816 4178 litaminis
868 4129 978 4178 riciariuis
1053 4129 1199 4179 tllrncolica
1269 4133 1301 4179 lll
1320 4132 1403 4181 eureis
1477 4136 1507 4183 1²

203 4197 329 4258 Virgilius
350 4194 432 4262 liare]
453 4198 511 4247 Non
528 4204 602 4246 extol
620 4197 660 4245 liic
677 4200 746 4246 locus
764 4197 835 4258 oprrd
853 4197 948 4247 Maium
965 4213 1046 4263 neque
1065 4198 1091 4246 in
1108 4199 1222 4261 epistulis
1241 4213 1322 4263 neque
1339 4202 1366 4249 in
1380 4201 1507 4263 epitonia.

204 4262 418 4329 recusantem]
438 4266 471 4327 ef.
496 4265 598 4329 Virgilii
616 4264 726 4327 Epilom.
746 4263 832 4327 1xp.
851 4267 903 4314 137
921 4264 999 4314 Moli:
1030 4263 1102 4313 Nunc
1125 4264 1194 4313 aliiul
1213 4267 1373 4326 quaestionis
1392 4269 1509 4318 imminet

203 4349 295 4399 gertus,
313 4347 358 4380 eur
375 4333 450 4381 etium
469 4347 609 4397 pronomen
630 4332 732 4381 uerlmm
752 4331 893 4396 praeeedit,
912 4347 968 4380 cum
989 4334 1092 4381 ueritum
1113 4332 1224 4380 οιιιιιίιιιιι
1242 4333 1352 4398 partium
1373 4337 1508 4401 egregium

203 4403 245 4450 sit.
282 4400 352 4461 Quae
369 4406 498 4463 acuantur,
515 4417 569 4450 cum
586 4400 634 4449 loc
651 4402 706 4450 loco
723 4401 820 4449 mininie
838 4402 1005 4452 consentiunt.
1075 4402 1192 4465 precedet
1261 4402 1291 4450 li
1311 4402 1397 4464 adque
1414 4405 1507 4454 iuditio

204 4470 236 4519 18
254 4480 348 4517 strutus
418 4470 452 4518 20
469 4469 632 4530 questionum
701 4469 734 4515 22
752 4468 868 4516 iussoum
921 4467 1017 4516 dedunt
1085 4471 1118 4518 ‘23
1136 4467 1217 4517 sotius
1289 4470 1475 4521 nasceremur·

204 4537 316 4598 queritur
401 4538 434 4585 25
453 4536 577 4601 Virgilius
596 4531 679 4600 liure]
700 4535 776 4583 Herna
793 4538 871 4586 locum
888 4537 960 4599 opud
976 4535 1071 4584 ,linium
1090 4552 1139 4585 non
1156 4537 1255 4594 inirent,
1273 4537 1323 4586 urai
1336 4540 1411 4600 sorte
1428 4556 1456 4604 p,
1474 4542 1508 4589 29

204 4604 293 4654 umba:
324 4618 382 4652 cum
405 4618 545 4668 pronomen
568 4602 783 4667 comparationem
812 4602 904 4652 lrabere
927 4618 976 4652 non
995 4605 1080 4667 possit
1097 4605 1144 4653 iric
1161 4604 1301 4664 referendo
1317 4613 1386 4660 narrt.
1475 4609 1508 4658 2'l

206 4686 296 4720 nomen
316 4683 360 4720 nm
427 4673 461 4722 29
480 4667 616 4734 Claudius]
639 4670 695 4719 Non
713 4676 787 4719 extat
804 4671 827 4719 ir
843 4673 912 4719 locus
931 4672 956 4719 in
974 4673 1085 4721 editione
1108 4670 1304 4724 Vindobonenai.
1386 4677 1419 4726 31
1439 4674 1508 4726 Pris-

205 4736 306 4802 eiamrs]
325 4740 359 4800 rs.
380 4741 396 4788 I
412 4755 439 4802 p.
458 4743 499 4796 55,
519 4741 554 4788 1³
606 4739 638 4787 32
656 4736 720 4785 alico
777 4738 895 4798 ddqrrod
913 4739 1036 4787 accedunt
1086 4754 1168 4803 genus
1187 4753 1269 4803 genus
