3420 5378
696 264 913 318 BERNENSIS.
1409 264 1450 328 ’11

152 455 243 518 lulum
268 463 297 517 et
318 452 496 534 pauxillum,
521 455 618 516 uelum
641 452 798 525 uexillum,
822 472 938 516 sacrum
954 451 1111 522 sacellum,
1135 471 1289 516 scamnum
1304 453 1449 516 scamnel-

151 559 227 629 lum,
257 555 372 618 lucrum
395 556 548 627 lucellum,
578 556 735 618 cerebrum
759 555 954 626 cerebellum,
985 554 1110 618 llabrum
1132 554 1298 628 llabellum,
1326 556 1450 635 flagrum

151 658 313 740 flagellum,
345 667 473 720 castrum
502 656 666 720 castellum.
711 658 791 720 llaec
818 660 916 720 omnia
940 678 956 720 e
980 659 1098 737 longam
1128 658 1302 720 naturaliter
1330 656 1449 720 habent.

151 762 223 825 item
246 759 426 841 Virgilius
446 762 606 823 Asianus
632 759 669 820 dc
697 759 883 822 diminutiuis
905 760 992 821 dixit:
1027 758 1196 822 Taberna
1225 759 1451 824 tabernacu-

123 863 223 927 slum
252 864 357 932 lacit,
387 880 474 945 pera
504 859 730 943 periculum,
760 861 856 943 lapis
884 861 1062 941 lapicula,
1093 863 1226 923 ostium
1256 860 1448 933 ostiolum,

151 968 257 1029 riuus
284 964 447 1034 riuulus,
477 961 636 1042 flagrum
665 963 876 1043 flagellum,
906 963 975 1033 ler,
1005 962 1074 1024 hoc
1104 971 1160 1024 est
1183 962 1345 1042 epulum,
1375 965 1449 1026 ler-

150 1067 270 1130 culum
298 1067 403 1130 lacit:
433 1066 501 1127 hoc
529 1075 649 1128 autem
678 1084 810 1127 nomen
839 1067 896 1126 ler
924 1068 1065 1126 tertiae
1093 1064 1365 1128 declinationis
1394 1075 1451 1129 est

151 1171 263 1233 etsie
290 1169 480 1231 flectitur:
510 1167 566 1229 ler
595 1167 689 1228 leris
718 1176 753 1229 et
780 1173 907 1228 cetera
935 1175 970 1228 ct
998 1168 1092 1229 iacit
1113 1167 1203 1229 lere.
1248 1167 1338 1230 ltem
1361 1168 1447 1238 bas,

147 1272 234 1337 iude
256 1270 302 1334 lit
324 1269 550 1333 diminutius
574 1268 736 1332 baculus.
781 1270 940 1346 llucusquc
963 1271 1002 1330 de
1023 1267 1220 1330 diminutiuis.
1261 1270 1341 1332 Sono
1364 1269 1450 1333 dimi-

113 1376 253 1439 1onotiua
282 1391 375 1454 quare
404 1372 561 1435 dicuntur?
610 1368 684 1440 Quia
713 1373 756 1433 sic
784 1377 906 1442 sonant,
942 1372 1018 1432 sicut
1044 1370 1235 1444 diminutiua,
1269 1372 1321 1433 sed
1350 1379 1449 1435 tamen

151 1474 324 1562 principalia
351 1482 421 1537 sunt
448 1472 615 1551 intellectu,
643 1480 676 1534 ut
703 1472 801 1536 tabula
831 1473 945 1535 macula
975 1472 1073 1535 tabula
1101 1473 1258 1537 macellum
1287 1473 1450 1537 uinculum.

151 1579 226 1642 'lota
248 1578 362 1640 Graeca
385 1575 452 1638 ideo
474 1576 622 1645 dicuntur,
647 1577 715 1657 quia
739 1594 776 1637 ex
799 1583 860 1636 toto
883 1577 996 1638 Graece
1019 1575 1219 1649 declinantur,
1244 1584 1276 1638 ut
1297 1576 1451 1638 Themisto

152 1679 275 1761 Calypso
298 1679 373 1741 bido
401 1679 472 1740 Pan.
517 1678 597 1740 llaec
626 1679 745 1739 nomina
774 1679 950 1740 seminarum
980 1678 1107 1740 suntin
1124 1697 1153 1738 .o
1181 1679 1360 1747 desinentia;
1389 1679 1449 1740 Pan

151 1789 251 1844 autern
285 1779 480 1843 masculinum
515 1788 573 1848 est,
609 1782 660 1858 qui
691 1779 787 1842 dictus
818 1787 863 1841 est
892 1779 964 1841 deus
992 1787 1085 1860 pater.
1135 1779 1215 1841 llaec
1242 1798 1307 1842 cum
1337 1780 1450 1842 Graeca

112 1908 137 1950 n
150 1885 224 1955 sint,
249 1901 315 1946 cum
338 1882 451 1944 Latinis
473 1882 584 1943 Graeca
609 1882 807 1943 declinatione
828 1881 1026 1959 declinantur,
1049 1888 1081 1941 ut
1095 1877 1192 1943 Atdro'
1206 1878 1335 1956 Arboris
1349 1879 1455 1944 Ardot

150 1983 248 2050 Διδῶ
274 1977 341 2045 ἀπὸ
367 1980 425 2066 τῆς
446 1978 583 2057 Διδοῦς.
629 1984 702 2045 Tota
725 1984 827 2045 Latina
855 2001 948 2064 quare
977 1982 1134 2044 dicuntur?
1178 1983 1252 2056 Ouia
1274 2002 1309 2045 ex
1333 1991 1395 2047 toto
1417 1986 1449 2045 in

149 2089 254 2152 Latino
285 2093 452 2148 uertuntur.
498 2088 628 2148 Graecus
651 2087 729 2146 enim
753 2086 825 2147 dicit
846 2084 1045 2165 Polydeuces,
1074 2086 1196 2148 Latinus
1218 2085 1331 2148 Pollux.
1375 2086 1449 2148 ltenr

149 2192 282 2256 Graecus
305 2188 375 2250 dicit
397 2187 559 2267 Odysseus,
583 2186 706 2250 latinus
728 2188 800 2249 dicit
819 2186 927 2249 Vlixes.
972 2186 1065 2249 ‘lnter
1088 2188 1232 2250 Graecam
1255 2188 1450 2268 Latinamquc

149 2293 287 2367 lormam'
311 2308 404 2371 quare
431 2290 587 2351 dicuntur?
631 2289 749 2351 Scilicet
778 2291 846 2371 quia
873 2298 1018 2370 exparte
1041 2291 1153 2353 Graeca
1177 2298 1206 2352 ct
1229 2298 1371 2372 exparte
1396 2290 1448 2352 La-

109 2397 210 2462 sotlna
232 2400 316 2464 sunt,
339 2409 415 2470 quae
439 2391 527 2454 notha
551 2391 751 2473 appellantur,
776 2392 844 2453 item
868 2390 978 2453 nobilia
1001 2399 1030 2452 et
1049 2390 1206 2472 ignobilia,
1230 2402 1260 2454 et
1275 2391 1342 2454 ideo
1358 2392 1448 2454 notha

148 2496 345 2583 appellantur,
370 2496 438 2575 quia
461 2502 656 2576 corrumpunt
673 2493 792 2556 ultimas
807 2492 934 2574 syllabas
949 2493 1138 2556 manentibus
1153 2494 1303 2574 prioribus
1317 2494 1448 2575 syllabis,

148 2606 181 2663 ut
207 2606 278 2679 aput
301 2598 429 2660 Graecos
451 2595 636 2659 Alexandros
658 2595 837 2659 Menandros
864 2595 990 2666 dicitur,
1020 2604 1091 2676 aput
1112 2596 1233 2659 Latinos
1262 2605 1358 2658 autem
1383 2594 1449 2657 alle·

148 2701 261 2764 rander
294 2698 467 2763 bleuander.
517 2699 599 2761 [licta
632 2707 730 2761 autem
763 2699 869 2770 notha,
904 2698 1152 2779 quemadmodum
1190 2698 1296 2760 nothos
1330 2697 1447 2767 dicitur,
1554 2693 1562 2705 “

147 2802 282 2884 quisquIs
315 2800 358 2863 de·
380 2800 490 2881 dispari
525 2818 635 2879 genere
671 2802 809 2862 nascitur.
858 2800 1057 2879 llomonyma,
1094 2800 1151 2861 hoc
1186 2808 1230 2861 est
1263 2801 1445 2869 uninomina,

107 2922 241 2986 square
271 2903 426 2965 dicuntur?
475 2903 516 2964 Eo
544 2902 623 2983 quod
653 2922 709 2964 una
738 2901 935 2983 appellatione
963 2900 1048 2982 plura
1077 2903 1257 2981 significant,
1294 2911 1326 2963 ut
1352 2919 1446 2981 nepos

147 3007 255 3069 dicitur
275 3004 461 3074 luxoriosus,
483 3005 555 3064 item
572 3002 583 3087 ΙΙ
600 3006 618 3064 1.
637 3001 697 3066 83b
712 3002 724 3087 ΙΙ
740 3003 795 3065 alia
819 3004 1032 3084 significatione
1054 3023 1148 3085 nepos
1164 3004 1273 3066 dicitur
1288 3005 1334 3066 rei
1348 3005 1446 3065 auitae

147 3115 349 3188 consumptor,
373 3105 430 3167 hoc
454 3113 511 3176 est,
536 3107 585 3184 qni
608 3106 753 3186 disperdit
774 3104 838 3167 illas
860 3124 924 3176 res,
948 3122 1021 3183 quas
1043 3106 1100 3167 sibi
1121 3110 1167 3169 sui
1189 3114 1329 3187 parentes
1351 3105 1443 3167 demi·

146 3217 261 3274 serunt.
303 3209 404 3269 Tertia
426 3209 641 3287 significatione
664 3207 773 3270 dicitur
794 3225 888 3290 nepos
910 3214 1010 3268 certus
1032 3209 1216 3288 cognationis
1238 3210 1364 3288 gradus,
1387 3207 1445 3270 hoc

147 3321 193 3377 est
219 3309 297 3375 illius
319 3309 381 3373 lilii.
426 3311 475 3372 Sic
499 3319 528 3371 et
550 3312 629 3372 acies
651 3310 759 3371 dicitur
781 3310 934 3372 oculorum
958 3317 988 3372 et
1010 3311 1089 3372 acies
1111 3311 1182 3372 ferri
1206 3321 1236 3372 et
1257 3312 1334 3373 acies
1358 3329 1443 3373 exer·

107 3417 238 3486 nocitus,
267 3414 310 3476 sic
339 3419 368 3473 et
396 3413 526 3474 tumulus
555 3412 663 3474 dicitur
693 3410 850 3490 aliquando
879 3430 965 3474 mons
987 3431 1117 3493 paruus,
1146 3413 1304 3494 aliquando
1327 3421 1445 3475 tumens

147 3516 246 3588 tellus,
276 3514 435 3593 aliquando
461 3513 641 3594 sepulcrum.
688 3561 816 3576 .....
841 3514 1009 3596 Synonyma
1039 3533 1111 3595 ergo
1139 3516 1207 3577 ideo
1235 3515 1383 3586 dicuntur,
1408 3534 1443 3577 eo

146 3619 224 3703 qnod
258 3620 296 3681 sit
323 3617 354 3678 in
382 3617 517 3698 pluribus
545 3616 714 3678 nominibus
741 3617 916 3697 significatio
946 3636 1020 3688 una,
1055 3625 1087 3679 ut
1115 3626 1193 3680 terra
1221 3618 1330 3679 humus
1358 3615 1444 3678 tellus

145 3721 223 3787 idem
258 3725 328 3782 sunt
359 3719 474 3786 omnia:
508 3720 578 3780 item
612 3721 691 3780 ensis
724 3738 828 3780 mucro
859 3718 973 3798 gladius
1001 3718 1078 3780 idem
1106 3726 1185 3781 sunt.
1236 3718 1443 3784 Patronomica

145 3841 237 3907 quare
270 3821 428 3883 dicuntur?
477 3820 519 3882 Eo
548 3820 626 3901 quod
656 3839 671 3881 a
699 3821 833 3900 patribus
867 3821 1098 3893 contrahuntur,
1132 3830 1165 3882 ut
1193 3820 1322 3902 Tydides
1349 3821 1443 3902 Tydei

142 3973 379 3991 ‘’Q-

213 4076 363 4130 luixillum
415 4074 539 4141 sagellum
614 4076 752 4125 ‘illectum
822 4076 918 4128 3l1aec
936 4077 1023 4143 omnio
1041 4075 1145 4142 longam
1196 4076 1336 4127 «basianus
1389 4077 1444 4129 dlxi

144 4146 269 4215 Virgilius
282 4140 408 4210 Asianus]
422 4144 456 4208 of.
472 4143 504 4194 Α.
518 4144 583 4197 Mat.
596 4151 664 4194 auct.
676 4147 751 4194 class.
765 4144 849 4195 Votis.
867 4144 935 4199 Tom.
950 4147 982 4207 V,
993 4161 1020 4209 p.
1032 4146 1084 4194 132
1094 4142 1108 4205 (
1110 4145 1212 4208 Virgilii
1222 4145 1330 4209 epitome
1343 4145 1442 4210 VIII),

143 4232 193 4284 quo
210 4218 266 4266 loco
284 4215 394 4264 mmmm
411 4215 553 4277 argumenti
569 4214 640 4262 aliud
656 4220 805 4277 excerptum
822 4214 892 4263 dedit
912 4212 1005 4263 illotus.
1070 4211 1215 4262 bhostium
1234 4211 1373 4263 lrostiolum
1426 4217 1442 4263 6

143 4285 214 4335 ribus
232 4281 330 4332 ribulus
400 4281 495 4345 lingum
565 4280 648 4331 'llroc
665 4291 709 4330 aut
760 4281 834 4330 tertie
911 4281 978 4332 bsit
1027 4280 1162 4350 bucusque
1179 4280 1338 4331 diminutluis
1409 4284 1440 4330 12

143 4362 195 4404 teta
283 4363 349 4412 reon,
366 4350 405 4399 sic
421 4364 521 4412 scrupeo
590 4350 622 4398 14
639 4349 702 4397 deus
722 4344 804 4414 pater]
825 4349 882 4398 An:
901 4349 965 4398 dens
984 4350 1135 4413 pastorum?
1205 4351 1236 4400 lb
1254 4363 1311 4397 cum
1328 4347 1443 4399 Latinis-

145 4422 202 4473 An:
221 4419 246 4468 in
264 4365 379 4468 latinis?
437 4429 464 4465 nt
481 4416 542 4465 dido
560 4416 660 4480 dydoys
679 4416 766 4480 dydoy
784 4417 863 4466 didon
876 4432 926 4483 apo
940 4419 958 4466 ti
970 4417 1044 4481 dyosi
1062 4427 1115 4466 tota
1132 4431 1238 4467 cerussa
1255 4431 1334 4480 quare
1351 4415 1439 4481 dicun]

144 4499 185 4539 tur
254 4487 285 4537 l‘l
303 4485 435 4551 poliduces
504 4483 577 4550 polix
646 4485 677 4533 18
697 4484 800 4534 odiseos
851 4484 928 4549 Inter]
947 4486 1008 4535 Item
1078 4483 1271 4544 luscitiosus
1339 4486 1373 4536 20
1392 4501 1442 4548 quc

143 4559 176 4608 22
194 4554 343 4605 minandros
396 4552 489 4602 latlrrns
559 4554 590 4603 23
608 4552 740 4602 minander
793 4562 854 4602 nota
932 4555 965 4603 24
983 4554 1015 4603 do
1033 4552 1140 4618 dispstri
1158 4553 1332 4618 generascitur
1386 4554 1442 4602 uni-

143 4638 247 4744 11111
255 4620 1255 4756 illutibilis‘¹⁵”bituitiitit„titillatam
1272 4621 1442 4744 lllllllbss

143 4774 336 4825 synonymorum
353 4759 459 4809 nomiae.
529 4758 562 4808 34
580 4756 700 4807 thittndes
719 4756 796 4807 tlridei
