3420 5378
200 323 262 387 288
594 322 868 376 Dirrsusnrlas
888 321 1099 375 SERMONVM.

286 511 365 572 Inter
388 509 536 589 legionem
560 518 589 570 et
611 509 751 570 dilectum
780 510 836 570 boc
864 510 1003 578 interest,
1033 507 1113 587 quod
1140 507 1220 587 legio
1248 508 1361 569 dicitur
1389 507 1426 568 ab
1452 526 1497 578 eo,

201 613 279 690 quod
302 614 438 691 legantur
447 659 539 682 .....
563 611 703 680 dilectus,
732 629 808 690 quac
831 612 959 672 maxime
988 609 1152 688 diligimus
1180 616 1214 670 ut
1241 610 1295 671 filii
1324 619 1354 670 et
1383 612 1497 688 cognati

202 712 249 774 uel
272 722 382 791 patres.
1252 703 1254 707 ⁷

285 815 365 875 lnter
394 814 511 875 assidue
540 822 570 875 ct
596 814 706 875 cotidie
735 814 793 874 boc
824 815 964 882 interest,
998 811 1076 889 quod
1105 797 1222 873 assidue
1250 810 1421 873 sedulitatis
1446 822 1497 885 est,

201 917 309 976 cotidie
333 925 429 976 autem
453 916 704 994 perseuerantiae.
1508 930 1521 967 ⁵

286 1017 367 1077 luter
395 1024 508 1077 maeret
535 1025 565 1076 et
587 1026 720 1077 merctur
749 1015 806 1075 boc
834 1017 972 1085 interest,
1002 1015 1080 1093 quod
1103 1024 1229 1085 maeret,
1257 1018 1312 1091 qui
1333 1015 1426 1076 tristis
1447 1024 1500 1083 est,

110 1186 113 1194 ,
201 1126 351 1184 meretur,
375 1120 426 1196 qui
450 1136 484 1177 ex
508 1117 628 1177 alterius
650 1109 760 1177 iudicio'
781 1133 882 1194 parem
907 1115 1042 1176 beneficii
1063 1118 1187 1194 gratiam
1211 1123 1374 1195 exspectat.

288 1220 368 1280 lnter
391 1217 604 1298 plenitudinem
628 1225 657 1277 ct
679 1216 851 1296 plenitatem
867 1217 924 1278 boc
937 1217 1077 1286 interest,
1101 1217 1179 1295 quod
1194 1216 1351 1297 plenitudo
1368 1219 1500 1297 corporis

202 1328 260 1389 cst,
286 1319 411 1398 plenitas
434 1321 486 1380 rei.

287 1421 368 1481 lntcr
390 1439 497 1500 precor
520 1429 549 1479 et
572 1420 717 1498 deprecor
740 1419 797 1480 boc
818 1422 958 1495 interest,
982 1419 1059 1499 quod
1081 1437 1239 1499 precamur
1259 1419 1369 1488 deum,
1393 1419 1531 1500 depae-n

201 1540 305 1583 camur
328 1523 471 1582 homiues.
1030 1508 1037 1517 ⁵
1270 1580 1273 1586 .
1328 1511 1330 1514 ⁵

286 1622 367 1684 lutor
391 1630 475 1682 tucor
498 1630 527 1681 et
550 1632 617 1683 tuor
633 1620 644 1704 ΙΙ
661 1624 681 1686 l.
700 1620 778 1682 115¹¹
795 1621 806 1704 ΙΙ
824 1623 878 1682 1ιο0
902 1624 1041 1696 interest,
1065 1620 1144 1700 qued
1167 1631 1253 1684 tueor
1268 1623 1420 1696 custodio,
1436 1632 1501 1684 tator

202 1719 317 1784 uidens

286 1824 367 1885 luter
390 1824 551 1886 ludibrium
576 1835 606 1886 et
627 1824 773 1886 ludicrum
797 1825 855 1884 boc
876 1827 1014 1894 interest,
1038 1824 1115 1904 quod
1138 1822 1301 1886 ludibrium
1324 1828 1357 1886 in
1380 1826 1500 1888 alterius

202 1927 324 2000 iniuria,
348 1926 496 1987 ludicrum
519 1933 633 1994 autem,
657 1946 717 2007 quo
739 1928 795 2005 ipsi
819 1924 1000 1986 dolectamur
1021 1928 1088 1987 sinc
1109 1927 1283 2006 cuiusquam
1306 1928 1430 1988 iniuria.
1509 1941 1529 1981 rs

288 2029 367 2088 lnter
390 2027 498 2088 stillam
522 2037 552 2088 ct
572 2034 685 2106 guttam
708 2026 765 2087 boc
786 2028 926 2096 interest,
951 2027 1031 2103 quod
1054 2026 1130 2088 stilla
1152 2027 1245 2097 cadit,
1270 2036 1356 2106 gutta
1380 2037 1447 2090 stat

285 2129 365 2188 luter
388 2128 478 2189 ddum
502 2137 532 2188 et
553 2128 671 2188 lidelem
695 2127 751 2188 lroc
772 2129 912 2196 interest,
937 2127 1017 2206 quod
1032 2127 1107 2189 lidus
1122 2129 1233 2190 amicus
1256 2128 1383 2200 dicitur,
1407 2129 1498 2191 fidelis

201 2249 316 2290 seruos.

286 2329 366 2391 lntcr
382 2331 591 2409 cognoscimus
606 2341 635 2392 st
650 2330 838 2408 agnoscimus
860 2329 917 2390 hoc
939 2331 1080 2400 interest,
1105 2331 1181 2409 quod
1204 2333 1412 2410 agnoscimus,
1427 2351 1498 2411 quos

200 2433 282 2513 prius
305 2431 462 2492 habuimus
484 2433 607 2503 amicos,
632 2433 854 2511 cognoscimus,
876 2450 952 2511 quos
973 2449 1133 2512 numquam
1157 2431 1296 2499 uidimus.
1505 2451 1527 2489 0

284 2533 365 2593 luter
387 2533 508 2593 fratrem
533 2542 562 2593 ot
584 2551 758 2611 germanum
787 2532 844 2593 lroc
872 2534 1011 2603 interest,
1041 2533 1119 2613 quod
1145 2551 1308 2612 germanus
1335 2546 1385 2599 est
1411 2555 1497 2598 uerus

199 2636 290 2696 irater
320 2681 453 2696 .....
482 2642 566 2714 patre
589 2644 620 2695 et
641 2642 750 2702 matre,
780 2634 873 2695 irater
895 2652 967 2694 uero
991 2653 1026 2695 ex
1050 2633 1172 2695 diuerso
1193 2642 1281 2714 patre
1306 2635 1356 2698 uel
1381 2637 1494 2700 diuersa

199 2747 304 2797 matre.

285 2838 366 2899 luter
388 2856 520 2899 mersare
543 2846 572 2897 et
593 2854 731 2915 mergere
754 2836 811 2896 lroc
833 2838 973 2905 interest,
1002 2837 1080 2915 quod
1104 2856 1236 2899 mersare
1258 2840 1396 2920 saepius,
1420 2860 1495 2904 mer·

199 2958 270 3017 gere
293 2939 394 3000 semel.
1505 2953 1526 2993 ἢ

285 3040 365 3100 lntcr
399 3056 487 3121 agere
520 3058 638 3101 causam
672 3048 701 3100 ct
734 3039 833 3101 dicore
869 3038 927 3099 ltoc
959 3040 1099 3111 interest,
1138 3041 1215 3119 quod
1249 3044 1312 3120 agit
1343 3052 1495 3123 patronus,

201 3141 272 3201 dicit
296 3160 374 3202 reus.

285 3243 366 3303 luter
389 3244 502 3302 eminus
526 3249 555 3300 ct
577 3244 742 3303 comminus
765 3242 822 3302 boc
850 3243 989 3314 interest,
1018 3243 1095 3323 quod
1124 3245 1239 3305 eminus
1261 3263 1298 3305 ex
1322 3244 1495 3326 longinquo,

201 3346 365 3405 comminus
387 3344 466 3404 sede.

267 3531 418 3595 blegantur
435 3530 550 3592 dilectus,
568 3529 602 3590 cf.
624 3528 806 3590 Gothosrcdum
857 3529 1014 3594 dilegamus,
1038 3546 1107 3581 corr.
1125 3530 1262 3596 dilegimus
1316 3532 1386 3598 legio
1406 3536 1496 3586 dicitur

200 3599 231 3647 ab
250 3614 279 3648 eo
297 3599 367 3660 qnod
384 3597 483 3662 legatur
501 3599 550 3647 uiri
568 3596 647 3647 iortss
667 3609 691 3645 et
710 3596 782 3645 utiles
806 3596 925 3657 militiae,
948 3597 1055 3648 dilectus
1074 3613 1140 3661 quae
1156 3624 1189 3634 —
1207 3599 1248 3649 uel
1265 3603 1391 3665 coguatio
1410 3616 1495 3670 patres

202 3683 374 3744 Gotbofredus
390 3698 416 3745 p·
435 3683 493 3744 104,
511 3684 545 3743 cs.
565 3682 641 3746 lieiff.
659 3697 687 3746 p.
707 3682 758 3730 278
825 3683 842 3731 4
859 3683 965 3746 cottidie
982 3683 1031 3732 hoc
1048 3696 1087 3734 est
1104 3683 1209 3733 assidue
1225 3709 1258 3719 ·-
1276 3686 1397 3747 quotidie
1414 3701 1495 3737 autem

200 3749 406 3815 perseuerantiae
425 3749 595 3811 Gotbosredna
610 3766 639 3814 p.
660 3751 708 3797 101
777 3749 890 3798 limeret
957 3751 1027 3812 quod
1052 3763 1131 3802 meret
1147 3753 1226 3802 tristis
1246 3763 1284 3802 est
1337 3756 1384 3816 qui
1403 3767 1498 3805 moeret

200 3818 282 3867 tristis
305 3826 356 3878 est,
381 3826 489 3865 merctur
506 3827 589 3866 niuem
608 3818 653 3878 qui
673 3841 700 3849 -
721 3815 845 3865 bsuelteio
864 3818 972 3881 gratiam
991 3831 1122 3884 exspectat
1141 3821 1316 3883 Gotlrofredus
1332 3838 1360 3886 p.
1382 3826 1446 3885 104,
1462 3823 1497 3883 cl.

199 3887 277 3950 lieiff.
294 3902 322 3949 p.
341 3886 391 3934 281
475 3887 491 3936 8
509 3883 640 3948 plenitudo
658 3909 692 3918 -
710 3884 760 3940 rei,
779 3884 813 3931 ita
831 3884 1014 3947 plenitudinem
1033 3887 1166 3936 obesorum
1185 3888 1328 3951 hominum,
1347 3889 1495 3953 plenitatem

200 3955 288 4002 traicias
305 3954 341 4001 rei
359 3952 467 4001 dicimus
486 3952 620 4000 cuiuslibet
638 3950 812 4013 Gotdosredus
828 3954 993 4014 0101105,
1012 3954 1046 4014 cf.
1065 3953 1142 4018 lieiff.
1158 3969 1184 4016 p.
1203 3956 1253 4004 28⁷
1323 3958 1357 4006 to
1374 3957 1496 4022 depreca-

199 4036 257 4069 mur
274 4021 349 4068 deum
368 4032 500 4083 precamur
517 4018 631 4068 homines
651 4019 825 4080 Gotltosrcdus
840 4035 868 4082 p.
889 4021 950 4080 105,
970 4021 1005 4082 cf.
1024 4020 1101 4085 lieiff.
1117 4037 1144 4085 ρ.
1163 4022 1214 4070 287
1292 4025 1324 4071 12
1342 4026 1464 4074 custodia

199 4100 272 4137 tueor
290 4112 322 4122 -
342 4088 416 4136 uideo
437 4087 609 4148 Gotbofredus
624 4104 651 4151 p.
670 4089 728 4146 105,
747 4087 783 4148 cs.
801 4087 877 4151 lieiff.
895 4101 922 4149 p.
941 4089 995 4137 293
1083 4091 1114 4137 14
1131 4087 1265 4136 ludicrium
1290 4088 1340 4138 hnc
1362 4104 1406 4140 est
1428 4092 1496 4154 qunti

199 4155 351 4223 lodiibrium
421 4156 452 4203 15
469 4152 603 4203 ludicrium
621 4163 665 4203 aut
683 4154 753 4215 qnod
770 4155 821 4218 ipsi
840 4154 988 4202 dilectamur
1005 4155 1062 4203 sine
1079 4156 1179 4216 cniusq;
1231 4155 1496 4222 ludibrium—quod

199 4227 250 4290 ipsi
268 4249 300 4258 —
318 4222 411 4270 iniuria
430 4221 601 4283 Gothosredua
616 4239 645 4286 p.
657 4225 716 4284 105,
735 4222 769 4283 cf.
782 4222 858 4286 lieiff.
870 4223 960 4285 para
1040 4225 1072 4273 16
1090 4233 1162 4288 gutta
1179 4223 1298 4272 imbrium
1317 4225 1389 4274 stills
1406 4227 1498 4277 situlae

200 4292 240 4342 nel
257 4292 311 4341 acsi
331 4290 502 4352 dotbofredus
518 4305 544 4352 p.
554 4291 603 4338 105
608 4307 617 4345 ;
635 4296 662 4338 at
679 4291 744 4339 idem
759 4306 787 4353 ρ.
796 4291 831 4337 04
848 4290 935 4339 eadem
952 4289 1037 4351 babet,
1055 4307 1120 4355 quoe
1137 4306 1218 4354 supro
1230 4293 1359 4356 leguntur,
1373 4294 1411 4357 cs.
1420 4295 1498 4360 Reiff.

197 4377 226 4424 p.
245 4362 295 4408 202
366 4359 397 4407 17
415 4356 482 4406 lidus
500 4357 574 4405 etism
592 4357 688 4405 amicus
701 4382 733 4392 -
746 4372 838 4406 seruos
858 4357 1030 4419 Gothosrcdua
1046 4374 1073 4421 p.
1083 4360 1131 4408 105
1184 4360 1216 4408 19
1233 4362 1407 4423 agnoscimus
1426 4363 1497 4428 prius

199 4427 334 4476 habuimus
353 4425 450 4474 amicus
497 4424 661 4488 agnoscimus
679 4425 807 4489 cognitos,
826 4424 1007 4488 cognoscimus
1026 4426 1096 4486 qttnd
1114 4441 1252 4488 numquam
1271 4428 1390 4480 uidimus
1405 4431 1499 4482 noth-

196 4496 290 4557 fredus
300 4511 325 4557 p.
339 4494 388 4541 105
455 4493 486 4540 21
506 4507 583 4541 uerus
600 4491 677 4541 irater
694 4491 776 4556 patre]
794 4491 935 4557 supplens:
954 4507 985 4540 ex
1005 4493 1094 4541 eodem
1144 4493 1222 4544 fratre
1239 4509 1302 4544 uero
1355 4513 1499 4562 germanus

199 4572 238 4610 est
256 4576 332 4611 uerus
351 4560 428 4608 irater
445 4570 517 4624 patre
530 4571 644 4624 -patre
662 4571 686 4608 et
704 4570 783 4609 matre
802 4558 977 4621 Gotbosredus
993 4577 1019 4624 p.
1034 4562 1083 4609 105
1151 4562 1184 4610 24
1201 4576 1313 4612 mercare
1331 4575 1357 4613 et
1375 4581 1500 4633 meggere

199 4630 249 4678 lroc
258 4639 297 4678 est
306 4628 375 4691 qnod
386 4642 496 4675 mercare
505 4628 593 4692 sepius
619 4643 772 4677 mersare-
782 4627 862 4677 semel
874 4627 1046 4690 Gotlrosredus
1056 4645 1083 4692 p.
1095 4631 1144 4678 105
1178 4630 1211 4679 26
1219 4631 1275 4694 agit
1283 4657 1316 4666 -
1328 4647 1391 4683 reus
1403 4635 1501 4687 Gotho·

196 4698 289 4760 fredus
306 4713 332 4760 p.
352 4698 400 4744 105
468 4696 501 4744 28
518 4695 653 4760 cogntitms
672 4696 718 4745 hoc
736 4707 775 4745 est
826 4695 944 4761 longiuco
1014 4698 1047 4746 29
1065 4694 1158 4761 sedellll
1210 4699 1359 4748 eminns—
1378 4705 1503 4756 cominus

199 4782 265 4849 pede
285 4779 456 4840 Grrtltosredua
471 4796 499 4843 p.
518 4764 567 4828 105
