3420 5378
648 177 861 232 seruauere.
903 180 909 187 ·
1341 179 1402 244 105

105 384 215 428 seruus
235 364 338 431 saluus
359 385 434 429 auus
455 366 655 427 uomiuatiuus
678 373 708 426 et
729 373 837 427 cetera.
875 364 1039 445 Aliquando
1062 385 1082 428 u
1104 374 1172 429 ante
1195 385 1229 429 us
1250 369 1402 431 inuenitur

105 484 164 531 uec
184 466 280 529 altera
300 470 430 538 transiit,
457 475 492 529 ut
513 466 622 530 arduus
643 468 742 529 fatuus
764 486 875 531 uacuus
898 469 1044 532 aedituus.
1089 468 1255 548 Aliquando
1282 472 1402 550 partici-

105 569 153 649 pia
177 570 336 648 praeterita
359 578 371 631 t
392 567 440 631 uel
461 587 476 629 s
499 567 547 629 uel
570 585 588 629 x
611 567 748 631 habentia
770 579 838 631 aute
861 589 909 641 us,
933 578 965 632 ut
980 578 1096 633 amatus
1118 570 1215 633 laesus
1232 571 1401 651 amplexum

105 671 263 752 aliquando
285 671 443 750 participia
465 669 565 732 lutura
583 718 675 742 .....
699 678 733 732 ιιι
753 680 906 733 amaturus
927 670 1069 736 docturus
1083 671 1215 734 lecturus
1230 672 1400 734 auditurus:

78 774 149 838 asic
171 774 271 834 omnia
293 773 448 853 participia
470 773 684 852 praeteritam
708 790 742 833 us
765 773 930 834 desinentia
951 781 981 834 et
996 775 1094 835 omnia
1116 777 1269 855 participia
1292 774 1400 846 lutura,

104 892 182 956 quac
203 875 235 935 iu
257 892 294 936 us
316 875 554 936 terminationem
575 874 728 945 liniuntur,
752 872 900 936 secundae
922 873 1127 936 declinationis
1148 884 1231 945 suut,
1256 885 1288 939 ut
1302 895 1403 940 aman·

104 976 163 1039 dus
185 975 338 1038 docendus
359 974 503 1053 legendus
526 975 699 1039 audiendus.
736 975 901 1053 Aliquando
923 977 1075 1039 ciuitatum
1098 980 1232 1045 uomina,
1255 985 1289 1039 ut
1306 979 1402 1040 Adru-

105 1085 202 1141 metus
228 1077 398 1147 adrumeti,
432 1077 592 1140 Damascus
619 1079 763 1139 Damasci.
815 1076 981 1158 Aliquando
1010 1077 1173 1140 insularum
1205 1082 1339 1151 numina,
1370 1088 1404 1142 ut

104 1180 202 1261 Tyrus
227 1180 301 1259 Tyri
323 1179 437 1260 Cyprus
459 1180 560 1261 Cypri.
603 1179 768 1260 Aliquando
790 1180 909 1241 nomina
931 1180 1087 1250 arborum,
1117 1189 1150 1242 ut
1176 1199 1331 1262 cypressus
1354 1201 1402 1263 cp-

67 1283 217 1361 upressi,
245 1274 330 1343 alnus
356 1281 416 1343 alui
439 1291 468 1344 et
489 1290 598 1346 cetera.
643 1281 719 1343 Sunt
741 1291 840 1344 autem
863 1284 996 1363 quinque
1018 1283 1152 1366 uomina,
1182 1291 1214 1344 ut
1241 1283 1402 1344 Priscia-

105 1400 176 1446 nus
197 1382 283 1454 dicit,
314 1401 390 1462 quae
413 1391 472 1446 tana
496 1392 619 1465 quartae
642 1402 729 1464 quarn
752 1383 902 1445 secundae
924 1384 1129 1445 declinationis
1151 1392 1234 1456 sunt,
1259 1392 1291 1445 ut
1313 1403 1403 1464 quer-

105 1502 158 1547 cus
180 1486 267 1564 pinus
288 1484 390 1547 laurus
411 1484 522 1547 cornus
544 1487 627 1548 llcus.
670 1485 744 1547 ltem
766 1486 987 1548 Priscianus
1016 1485 1101 1547 dicit:
1130 1485 1172 1547 de
1200 1486 1257 1548 his
1285 1488 1403 1548 uomi-

55 1597 56 1601 ’
105 1584 215 1649 uibus
248 1586 424 1648 arborum
457 1597 543 1648 suut
575 1586 664 1656 alia,
698 1604 791 1664 quae
819 1586 1069 1649 differentiae
1098 1587 1403 1665 significationis

105 1706 216 1751 causa
244 1695 388 1750 mutant
414 1706 568 1766 genera,
598 1697 636 1750 ut
663 1688 753 1749 haec
780 1690 886 1769 pirus
913 1687 982 1750 hoc
1005 1691 1144 1769 pirum,
1173 1689 1263 1750 haec
1286 1690 1403 1751 malus

68 1789 175 1853 uhuc
196 1789 349 1862 malum,
373 1789 463 1851 haec
486 1790 640 1851 arbutus
661 1790 730 1851 hoc
751 1787 939 1861 arbutum,
955 1789 1200 1871 haacmprtus
1222 1790 1290 1853 hoc
1311 1809 1403 1872 mpr-

105 1900 194 1963 tum,
222 1890 315 1953 haec
342 1911 484 1972 prunus
511 1892 579 1954 hoc
609 1910 778 1972 prunum,
809 1898 844 1952 et
871 1891 939 1953 hoc
967 1893 1003 1953 iu
1031 1892 1224 1973 plerisque
1250 1894 1404 1955 iuuenis

106 1992 283 2057 arborum
305 1993 536 2065 nominibus,
565 1993 759 2074 inquibus
787 1995 891 2075 ipsae
913 1993 1072 2056 arbores
1100 1994 1294 2065 torntntno,
1325 1994 1404 2057 iru-

105 2104 188 2159 ctus
210 2102 344 2157 neutro
366 2097 611 2176 proferuntur
641 2090 701 2157 uel
727 2095 841 2175 ligna,
872 2105 910 2157 ut
933 2094 1022 2156 haec
1045 2093 1165 2158 buxus
1187 2095 1311 2168 arhor,
1337 2096 1404 2159 hoc

106 2196 241 2259 buxum
262 2194 412 2275 liguum.
458 2197 640 2276 Virgilius
663 2197 751 2259 dixit:
790 2197 876 2259 dant
904 2196 1034 2259 arbuta
1061 2196 1196 2270 siluae,
1226 2204 1403 2261 cruenta·

66 2317 176 2380 acqua
197 2306 328 2380 myrta,
353 2316 462 2361 ocrea
486 2318 619 2379 pruna;
642 2300 731 2361 item:
756 2298 925 2362 uolubila
949 2292 1090 2360 buxum'.
1135 2300 1289 2377 Excipitur
1311 2319 1403 2362 uuum

106 2418 231 2472 nomeu,
254 2400 332 2479 quod
355 2411 400 2463 ost
422 2401 612 2471 femininum,
640 2401 692 2464 sed
715 2408 813 2462 tamen
837 2403 942 2463 tertiae
964 2400 1170 2464 declinationis
1192 2408 1252 2472 est,
1276 2409 1309 2463 ut
1330 2401 1405 2465 haec

106 2501 189 2565 abies
215 2502 305 2565 huius
333 2503 449 2565 ableto.
498 2504 573 2565 ltem
602 2504 791 2583 excipiuntur
819 2501 875 2564 alia
904 2502 963 2565 duo
991 2504 1112 2565 nomina
1142 2502 1299 2575 arborum,
1329 2521 1404 2581 quaa

106 2612 178 2668 suut
197 2603 374 2675 masculina,
398 2614 429 2666 ut
451 2604 499 2666 hic
521 2605 649 2668 oleaster
670 2605 760 2667 huius
782 2602 903 2666 oleastri
925 2613 955 2666 et
977 2604 1025 2665 lric
1048 2604 1142 2666 rubus
1164 2604 1251 2667 huius
1272 2604 1351 2673 rubi,
1375 2612 1405 2666 et

107 2725 199 2771 unum
227 2724 337 2769 nomeu
364 2713 503 2769 neutrum
532 2708 590 2768 hoc
617 2705 697 2768 siler.
749 2707 828 2769 llaec
857 2713 956 2768 autem
984 2707 1166 2778 terminatio,
1201 2724 1276 2784 quae
1309 2707 1340 2766 iu
1368 2724 1404 2767 us

66 2807 231 2879 radestad,
256 2815 316 2870 tres
339 2809 553 2873 declinationes
575 2809 720 2878 continet,
744 2808 823 2870 idest
843 2807 1021 2877 secundam,
1045 2816 1076 2868 ut
1098 2808 1203 2869 doctus
1226 2807 1319 2878 docti,
1344 2816 1403 2869 ter·

106 2910 178 2973 tiam
200 2909 443 2981 declinationem,
468 2918 501 2972 ut
522 2919 626 2990 pectus
648 2912 792 2991 pectoris,
816 2916 952 2990 quartam
976 2907 1221 2979 declinationem,
1246 2916 1278 2970 ut
1299 2928 1404 2973 manus

106 3029 219 3075 mantra
263 3012 297 3072 lu
325 3031 378 3074 eus
405 3020 477 3093 quot
503 3030 612 3091 genera
641 3013 850 3074 inueniuntur?
894 3013 957 3074 Hoc
984 3019 1029 3072 est
1059 3030 1150 3073 uuum
1174 3029 1268 3090 genus
1291 3020 1403 3074 tantum

106 3111 320 3184 masculinum.
352 3122 385 3176 ut
411 3115 633 3176 Priscianus
656 3116 740 3177 dicit:
769 3116 800 3175 iu
829 3132 882 3175 eus
909 3114 1072 3175 desinentia
1101 3113 1213 3176 Graeca
1242 3122 1310 3176 suut
1339 3123 1403 3176 tan·

107 3222 169 3279 tum
197 3222 228 3276 et
255 3215 434 3286 masculina,
463 3224 496 3278 ut
517 3215 635 3297 Tydeus
657 3215 750 3297 Tydei
771 3215 898 3276 Proteus
925 3216 1035 3277 Protei.
1079 3214 1178 3288 Quare
1206 3216 1280 3277 dixit
1307 3234 1404 3295 gram·

66 3319 232 3389 ”nauticus
255 3319 386 3383 ‘Graeca
408 3327 477 3380 aunt
498 3323 641 3389 uncum,
672 3336 739 3378 oum
760 3319 954 3380 inueniuntur
975 3317 1121 3379 llebraica
1145 3320 1264 3379 nouriua
1287 3320 1318 3379 iu
1341 3336 1403 3387 eus,

107 3428 139 3483 ut
164 3418 391 3482 Bartholomaeus
419 3417 577 3482 Thaddeus
604 3420 772 3483 Mattlreus‘l
816 3418 889 3490 Quia
918 3421 1002 3491 iuter
1030 3421 1143 3481 Graeca
1172 3427 1202 3480 et
1230 3421 1331 3484 Latina
1360 3427 1405 3480 est

106 3521 209 3599 regula
224 3517 238 3605 ΙΙ
254 3520 273 3582 1.
292 3518 371 3583 1001
387 3519 399 3605 ΙΙ
415 3530 486 3602 aput
507 3525 733 3602 grammaticos,
757 3540 816 3583 nou
839 3522 877 3583 de
903 3521 1057 3584 Hebraicis
1084 3520 1267 3582 nominibus.
1305 3521 1404 3593 Quare

107 3640 180 3702 ergo
202 3623 276 3685 dixit
297 3624 428 3686 ‘Graeca
452 3632 522 3685 suut
544 3632 657 3686 tautum
680 3626 710 3684 iu
734 3642 786 3685 eus
815 3622 1009 3695 desinentia',
1039 3642 1106 3683 curn
1137 3622 1273 3684 uidemus
1300 3624 1404 3684 Latina

107 3726 227 3787 nomina
255 3727 286 3788 iu
309 3745 361 3788 eus
384 3725 562 3796 desinentia,
592 3735 623 3788 ut
645 3725 762 3804 ligneus
785 3728 889 3804 igneus
917 3724 1041 3787 nucleus
1064 3743 1172 3786 aureus
1194 3732 1353 3804 argenteus
1377 3732 1406 3786 et

176 3966 294 4015 lacrum
363 3963 475 4013 ‘lardus
526 3962 613 4013 saluus
665 3963 766 4013 edituus
819 3962 966 4028 3preterita
1034 3963 1130 4028 iprae
1147 3958 1246 4027 lutura]
1266 3961 1405 4013 Ecccldicae

107 4033 221 4083 uidetur:
239 4047 306 4095 quae
324 4032 350 4081 lu
368 4046 430 4080 urus
448 4032 582 4096 desinunt,
600 4033 643 4082 uel
657 4032 736 4082 uuile
755 4032 823 4097 qaid,
841 4030 876 4094 cs.
894 4044 947 4096 req.
1010 4031 1026 4079 a
1044 4030 1191 4080 adrumetus
1210 4030 1335 4080 adrumeti
1389 4033 1405 4081 l

108 4102 134 4150 iu
152 4116 169 4150 u
188 4099 293 4150 silurum
361 4099 456 4163 8Tpri
474 4115 521 4150 om.
591 4096 695 4150 9cetei
783 4101 815 4149 10
832 4095 991 4162 Priscianus]
1014 4099 1050 4148 De
1070 4100 1167 4149 numine
1185 4105 1234 4148 etc.
1251 4114 1279 4163 p.
1299 4100 1406 4162 140,18

110 4170 139 4218 ll
158 4182 234 4218 curus
287 4166 446 4233 Priscianus]
466 4169 483 4217 I
497 4186 525 4234 p.
542 4170 627 4227 lim
681 4169 712 4216 12
730 4165 880 4217 dilereutiae
950 4168 982 4216 ld
1000 4177 1106 4216 mertum
1178 4165 1287 4215 161ιιι)ο
1306 4181 1404 4231 prunus

107 4235 170 4287 llaec
187 4250 297 4301 prunum
384 4239 415 4287 17
434 4237 491 4303 ipse
577 4237 609 4287 18
626 4236 706 4285 husus
793 4233 920 4299 tanoni]
945 4234 1024 4298 Verp.
1045 4234 1259 4300 Georp.11520
1315 4234 1389 4283 arbut

107 4304 173 4355 silue
189 4315 293 4355 cruenta
312 4315 336 4355 te
353 4316 435 4370 myrta
453 4320 525 4355 cerea
543 4319 625 4370 pruna
697 4299 863 4368 cruentaque]
886 4304 964 4367 Verp.
986 4303 1079 4368 Georp.
1098 4303 1113 4352 1
1134 4305 1185 4353 300
1269 4304 1303 4353 20
1320 4250 1405 4368 careal

111 4371 190 4438 Verp.
211 4372 267 4428 Ecl.
285 4376 318 4425 11
337 4377 373 4424 53
443 4368 564 4435 uolubile]
588 4370 666 4436 Verp.
687 4373 753 4421 Aen.
777 4370 838 4422 VII
855 4373 906 4422 302
984 4371 1017 4420 22
1036 4370 1111 4420 liuius
1130 4373 1201 4421 uuiea
1220 4370 1296 4420 lartius
1314 4369 1405 4420 aulatis

140 4444 193 4509 delo
262 4460 295 4508 23
313 4457 481 4507 masculinum
534 4455 637 4504 uliaster
689 4454 787 4504 uliastri
867 4457 900 4505 24
919 4466 1006 4504 ucuter
1074 4456 1107 4506 25
1128 4455 1304 4505 declinationis
1372 4457 1405 4506 26

107 4541 199 4576 manus
218 4540 327 4575 manuus
396 4527 429 4576 28
447 4520 608 4587 Priscianus]
628 4523 663 4586 cf.
681 4524 714 4574 de
732 4524 830 4573 nomine
847 4529 895 4574 etc.
913 4539 940 4587 p.
960 4525 1054 4581 1102
1134 4526 1167 4576 20
1186 4523 1298 4575 tlritheus
1317 4523 1405 4574 thitlrei

108 4594 231 4660 protheus
250 4593 351 4659 prothei
418 4596 451 4644 30
468 4588 538 4655 curro]
558 4607 616 4642 eum
668 4590 769 4641 ebrroicu
836 4592 868 4642 31
888 4590 1005 4642 tlrutlreus
1024 4590 1140 4642 matheus
1196 4607 1298 4657 grecam
1348 4592 1406 4641 lati-

108 4677 168 4713 nam
236 4664 268 4712 32
287 4662 441 4728 gramaticus
494 4660 600 4711 clreicis
619 4655 762 4710 uumluibua
832 4661 864 4710 33
883 4658 909 4709 in
928 4674 957 4708 ua
1027 4661 1061 4710 ut
1078 4661 1104 4708 iu
1123 4662 1178 4710 eius
1229 4659 1328 4711 uudeuc
