3420 5378
237 311 299 376 194
688 312 855 365 venornu
874 312 1109 365 onsuuerrcr

322 497 334 582 Ιι
352 500 370 559 l.
389 497 447 560 ill
464 498 477 581 ll
502 502 538 560 Vt
559 497 740 578 Virgilius
763 499 845 561 dicii:
870 500 945 562 Sunt
966 502 1142 581 pronomina
1158 499 1254 560 omnis
1267 501 1391 579 generis
1401 508 1432 560 et
1446 502 1535 562 unius

234 619 396 681 personae,
421 609 454 662 ut
475 605 555 679 ‘ego'
579 609 609 662 et
631 601 702 671 ‘tu’;
731 609 800 661 ειιιιι
822 620 838 661 e
862 601 982 663 diuerso
1004 604 1091 664 unius
1112 604 1232 682 generis
1254 610 1284 662 ct
1306 603 1409 662 omnis
1430 619 1534 680 perso·

235 721 305 778 nae,
330 711 363 763 ut
385 704 472 782 ‘ipse’
496 711 525 763 et
546 705 632 781 ‘qni’.
677 702 757 764 Dicis
772 706 852 764 enim
868 705 935 780 ‘ego
950 705 1016 783 ipse
1030 705 1081 784 qui
1098 703 1187 774 dico’,
1205 706 1250 764 ‘tu
1271 704 1337 784 ipse
1360 705 1415 784 qui
1436 703 1535 771 diois',

234 804 296 865 ‘ille
318 807 382 884 ipse
406 807 457 881 qui
480 804 573 872 dicit'.
598 809 665 866 ‘nos
687 805 745 884 ipsi
767 806 818 884 qui
840 804 978 866 dicimus'
1002 804 1176 884 etreliqua.
1215 805 1320 866 Vtrum
1334 814 1466 885 possunt
1479 803 1536 866 aila

234 907 409 986 pronomina
433 905 490 966 lroc
505 906 603 967 iacere
619 906 656 966 de
672 908 756 966 tertia
773 909 917 986 persona?
940 906 1048 969 Dicunt
1061 907 1140 982 alii,
1165 908 1233 984 quia
1255 925 1315 967 non
1338 914 1388 968 est
1410 913 1561 975 rectum

234 1016 266 1068 nt
293 1007 364 1069 dicit
385 1006 582 1086 Virgilius:
620 1009 694 1069 Sunt
722 1011 773 1085 qui
802 1026 948 1087 personas
975 1010 1173 1087 coniungunt.
1203 1007 1312 1087 quibus
1338 1007 1537 1069 nullomodo

234 1108 500 1186 adquiescendum,
524 1119 556 1170 ιιι
577 1109 645 1189 ‘ego
668 1117 700 1170 tu
722 1108 795 1170 illc’.
833 1110 907 1171 Nam
931 1121 1049 1189 praeter
1071 1110 1121 1171 illa
1144 1111 1335 1190 pronomina,
1360 1128 1440 1189 quae
1455 1112 1536 1170 omni

234 1227 378 1291 personae
401 1213 598 1281 conueniunt,
622 1213 718 1272 omnis
741 1213 911 1273 coniunctio
933 1211 999 1273 talis
1021 1211 1186 1273 execranda
1208 1220 1262 1272 est

319 1309 450 1395 lli-19⁵ll
464 1313 566 1373 Vtrum
578 1331 669 1373 unum
679 1331 801 1375 sensum
810 1313 1135 1375 liabet‘mei’et‘mis’l
1156 1312 1232 1388 Nou,
1245 1312 1536 1391 quod‘rnei’dicitur

233 1416 271 1476 de
294 1434 327 1476 ea
350 1433 397 1483 re,
421 1431 496 1491 quae
519 1415 548 1473 in
572 1424 728 1492 praesente
751 1415 925 1494 possidetur,
942 1416 1023 1474 ‘mis'
1039 1423 1138 1477 autem
1154 1412 1240 1475 deca
1256 1433 1290 1474 re
1306 1414 1430 1483 dicitur.
1447 1432 1535 1493 quarn
1547 1432 1568 1470 n

233 1516 269 1579 ab
293 1516 351 1577 alin
372 1534 476 1595 spero,
500 1525 533 1577 ut
555 1515 627 1577 dicit
648 1516 846 1595 Virgilius:
871 1517 1010 1594 Legimus
1032 1516 1110 1578 lice-ii
1133 1518 1215 1577 ‘mci'
1239 1517 1287 1578 uel
1303 1518 1400 1577 ‘nris'.
1438 1514 1535 1585 Quare

232 1619 289 1680 lroc
311 1618 447 1678 additur?
470 1618 533 1678 lloc
554 1619 593 1678 ita
617 1616 864 1697 intellegendum,
887 1617 966 1698 quod
988 1619 1068 1678 ‘mis’
1085 1637 1144 1678 nou
1160 1617 1280 1689 dieitur,
1303 1619 1364 1679 nisi
1388 1617 1427 1677 de
1442 1636 1478 1677 ea
1493 1637 1534 1685 re,

232 1739 320 1798 quam
344 1720 415 1780 milri
438 1718 596 1798 abaliquo
619 1722 829 1798 repromissam
852 1738 941 1799 spero
956 1728 986 1780 et
1001 1727 1176 1788 uenturam,
1199 1721 1282 1780 ‘inei’
1300 1728 1404 1781 autern
1427 1720 1467 1779 de
1489 1738 1531 1786 eo.

231 1822 309 1902 qnod
333 1838 476 1902 praesens
499 1820 645 1900 possideo.
691 1821 768 1892 Ouid
791 1823 915 1882 interest
937 1823 1015 1881 inter
1036 1822 1097 1881 ‘is'
1122 1827 1151 1881 et
1172 1821 1264 1881 ‘lrio’i
1310 1821 1389 1882 Dicit
1412 1822 1533 1897 Virgi-

230 1924 325 1984 lius:
349 1922 429 1984 lnter
452 1924 511 1982 ‘is’
536 1930 565 1983 et
588 1922 672 1982 ‘iric’
695 1921 753 1982 lroc
774 1925 912 1991 interest,
937 1922 1015 1999 quod
1039 1924 1099 1983 ‘is’
1124 1923 1328 2000 subiungitur,
1352 1930 1390 1984 ut
1410 1923 1460 1983 ‘at
1480 1923 1563 1995 is’,u

230 2026 282 2087 sed
306 2034 436 2093 tarnum,
466 2027 491 2084 si
514 2025 756 2085 coniunctionem
783 2023 1005 2085 sulrinnctiuam
1029 2023 1085 2084 siin
1112 2024 1250 2085 habuerit
1278 2025 1462 2104 copulatam,
1485 2025 1531 2083 ‘is'

231 2129 375 2207 praeponi
399 2132 509 2205 potest.
534 2136 567 2187 ut
589 2128 633 2185 ‘is
656 2127 771 2186 antem'
795 2127 838 2187 ‘is
862 2127 962 2187 uero'.
1008 2126 1086 2185 ‘llic’
1110 2136 1208 2187 autem
1230 2143 1351 2205 semper
1375 2126 1530 2205 praeponi·

231 2239 289 2290 ιιιι·.
320 2228 398 2288 ‘llic'
423 2229 519 2295 errim,
543 2226 708 2306 siquando
731 2230 901 2288 coniunctio
924 2228 951 2287 ei
974 2229 1166 2306 praepositiui
1189 2226 1304 2287 ordinis
1325 2226 1420 2288 luerit
1442 2245 1530 2307 copu-

230 2331 303 2400 lata,
328 2338 397 2390 tunc
419 2328 532 2408 liquido
553 2329 752 2407 subiungitur,
777 2338 810 2390 ut
831 2330 983 2406 ‘quoniam
1007 2328 1077 2389 iric’.

317 2426 477 2512 ill-19¹’ll
507 2431 565 2491 Cur
587 2432 678 2508 ‘ego’
703 2428 792 2489 habet
814 2428 950 2507 obliquos
972 2446 1059 2490 casus
1086 2430 1143 2490 sint
1172 2428 1347 2503 dissimiles,
1380 2438 1412 2491 ut
1439 2430 1560 2508 ‘ego'rr

231 2534 312 2593 ‘mei’
336 2532 385 2592 uel
408 2532 489 2590 ‘ruis’
514 2539 543 2592 ct
564 2529 672 2611 plurali
694 2534 771 2591 ‘nos’
796 2533 956 2592 ‘nostrum’
979 2530 1026 2591 uel
1050 2532 1186 2592 ‘nostri’l
1228 2529 1321 2592 Aliis
1352 2530 1414 2591 lroc
1436 2530 1530 2612 piacet

229 2653 308 2704 esse,
339 2635 407 2713 qnia
435 2632 545 2692 similes
568 2641 636 2693 sunt
658 2650 766 2703 sensu,
796 2631 865 2692 licet
888 2629 1052 2693 litteratura
1074 2631 1231 2692 dissimiles
1257 2641 1341 2704 sunt,
1379 2642 1412 2695 ut
1434 2644 1482 2695 est
1501 2635 1528 2694 in

230 2737 349 2796 nomine
372 2734 486 2795 ‘boum
509 2734 614 2795 melior
636 2736 782 2815 optimus'
805 2742 835 2794 et
857 2735 967 2794 ‘uerus’
995 2733 1184 2811 singulariter
1207 2733 1352 2812 ‘singuli'
1376 2733 1530 2816 pluraliter

229 2840 313 2907 lacit,
338 2847 367 2898 et
391 2845 423 2897 ut
444 2844 513 2896 sunt
535 2833 699 2914 inaequalia
723 2835 829 2904 rrerlro,
854 2846 885 2895 nt
900 2835 989 2896 ‘lero’
1006 2835 1083 2896 ‘tuli'
1098 2836 1169 2898 lacit
1190 2838 1404 2915 praeteritum,
1429 2838 1528 2899 ‘latmu

228 2941 283 2999 ire’
307 2941 486 2999 inlinitiuum
511 2939 657 2999 loturum:
681 2940 724 2997 sic
739 2938 820 3015 ‘ego'
837 2938 921 2997 ‘mei'
943 2935 1034 2998 debet
1055 2955 1136 3012 esse,
1160 2940 1229 3017 quia
1251 2938 1381 3000 similem
1406 2955 1557 3001 sensurus

230 3039 340 3100 liabent
362 3048 391 3100 et
413 3038 535 3118 reliqua.
571 3040 643 3100 ulit
660 3057 732 3099 uero
749 3039 860 3109 dieunt,
885 3040 964 3115 ‘ego’
981 3038 1189 3099 indeclinabile
1206 3058 1281 3110 esse,
1298 3049 1330 3100 ut
1346 3048 1395 3101 est
1409 3059 1528 3109 nomen.

229 3142 307 3220 quod
331 3141 440 3200 dicitur
463 3145 626 3221 ‘nequam'
650 3152 680 3200 et
702 3158 807 3200 omnes
829 3158 914 3199 casus
932 3142 967 3200 in
990 3159 1048 3200 una
1071 3141 1166 3201 torma
1189 3140 1316 3212 habere,
1346 3141 1427 3203 idest
1449 3146 1528 3221 ‘ego'

228 3245 412 3304 nominatiuo
428 3251 457 3303 et
472 3243 653 3312 accusatluo,
677 3253 709 3303 ιιι
724 3240 908 3319 Virgilius
931 3241 1014 3301 dicit:
1039 3242 1147 3303 Verum
1164 3244 1254 3320 ‘ego’‚
1279 3245 1357 3304 siem
1373 3244 1526 3321 ‘nequam’
1591 3318 1595 3331 Ι

229 3354 258 3407 et
281 3353 379 3407 cetera
403 3343 634 3414 declinamenta,
657 3361 711 3423 per
734 3362 839 3404 omnes
861 3361 949 3404 casus
972 3361 1059 3404 unam
1084 3351 1197 3405 tantum
1221 3342 1455 3405 declinationem
1478 3345 1527 3406 lra-

230 3447 300 3508 lrere
323 3447 413 3508 nullm
437 3455 588 3507 auctorum
612 3445 740 3505 lectione
762 3444 1002 3506 indubitabilium
1025 3444 1150 3505 credere
1173 3444 1382 3525 conpellimur,
1398 3446 1558 3509 Serui-a

229 3550 277 3609 lio
300 3548 465 3609 scribente:
499 3565 624 3625 agrurn
652 3564 720 3624 ego
748 3556 976 3625 rapuerunt,
1011 3546 1069 3607 line
1097 3556 1142 3607 est
1170 3547 1285 3608 dicere:
1319 3552 1446 3627 ‘agrurn
1471 3549 1526 3609 mei

228 3654 415 3731 rapuerunt'.
461 3650 521 3710 Cur
549 3649 675 3727 positum
705 3657 750 3708 est
777 3650 807 3707 in
836 3649 983 3728 principio
1016 3650 1225 3728 pronominum
1259 3648 1315 3710 hoc
1346 3666 1525 3726 pronomen.

301 3822 453 3829 —-—-

296 3924 309 3971 1
328 3916 466 3986 Virgilius]
486 3919 565 3969 Deest
583 3920 654 3984 apud
670 3918 780 3982 Maium,
798 3920 846 3969 sed
862 3920 950 3969 laudnt
970 3921 1127 3984 GolnsrerIns
1144 3921 1215 3986 opud
1225 3919 1321 3969 Malam
1337 3938 1367 3985 p.
1379 3923 1415 3972 35
1425 3922 1525 3973 adnot:

226 3992 363 4040 Sciendum
388 4000 427 4038 est
448 3988 517 4051 quod
539 3997 648 4036 testante
667 3987 775 4051 Virgilio
797 3997 858 4036 suut
879 3988 1004 4049 (prunedum
1028 3990 1181 4053 pronomina
1200 3989 1283 4037 omnus
1303 3990 1408 4053 generis
1424 3997 1476 4043 etc.
1494 4016 1525 4026 -

226 4061 269 4122 qni
287 4060 396 4108 dicimus
416 4067 441 4106 et
458 4056 563 4118 reliquo.
632 4056 648 4105 6
665 4052 804 4120 Virgilius]
826 4055 882 4104 Non
900 4063 974 4105 extat
991 4058 1063 4120 apud
1077 4057 1172 4108 Maium
1240 4056 1256 4105 8
1274 4058 1446 4115 exsecranda,
1457 4074 1524 4107 eurr.

226 4144 308 4181 resecr.
379 4128 410 4177 10
429 4125 590 4190 possedetur,
608 4124 773 4188 compossi—
844 4124 874 4172 11
889 4122 1023 4189 Virgilius]
1045 4126 1125 4189 Apud
1136 4125 1232 4174 Maium
1249 4126 1364 4175 nonnisi
1374 4125 1526 4191 doclepitrrr

223 4213 250 4260 p.
273 4198 337 4247 138:
364 4196 431 4243 luter
453 4195 502 4242 rinei
526 4192 565 4242 nel
590 4193 651 4241 mis:
676 4193 724 4240 mis
747 4191 850 4253 qunndo
874 4192 906 4240 ab
929 4191 1015 4254 aliquo
1033 4207 1110 4257 spero
1128 4193 1283 4257 promissam
1303 4204 1441 4243 uenturam
1460 4208 1525 4247 rem:

226 4315 283 4374 mei,
302 4313 373 4376 quod
392 4326 513 4378 praesens
533 4310 665 4376 possideo.
737 4311 852 4372 requos
923 4312 954 4360 15
972 4309 1068 4373 etheo,
1086 4328 1156 4361 corr.
1174 4311 1214 4360 nic
1301 4312 1333 4362 16
1350 4312 1526 4362 coniunerioni

224 4386 258 4433 20
276 4397 339 4447 ergo
358 4382 434 4429 liniret
519 4381 552 4429 24
570 4378 698 4442 inequalia
766 4378 800 4427 28
819 4375 954 4442 Virgilius]
972 4395 1000 4442 p.
1019 4381 1056 4428 23
1074 4378 1131 4428 Μαι
1198 4382 1231 4430 31
1249 4380 1300 4428 mei
1317 4395 1411 4445 agrum
1431 4380 1525 4431 Maias.

226 4452 271 4499 Ad
290 4438 354 4499 lunc
376 4451 456 4499 lorum
478 4447 572 4497 Petrus
594 4448 688 4498 Daniel
707 4448 771 4497 ltnec
792 4447 901 4512 margini
926 4447 1080 4511 adscripsit:
1116 4448 1143 4496 ln
1166 4447 1210 4498 lib.
1230 4450 1320 4498 Αιιιιιιί
1342 4450 1384 4498 sie
1406 4448 1525 4499 liabetur:

226 4518 336 4565 l'nernnr
357 4516 462 4579 quidam
485 4516 530 4576 qni
553 4515 688 4565 uoluerunt
711 4516 820 4565 seribere
843 4530 891 4581 ego
914 4529 1056 4580 pronomen
1079 4517 1144 4565 iliter
1166 4516 1322 4582 pronomina
1342 4527 1375 4566 ιιι
1392 4532 1441 4583 pro
1459 4518 1526 4565 omui

224 4600 285 4634 rnen
303 4586 461 4650 arriperetur
478 4583 544 4632 sicut
560 4583 599 4632 las
619 4583 692 4632 nelos
710 4598 818 4644 nerpmm
837 4584 940 4645 quidum
953 4599 1001 4649 pro
1014 4600 1062 4648 rgo
1077 4586 1142 4633 orins
1159 4585 1276 4633 dicebaut
1293 4585 1462 4635 nominatiuo
1479 4585 1526 4633 mei

223 4654 344 4718 genetiuo
363 4650 502 4700 Seruilio
521 4662 595 4700 teste:
615 4666 705 4715 agrum
724 4665 773 4714 ego
792 4662 942 4716 rapuerunt,
962 4653 1009 4701 hoc
1029 4663 1068 4701 est
1085 4653 1179 4701 dicere:
1207 4666 1298 4717 agrum
1316 4653 1370 4701 mei
1389 4669 1438 4720 pro
1457 4655 1527 4720 geni·

224 4722 293 4785 riuo;
325 4719 483 4785 Virgilius
505 4733 610 4782 quoqne
634 4720 791 4769 Asinrrns:
821 4721 879 4782 quis
902 4735 951 4784 ego
974 4720 1090 4769 condidit
1112 4730 1140 4769 ιιι
1162 4721 1200 4769 sir.
1222 4734 1307 4769 essem
1330 4736 1381 4786 pro
1405 4722 1467 4786 quis
1489 4736 1527 4771 me

224 4788 269 4852 (rs.
288 4806 314 4854 p.
333 4791 369 4839 23
388 4786 454 4850 Mai)
