3420 5378
400 316 452 368 DE
468 316 678 370 marmano
696 315 880 371 PAPERINO
898 314 1116 369 fllsnonrruo
1134 313 1353 368 AVGVSTINO.
1446 326 1526 376 OGLl

318 508 484 568 dttsstants
506 505 680 568 quenali
702 504 848 586 quidam
870 505 974 567 dicunt
995 505 1064 566 ‘hoe
1087 501 1235 583 specular’
1260 509 1397 582 correpta
1419 499 1522 580 penul-

234 609 314 679 tima,
337 606 391 670 sed
413 608 484 669 huic
505 608 612 671 rationi
635 606 736 670 obuiat
756 606 977 671 Priscianus
999 592 1054 687 (ps)
1077 606 1129 687 qul
1149 604 1228 675 dIcit,
1252 603 1329 684 quod
1354 603 1473 665 nomina
1493 604 1525 663 ln

233 729 267 772 ar
289 709 455 772 desinentia
471 710 568 772 uocali
582 710 775 771 antecedente
790 728 824 771 ar
839 711 1004 790 corripiunt
1025 706 1227 789 penultimam,
1252 713 1434 768 consonante
1449 723 1523 767 uero

233 810 428 874 antecedente
456 810 638 892 producunt,
667 820 700 873 nt
727 812 849 894 laquear
875 811 1006 894 lupanar.
1015 809 1048 892 *)
1091 806 1134 872 ld
1163 808 1219 870 hoc
1248 807 1350 870 dicunt
1376 805 1523 887 qnidam

232 912 345 977 debere
359 913 419 975 diei
433 912 502 975 ‘hoc
517 913 666 994 speculsr'
683 933 699 976 a
715 933 815 995 specu,
839 914 907 976 alii
929 933 945 975 a
968 912 1117 994 ‘speculor
1139 913 1223 982 aris’,
1246 909 1312 972 alii
1334 909 1403 971 ‘hoc
1419 927 1524 991 specu·

233 1015 297 1079 lare
317 1016 406 1078 huius
427 1017 498 1077 aris’
524 1024 552 1078 et
573 1025 645 1078 tunc
667 1015 747 1079 nulla
770 1018 827 1077 erit
848 1016 986 1079 obiectio.

303 1236 332 1293 *l
350 1236 390 1290 Οἵ.
408 1237 487 1290 Prisc.
507 1238 517 1286 l
536 1253 564 1307 p.
581 1238 638 1300 12⁷,
657 1239 724 1290 5-7
743 1239 774 1290 Η.
843 1237 846 1243 ’

764 1514 833 1519 --.-
872 1513 976 1520 ...---

836 1846 915 1925 Χ.

273 2075 349 2158 DE
384 2073 743 2175 Maximinus,
777 2072 1082 2171 PAPERINO,
1124 2070 1482 2170 HIERONYMO,

232 2209 579 2307 AVGVSTINQ
621 2211 774 2297 ALIIS
816 2208 1171 2296 AVCTORIBVS
1207 2209 1271 2292 IN
1307 2194 1524 2293 OODICIS

311 2347 624 2432 BERNENSIS
645 2355 708 2432 1⁶23
730 2348 882 2432 ARTE
903 2348 1087 2432 PRIMA
1108 2344 1439 2431 NOMINA'IIS.

316 2778 423 2838 Prima
449 2778 563 2838 codicis
590 2778 752 2838 Bernemis
783 2783 837 2835 123
858 2794 926 2851 urs,
956 2793 1035 2852 quae
1054 2777 1080 2849 s.
1107 2784 1143 2836 1⁴
1162 2811 1203 2821 -
1225 2774 1277 2836 31⁶
1298 2778 1440 2844 nabetur,
1466 2793 1525 2852 quc

231 2877 300 2941 iure
322 2881 478 2941 Clementis
500 2877 586 2939 Santi
607 2895 712 2938 nomen
735 2880 846 2939 haheat
872 2877 905 2939 ia
927 2882 1028 2954 capite
1048 2882 1208 2956 seriptum,
1239 2881 1387 2939 Hearious
1409 2880 1525 2938 tritius

233 2984 265 3042 r'n
283 2990 514 3059 proprammate
537 2982 721 3055 Ertunneusi
746 2986 821 3039 1868
842 2982 880 3040 de
902 2983 1021 3052 infimae
1048 2984 1157 3041 aetatis
1182 2982 1389 3057 prammaticis
1409 2978 1525 3056 scripto

233 3085 353 3147 abunde
373 3083 524 3174 indicauit
542 3101 574 3160 p.
600 3089 633 3140 11
653 3098 714 3157 seq.

319 3185 384 3257 Qua
415 3204 455 3246 ex
482 3192 550 3246 arte
580 3192 742 3261 postquam
769 3184 905 3259 Pompeii
930 3184 1026 3244 Probi
1051 3184 1220 3246 Geminiani
1247 3183 1364 3246 Iudam·
1399 3186 1524 3259 Veruilii

232 3287 336 3364 Seruii
354 3295 501 3366 excerpta
522 3289 644 3348 seorsim
663 3288 870 3364 pertractum,
900 3292 1009 3359 restat,
1039 3295 1071 3346 ut
1098 3288 1136 3346 de
1162 3290 1199 3349 iis
1221 3289 1396 3349 unctoribus
1417 3304 1518 3364 apum,

231 3392 285 3468 qui
300 3397 428 3467 praeter
450 3387 651 3457 Priscianum,
673 3390 761 3449 cuias
781 3389 918 3448 sexcenti
931 3396 1150 3465 proponuntur
1170 3391 1239 3464 loci,
1264 3397 1355 3466 atquc
1374 3390 1524 3451 Donatum

231 3495 357 3569 tmuper
385 3494 560 3553 nominatim
589 3492 775 3553 laudantur:
807 3491 998 3551 Priscianum
1032 3508 1106 3552 uero
1133 3500 1224 3567 utque
1252 3493 1401 3552 Donatum
1428 3494 1525 3552 sciens

230 3595 361 3670 mutent,
383 3611 451 3654 cum
473 3595 517 3654 ita
538 3609 641 3654 eornm
663 3591 735 3652 libri
756 3593 959 3668 munrucripu·
978 3597 1141 3669 conparati
1160 3597 1234 3667 sint,
1262 3601 1294 3655 ut
1315 3595 1402 3655 nanu
1421 3595 1524 3655 uidea-

231 3706 282 3759 tur
302 3696 427 3756 aliunde
454 3698 497 3755 eis
523 3697 671 3756 auxilium
698 3711 761 3755 esse
784 3696 956 3770 petendum,
1004 3695 1188 3770 enumquam
1211 3698 1268 3758 loc
1290 3698 1410 3757 minime
1432 3712 1524 3771 nequ-

230 3797 336 3872 uerdm,
361 3814 421 3858 non
439 3813 569 3874 prorsus
591 3799 711 3857 inanem
738 3803 948 3872 sucepturum
975 3798 1211 3872 interemtum,
1241 3797 1295 3873 qua·
1321 3799 1427 3859 norrun
1452 3814 1524 3873 quo·

210 3916 290 3977 .que
315 3907 462 3974 excerpta
478 3907 698 3976 perscrutetur,
728 3902 838 3975 quippe
865 3915 933 3958 cum
955 3901 1087 3972 nouisse,
1123 3917 1184 3975 qua
1208 3899 1394 3977 potissimum
1418 3899 1524 3974 forma

231 4000 279 4063 uu·
304 4003 374 4062 libri
399 4003 492 4061 medii
518 4003 589 4060 aeui
615 3998 806 4076 artioraplris
838 4005 961 4074 praesto
991 3999 1126 4075 suerint,
1164 4004 1243 4063 scitu
1276 4017 1334 4061 nou
1367 4001 1523 4076 indianum

233 4101 378 4165 urlritrer.

316 4205 425 4282 Itaque
448 4204 709 4266 Maximianus
730 4207 775 4266 bis
795 4206 945 4265 incidatur
962 4203 992 4278 s.
1019 4210 1053 4263 1·
1067 4211 1096 4265 et
1114 4204 1144 4279 s.
1167 4211 1219 4265 8⁶:

315 4324 334 4383 l.
360 4319 397 4383 1³
424 4323 486 4384 lloc
508 4322 678 4392 sciendum,
706 4323 785 4402 quod
814 4325 869 4385 ista
897 4343 912 4384 s
940 4323 1036 4383 littera
1066 4323 1175 4402 quuida
1203 4323 1259 4384 luit
1287 4323 1364 4402 apud
1387 4325 1524 4402 anthuos

230 4433 341 4503 poetas,
364 4425 441 4507 apud
458 4426 639 4504 posteriores
654 4443 727 4485 uero
743 4424 780 4485 de
795 4435 891 4485 metro
913 4424 1088 4493 excluditur,
1113 4434 1146 4486 ut
1168 4425 1415 4487 Maximianus
1438 4426 1523 4486 dicit:

204 4526 306 4599 aQuia
330 4525 452 4588 licenter
476 4527 587 4607 autirpui
611 4528 726 4607 etipsa
750 4529 832 4603 quasi
855 4545 910 4607 pro
933 4525 1056 4605 liquenti
1082 4526 1241 4587 utebantur
1257 4528 1404 4587 inerudita
1428 4527 1524 4588 adhuc

235 4663 458 4672 ——ss-

299 4745 424 4797 l·litters
491 4744 710 4811 diluximianus]
729 4747 763 4809 ef.
778 4745 907 4796 Maximus
921 4748 1067 4798 Victorinus
1079 4765 1105 4812 p.
1116 4749 1222 4800 1963?
1288 4746 1374 4799 alicu
1409 4748 1523 4801 licentius

234 4814 381 4866 Victorinus
399 4815 513 4866 I'utsolrii
