3420 5378
534 273 584 327 nn
603 275 742 328 ponem
760 276 965 330 peremere.
1338 276 1398 343 153

102 462 232 523 diximus
261 470 289 522 et
316 463 453 525 inuenies
475 470 592 543 tempus
615 481 774 543 personam
797 482 953 525 numerum
977 464 1157 544 singularem
1181 465 1300 527 modum
1323 466 1398 528 indi·

102 566 232 627 catinum
256 563 395 632 litteram,
419 563 470 625 ubi
492 572 617 645 apparet
638 567 819 645 coniugatio:
844 574 913 627 ente
928 563 1067 635 litteram,
1091 567 1209 645 quando
1226 568 1320 629 ectiua
1337 574 1396 636 est;

102 667 127 725 si
154 666 303 745 passiuem
332 666 438 733 iacies,
468 673 535 726 ente
564 664 706 745 syllabam
729 670 882 746 repperies
905 685 936 738 a,
966 686 1049 730 emor
1072 670 1188 729 amaris.
1232 669 1312 747 Ergo
1334 669 1359 728 si
1382 687 1397 729 a

103 766 205 835 inerit,
230 767 355 845 primam
378 768 615 845 coniugationem
639 767 720 835 lecit:
745 770 771 829 si
794 788 819 837 e,
843 770 1020 839 secundam,
1046 780 1077 831 ut
1099 770 1192 831 doceo
1215 771 1317 838 dcces;
1342 772 1365 830 si
1389 772 1398 829 i

75 868 209 937 eluerit,
238 869 355 928 tertiam
379 869 457 938 lacit,
481 887 568 929 unam
594 868 688 929 littera
711 877 857 948 correpte,
883 877 915 929 nt
937 868 1003 948 lego
1025 868 1109 948 legis,
1133 889 1221 932 unam
1245 870 1397 951 producte,

102 978 135 1030 ut
157 971 256 1030 nutrio
278 971 386 1030 nutris.
431 969 467 1029 Et
488 969 567 1030 unde
589 970 801 1049 intellegimus,
832 970 951 1050 qnando
974 979 1110 1051 correpta
1134 980 1163 1033 et
1184 973 1302 1051 quando
1328 991 1398 1053 pro-

102 1070 209 1131 ducte?
253 1071 353 1131 Primo
382 1069 469 1131 modo
497 1072 687 1151 imperetin0:
716 1074 740 1133 si
770 1075 800 1132 in
829 1091 845 1132 e
874 1074 989 1134 miserit
1016 1076 1047 1134 in
1076 1077 1225 1152 praesenti
1252 1083 1397 1154 tempore,

102 1179 240 1250 correpte
268 1180 327 1241 est;
356 1174 380 1232 si
407 1174 437 1231 in
466 1173 490 1241 i,
520 1173 664 1251 producte
694 1182 747 1234 est.
792 1173 930 1234 Secundo
959 1174 1046 1234 modo
1069 1173 1149 1235 unde
1172 1177 1397 1254 cognoscimus?

103 1274 145 1334 lle
166 1274 285 1352 pessino
314 1273 407 1334 uerbo
428 1274 458 1333 in
487 1274 616 1334 secunde
639 1292 766 1353 persone
789 1281 923 1354 tempore
945 1278 1094 1354 praesenti
1117 1277 1204 1337 modo
1226 1277 1396 1338 indicetiuo.

63 1386 89 1426 ¹⁰
103 1375 135 1435 Si
158 1377 188 1434 in
212 1375 331 1454 pessino
356 1393 371 1434 e
395 1376 493 1445 luerit,
518 1382 656 1455 correpte
679 1384 738 1444 est;
762 1378 787 1436 si
810 1377 828 1445 i,
852 1376 997 1454 producte
1020 1384 1074 1446 est,
1098 1386 1129 1437 ut
1145 1385 1215 1458 pute
1231 1377 1297 1457 lego
1314 1376 1397 1456 legis,

102 1478 149 1537 lac
178 1477 342 1556 passinum:
372 1474 456 1554 legor
484 1474 605 1555 legeris,
635 1484 663 1536 et
691 1496 758 1538 eum
787 1484 854 1538 ante
878 1479 1067 1539 nouissimam
1092 1477 1234 1559 syllabam
1258 1499 1274 1540 e
1297 1479 1395 1548 hebet,

103 1595 174 1656 ergo
200 1585 339 1655 correpta
368 1585 422 1637 est.
467 1578 540 1638 Nem
569 1581 594 1639 si
622 1579 631 1637 i
659 1577 797 1648 haberet,
827 1578 1091 1658 iproduceretnr,
1121 1580 1270 1659 quomodo
1298 1583 1398 1641 nutrio

102 1680 208 1749 nutris,
232 1679 278 1739 lec
300 1680 469 1757 passiuum:
494 1681 610 1740 nutrior
632 1682 764 1748 nutriris.
788 1682 921 1742 seruauit
943 1680 968 1740 i:
992 1698 1063 1759 ergo
1085 1681 1203 1761 quando
1226 1701 1242 1742 e
1266 1681 1306 1749 nr,
1330 1699 1396 1742 cor·

102 1790 187 1860 repta
215 1788 274 1849 est;
304 1780 422 1859 quando
449 1783 458 1840 i
487 1791 588 1841 seruat
614 1782 644 1841 in
672 1783 808 1861 pessino,
838 1781 1022 1861 producitur.
1071 1780 1200 1862 †'lertia
1229 1783 1398 1860 coniugatio

64 1892 90 1934 ιο
103 1882 247 1962 producta
270 1881 435 1943 differentia
459 1891 502 1942 est
524 1883 669 1943 intinitiuo
685 1879 697 1964 ΙΙ
713 1883 733 1942 l.
752 1879 830 1945 145⁵
846 1880 857 1964 ll
875 1881 977 1951 modo;
1005 1885 1031 1943 si
1053 1885 1232 1962 paenultima
1255 1882 1365 1964 syllaba
1387 1885 1397 1944 i

102 1981 255 2052 hebuerit,
279 1983 468 2063 producitur,
493 1992 525 2044 ut
547 1985 646 2044 nutrio
669 1985 778 2053 narnis,
801 1985 849 2045 iac
871 1985 1051 2045 infinitiuum
1074 1986 1204 2053 nutrire,
1230 1992 1260 2045 et
1281 2002 1349 2046 cum
1370 1987 1398 2046 ri

100 2084 188 2163 longe
212 2093 272 2153 est,
298 2095 328 2145 et
349 2085 523 2164 producitur
545 2083 666 2163 syllaba.
712 2085 760 2144 Sic
784 2103 854 2162 ergo
877 2084 1056 2164 colliguntur
1079 2087 1311 2164 coniugationes.

187 2186 285 2247 Prime
309 2194 368 2256 est,
392 2205 468 2265 quae
490 2205 506 2246 a
530 2185 637 2255 habet,
664 2195 696 2246 ut
718 2205 784 2247 emo
807 2203 902 2253 emes;
931 2187 1078 2257 secunde,
1101 2204 1177 2265 quae
1200 2204 1217 2247 e
1239 2185 1342 2256 hahet,
1366 2194 1400 2248 ut

103 2288 197 2349 doceo
219 2287 322 2355 doces;
347 2290 443 2357 tertie,
467 2307 544 2368 quae
565 2289 575 2347 i
598 2287 687 2348 lrabet
709 2297 885 2368 correptam,
910 2296 942 2350 ut
956 2286 1024 2367 lego
1040 2287 1123 2367 legis,
1147 2297 1198 2349 eut
1212 2289 1397 2367 productam,

63 2402 90 2442 ²⁰
104 2398 137 2451 ut
164 2390 263 2450 nutrio
292 2391 393 2449 nutris.
439 2390 475 2450 Et
497 2389 566 2469 quid
590 2408 663 2469 opus
685 2398 730 2450 est
753 2392 830 2450 scire
854 2390 1075 2468 coniugationee
1097 2397 1215 2468 praeter
1237 2389 1398 2450 indicetiuo

103 2489 192 2551 modo
220 2500 354 2569 tempore
383 2490 501 2551 lutnroi
543 2490 648 2572 †Nem
676 2491 755 2551 inter
782 2493 1008 2569 coniugationes
1038 2499 1150 2552 tantum
1175 2493 1275 2552 uariae
1298 2492 1351 2559 sit;
1382 2508 1397 2550 a

103 2595 199 2672 prime
222 2593 427 2669 coniugatione
450 2601 482 2654 et
503 2593 632 2653 secunde
655 2594 684 2653 in
708 2592 746 2652 lto
770 2593 830 2652 erit
852 2610 984 2672 semper,
1012 2611 1078 2652 erno
1101 2591 1206 2652 amebo
1230 2591 1323 2653 doceo
1346 2590 1398 2651 do-

103 2693 188 2754 cebo.
239 2693 337 2753 Prime
371 2701 400 2754 et
433 2694 562 2756 secunde
593 2692 746 2753 indicetiui
775 2692 855 2753 modi
883 2695 975 2755 interi
1003 2693 1145 2772 temporis
1174 2695 1204 2753 in
1234 2693 1271 2754 bo
1299 2693 1398 2753 mittit.

103 2795 203 2856 Tertia
231 2803 366 2874 correpta
394 2796 424 2854 in
453 2814 498 2856 em
527 2814 660 2874 semper,
689 2804 721 2857 ut
749 2793 815 2872 lego
845 2794 956 2872 legem3
984 2795 1071 2855 tertie
1100 2793 1243 2873 producte
1265 2794 1399 2854 lutnrum

64 2897 187 2956 eouerie
211 2895 311 2973 regule
334 2897 416 2957 lacit:
440 2895 598 2975 aliquando
620 2898 651 2956 in
675 2915 720 2956 am
745 2904 774 2956 et
795 2897 825 2955 in
851 2894 888 2955 bo
911 2893 1014 2964 simul,
1038 2893 1196 2972 aliquando
1217 2897 1250 2956 in
1274 2894 1311 2955 bo
1333 2903 1398 2956 tan·

104 3007 166 3058 tum
191 2995 362 3077 [aliqnando
386 3001 417 3058 in
440 3016 486 3057 em
510 3006 539 3058 et
560 3000 590 3058 in
614 2995 677 3077 b0].
723 2995 848 3064 Quando
870 2999 878 3056 i
903 3006 970 3057 ante
993 3017 1010 3056 ο
1033 2995 1123 3056 hebet
1151 2997 1181 3056 in
1209 2997 1302 3075 prima
1330 3014 1399 3076 per·

103 3116 175 3160 sone
198 3096 353 3159 indicatiui
374 3097 469 3167 modi,
499 3108 531 3160 ut
552 3107 622 3179 pute
645 3099 744 3158 nutrio
766 3096 868 3158 audio:
897 3100 998 3158 iente
1021 3117 1039 3157 ο
1062 3096 1164 3165 hebet:
1194 3115 1265 3176 ergo
1289 3096 1366 3175 quod
1389 3099 1398 3157 i

105 3208 173 3261 ente
196 3219 213 3259 ο
236 3198 338 3268 habet,
367 3201 498 3261 loturum
526 3208 642 3279 tempus
671 3207 701 3259 et
728 3201 757 3258 in
781 3217 827 3258 am
852 3201 932 3259 etin
960 3198 997 3259 bo
1019 3201 1122 3268 mittit,
1151 3206 1184 3259 ut
1201 3207 1277 3275 pete
1299 3199 1400 3259 dicere

104 3301 204 3361 ‘audio
220 3301 337 3362 audiam
353 3300 484 3362 audibo’:
501 3301 610 3364 dixeris
623 3299 775 3371 ‘audiam’‚
792 3309 874 3362 recte
889 3300 963 3361 dicis
979 3308 1008 3361 et
1023 3298 1166 3370 ‘audibo',
1182 3299 1275 3379 ‘polio
1290 3298 1399 3380 poliam

65 3402 227 3481 sopolibo'.
251 3403 361 3463 ‘nutrio
384 3406 512 3464 nutriam
536 3400 679 3463 nutribo'.
725 3402 756 3462 Si
779 3404 789 3462 i
811 3409 910 3463 eutem
933 3420 993 3462 non
1016 3400 1122 3462 habeat
1143 3403 1239 3480 prime
1261 3419 1398 3481 persone,

105 3503 157 3564 sed
174 3522 199 3574 e,
216 3503 292 3564 idest
306 3512 375 3564 ente
390 3523 422 3574 o,
447 3505 577 3565 loturum
600 3511 718 3582 tempus
740 3506 770 3564 in
795 3502 832 3564 bo
856 3511 967 3564 tantum
991 3504 1094 3573 mittit,
1120 3511 1151 3562 ut
1172 3510 1242 3582 pute
1265 3503 1314 3562 ‘eo
1336 3501 1399 3562 ibo'

106 3607 192 3667 ‘exeo
207 3604 321 3666 exibo’:
350 3609 477 3667 ‘exeam'
500 3623 560 3666 non
584 3623 742 3685 possumus
764 3604 873 3665 dicere.
918 3605 979 3665 llec
1001 3605 1117 3665 ratione
1132 3602 1313 3682 colliguntur
1328 3620 1400 3663 con·

105 3708 280 3785 ingetiones

194 3808 235 3868 lle
256 3806 425 3886 generibus.
456 3809 572 3870 Genera
589 3808 750 3869 uerborum
767 3806 803 3866 V:
827 3814 877 3867 ent
894 3808 988 3868 actiua
1011 3815 1062 3868 ant
1083 3807 1200 3886 passina
1223 3815 1273 3867 ent
1295 3813 1400 3866 neutra

66 3918 157 3971 eraut
179 3912 346 3971 communia
369 3916 420 3970 eut
443 3902 630 3989 deponentia.
676 3912 777 3973 detine
805 3909 902 3970 addite
926 3928 940 3969 r
963 3909 1076 3969 iaciunt
1098 3927 1133 3969 ex
1155 3926 1187 3969 se
1209 3909 1340 3987 pessiue,
1369 3915 1402 3968 ut

176 4167 319 4230 lpersona
338 4178 444 4213 numero
463 4164 587 4229 singulari
605 4163 682 4214 modo
701 4163 839 4213 indicatiuo
892 4161 1021 4211 2entein
1038 4162 1152 4226 marpine
1203 4157 1316 4226 quando]
1336 4176 1402 4223 quae

107 4234 248 4297 apossioo
317 4232 458 4282 utmorem
476 4242 618 4297 correptam
682 4232 830 4298 productam
905 4228 1015 4279 imodo
1033 4244 1107 4278 manu
1124 4228 1161 4278 11
1176 4230 1201 4277 ie
1219 4245 1298 4294 merp.
1371 4230 1402 4279 10

107 4296 179 4366 pute]
198 4312 261 4374 puto
331 4299 499 4362 meantem
567 4302 599 4350 14
618 4300 770 4364 producetur
837 4297 922 4346 'lertio
940 4297 1089 4361 coniugatio
1107 4292 1169 4359 ete]
1198 4295 1320 4346 Fortasse
1336 4299 1400 4345 ecri-

107 4368 213 4418 bendem
231 4375 283 4418 eet:
304 4368 370 4416 lnter
388 4369 485 4417 tertione
504 4369 708 4432 coniugationem
727 4366 878 4432 productam
897 4374 921 4414 et
939 4378 1081 4428 correptam
1104 4362 1244 4413 differentia
1263 4374 1302 4412 est
1319 4364 1344 4412 in
1363 4364 1402 4411 in·

107 4434 206 4484 tinitiuo
277 4438 308 4486 15
327 4435 467 4501 penultima
537 4438 567 4484 19
586 4443 702 4499 correpta
770 4433 893 4500 producto
967 4434 998 4481 21
1019 4430 1081 4480 Nom
1100 4432 1166 4480 inter
1183 4428 1243 4495 ete]
1265 4429 1401 4482 Fortasse:

108 4518 166 4552 nam
185 4504 210 4552 in
230 4506 302 4552 tertia
319 4505 499 4567 coniugatione
519 4511 616 4550 tentum
635 4503 744 4551 uarietas
764 4514 803 4551 est
887 4503 921 4550 et
938 4512 1054 4564 correpte
1072 4502 1098 4550 in
1115 4515 1195 4563 merp.
1280 4500 1313 4549 26
1332 4499 1402 4547 narie

107 4572 140 4620 26
162 4572 263 4621 Verbo:
290 4570 428 4633 aliqnando
452 4572 477 4618 in
496 4585 536 4617 em
556 4581 580 4618 et
598 4571 623 4618 in
647 4570 679 4619 be
701 4586 750 4635 per
771 4569 969 4639 dittoprapliam
992 4575 1050 4618 orto
1072 4569 1199 4617 uidentur.
1270 4567 1296 4614 in
1319 4567 1402 4630 prime

107 4685 219 4737 persona
237 4699 269 4708 -
287 4682 346 4721 note
365 4686 379 4721 ο
398 4671 516 4721 hebetior
533 4687 611 4735 morp.
680 4673 714 4723 27
731 4642 872 4740 iudicarim.)
890 4641 968 4743 modp
1044 4669 1078 4720 28
1095 4669 1173 4718 mittit
1190 4677 1217 4717 ut
1233 4677 1296 4734 pute
1312 4667 1404 4719 addidi

142 4739 237 4790 diceret
304 4741 500 4790 itineratione
