3420 5378
547 226 598 276 nt:
615 225 737 277 LIBRIS
756 225 1030 281 TVRICENSIBVS.

445 358 527 399 diuisas

295 410 432 480 Excipias:
452 412 480 466 in
497 411 615 479 nequae
633 411 799 479 preterierc,
818 410 918 478 supino

773 489 811 518 000
867 489 904 517 100
938 488 979 516 nco

244 533 277 582 35
296 529 326 583 Vi
346 528 448 584 iaciunt
466 529 533 584 itum
552 538 601 584 aut
619 546 732 585 caruere
751 528 786 584 dn
806 556 811 567 ·
830 545 879 585 cen
899 555 904 563 ·
925 538 951 584 te
970 555 975 565 ·
995 535 1109 583 remoto.

652 624 697 654 tero
742 624 778 653 ceo
817 624 854 652 reo
893 610 927 652 leo
964 623 1000 651 roo
1049 612 1082 651 leo

294 664 345 721 Sex
364 666 484 721 retinent
502 675 599 722 neutra
617 665 742 734 pla-no
762 693 767 703 ·
787 681 817 720 ca
837 691 842 701 ·
862 680 974 732 ua·pa
994 692 999 702 ·
1019 663 1225 732 alo-supra·*)

141 749 354 810 (remordeor
373 751 419 816 l:
436 749 510 819 cum)
529 750 576 806 dat
593 751 620 805 ui
640 758 735 819 pateo.
754 750 800 805 dat
819 766 941 819 passum,
960 756 1055 805 torreo
1075 757 1188 804 tostum.

227 855 316 930 Super
338 873 448 914 uersum
471 857 562 914 illum:
586 856 698 914 ‘litera’
714 857 755 930 (u.
772 856 829 929 15).
865 857 958 913 Omnia
983 856 1064 914 uerba
1088 857 1221 914 secundae
1238 857 1436 929 coniugationis

142 942 171 997 in
194 941 244 998 deo
267 943 417 998 desinentia
446 942 549 999 iaciunt
576 944 753 1016 praeteritum
777 945 804 998 in
827 943 854 998 ui
877 941 995 1011 diuisas,
1024 951 1054 998 ut
1077 943 1178 998 candeo
1206 943 1302 998 canrlui
1330 949 1438 1015 praeter

143 1026 263 1100 prandeo
287 1028 381 1100 prandi
404 1027 448 1082 ucl
471 1045 587 1102 pransus
609 1045 668 1083 sum
692 1036 719 1083 et
741 1029 862 1100 erceptis
885 1027 954 1099 iilis,
987 1045 1055 1100 quac
1078 1036 1140 1084 ante
1163 1028 1213 1083 dcc
1237 1026 1335 1083 habent
1357 1043 1437 1083 uoca-

143 1112 197 1167 lcm
220 1111 380 1168 naturaliter
402 1113 510 1185 longam
534 1112 576 1168 uel
593 1112 725 1184 sinaitam,
748 1127 817 1186 quae
833 1113 921 1168 omnia
937 1112 1041 1168 iaciunt
1056 1114 1231 1186 praeteritum
1249 1113 1274 1168 in
1291 1114 1313 1167 si
1330 1119 1439 1186 praeter

143 1195 247 1253 strideo
274 1197 351 1252 stridi
382 1206 409 1253 et
437 1199 557 1271 exceptis
586 1197 656 1268 dtis,
685 1213 754 1272 quae
784 1195 883 1253 trahent
911 1206 972 1252 ante
994 1197 1028 1253 ‹lo
1051 1213 1066 1252 e
1089 1197 1132 1253 uel
1157 1199 1163 1254 i
1187 1206 1341 1271 correptam
1369 1214 1437 1270 quae

143 1282 318 1355 producendo
346 1283 522 1356 penultimam
552 1282 653 1338 iaciunt
682 1281 860 1356 praeteritum
890 1284 917 1337 in
946 1282 988 1352 di,
1017 1291 1048 1337 ut
1075 1283 1154 1339 uideo
1184 1282 1240 1338 nidi
1269 1292 1296 1339 et
1318 1282 1438 1355 exceptis

144 1367 216 1438 iltis,
244 1385 312 1440 quac
341 1368 440 1423 lralrcnt
469 1376 530 1423 ante
557 1368 608 1424 dec
632 1384 647 1423 e
670 1367 713 1423 uel
737 1384 753 1423 o
781 1368 941 1441 interposita
971 1367 1072 1440 liquida
1100 1377 1128 1424 et
1156 1368 1336 1442 praecedente
1364 1377 1436 1422 muta

144 1451 189 1507 uel
212 1469 254 1522 m,
282 1468 351 1524 quac
375 1455 463 1508 omnia
485 1452 624 1525 geminant
647 1452 822 1526 principalem
845 1451 981 1525 silleium,
1011 1462 1040 1508 ut
1064 1453 1163 1509 tondeo
1188 1451 1295 1509 totondi
1318 1454 1438 1526 exceptis

144 1536 303 1609 conpositis.

229 1621 317 1694 Super
339 1638 447 1677 ucrsum
472 1621 547 1678 illum
570 1622 758 1696 ‘principium'
782 1622 821 1694 (u.
847 1618 891 1694 lt)
915 1621 982 1678 haec
1004 1631 1046 1678 est
1067 1623 1171 1696 regula.

230 1705 314 1762 Omne
347 1706 458 1762 uerbum
488 1709 662 1780 conpositum
690 1725 704 1761 a
735 1707 820 1764 uerbo
848 1709 1002 1780 geminante
1031 1706 1207 1782 principalem
1236 1706 1357 1763 sillabam
1386 1724 1440 1763 non

146 1791 268 1866 geminat
291 1778 439 1866 (geminant
461 1789 533 1864 cod.)
557 1791 667 1847 candem
696 1794 816 1867 exceptis
843 1793 996 1867 conpositis
1024 1793 1056 1848 ala
1086 1794 1147 1848 istis
1171 1800 1304 1866 quattuor
1325 1794 1440 1867 poposci

146 1882 257 1983 deplllsci
284 1913 349 1967 steti
377 1913 452 1966 astiti
479 1910 538 1966 dedi
570 1910 733 1967 circumdedi
756 1911 837 1967 didici
860 1911 983 1968 addidici.
1026 1912 1118 1968 Omnia
1143 1912 1224 1967 uerlra
1247 1914 1274 1967 in
1297 1911 1348 1967 deo
1370 1910 1441 1966 desi·

146 1997 236 2051 nentia
260 1996 363 2052 iaciunt
385 1998 561 2070 praeteritum
585 1998 610 2051 in
634 1999 661 2051 ui
684 1996 785 2053 ‹liuisas
801 2004 828 2052 ct
844 2013 906 2052 raro
922 1996 1022 2053 liabent
1039 1998 1144 2070 supina.
1182 1995 1233 2052 Sed
1249 1997 1271 2051 si
1293 2000 1320 2052 si
1341 1995 1441 2052 lrabuc·

146 2083 216 2148 rint,
243 2082 406 2153 regulariter
435 2082 537 2137 iaciunt
564 2083 592 2136 in
622 2090 688 2136 tum.
732 2083 824 2138 tlmnia
853 2080 904 2138 alia
933 2081 1015 2137 uerba
1039 2082 1082 2137 ucl
1106 2083 1133 2137 in
1156 2083 1180 2137 si
1203 2081 1248 2137 ucl
1271 2081 1298 2136 in
1321 2081 1346 2136 di
1370 2082 1440 2137 desi·

147 2167 237 2222 nentia
267 2166 312 2222 uel
341 2168 505 2238 geminantia
533 2166 708 2239 principalem
732 2165 854 2223 sillabarn
878 2166 980 2222 iaciunt
1002 2168 1099 2241 supina
1122 2167 1172 2222 deo
1195 2175 1297 2223 mutata
1320 2167 1346 2221 in
1370 2183 1439 2232 sum,

146 2251 252 2320 gaudeo
275 2252 389 2325 intercip
414 2247 474 2325 (sic)
497 2260 525 2306 et
546 2253 555 2307 i
578 2251 698 2307 uocalem
721 2260 809 2307 mutat
831 2251 857 2307 in
880 2260 1075 2308 consonantem
1096 2270 1123 2323 o,
1147 2260 1177 2308 ut
1200 2252 1334 2324 garrisum.
1371 2251 1441 2307 Nota

146 2336 220 2410 quod
249 2346 343 2392 contra
373 2336 493 2410 regulam
521 2335 602 2392 sedeo
632 2337 779 2409 geminaoit
804 2354 834 2408 s,
862 2346 893 2392 ut
920 2337 1003 2393 sedeo
1032 2353 1148 2393 sessum.
1192 2336 1345 2393 Secundum
1374 2336 1441 2392 hanc

145 2421 266 2494 regulam
289 2421 371 2478 sedeo
394 2429 481 2477 mutat
503 2420 552 2476 deo
576 2422 602 2476 in
626 2439 700 2489 sum,
727 2421 774 2478 sed
797 2429 892 2477 contra
915 2422 1035 2495 regulam
1058 2441 1071 2477 s
1093 2423 1243 2496 geminauit
1267 2438 1299 2476 nc
1322 2423 1344 2477 si
1368 2422 1439 2477 dice·

146 2514 223 2563 retur
251 2524 359 2577 sesum,
389 2515 550 2581 putarentur
571 2522 632 2562 esse
654 2506 723 2561 duae
745 2507 878 2563 dictiones
901 2525 930 2563 se
953 2515 982 2563 et
1004 2524 1073 2563 sum.
1117 2509 1210 2563 Omnia
1234 2507 1317 2563 ucrlra
1339 2508 1365 2561 in
1388 2522 1440 2578 geo

146 2591 295 2647 desinentia
319 2592 328 2646 l
350 2594 394 2648 uel
418 2609 433 2647 r
454 2591 631 2647 antecedente
654 2607 704 2663 geo
727 2600 829 2647 motata
853 2594 879 2649 in
903 2593 925 2647 si
950 2593 1053 2648 iaciunt
1075 2594 1268 2666 praeteritum,
1285 2601 1322 2647 ut
1345 2600 1440 2661 tergeo

146 2678 221 2733 tersi.
266 2676 367 2733 llicitur
389 2686 478 2733 tarrrcn
502 2685 579 2748 tergo
603 2678 704 2749 tergis,
735 2693 789 2731 nou
812 2677 885 2750 quod
909 2695 923 2732 a
946 2677 1056 2749 rrrulgco
1080 2677 1217 2750 quidam
1240 2677 1334 2732 dicunt
1357 2677 1438 2730 mulxi

146 2778 225 2817 causa
248 2761 425 2827 differentiae,
449 2762 512 2834 quio
535 2781 549 2817 a
573 2761 681 2833 mulgeo
704 2761 804 2818 dicitur
827 2762 915 2816 mulsi.
953 2763 1046 2817 Omnia
1071 2761 1152 2817 uerlra
1175 2764 1201 2816 in
1223 2778 1273 2834 geo
1289 2761 1440 2816 desinentia

146 2830 328 2919 oocalilonga
344 2846 386 2902 uel
404 2847 542 2920 dyptongo
559 2846 734 2901 antecedente
749 2864 801 2919 geo
818 2847 963 2901 mutantia
981 2847 1022 2915 xi,
1045 2855 1073 2902 ut
1092 2847 1172 2917 lugeo
1195 2844 1248 2900 luxi
1264 2862 1352 2915 augeo
1368 2847 1439 2900 auxi.

145 2930 238 2987 Omnia
250 2931 300 2987 alia
318 2931 398 2987 uerba
415 2932 440 2986 in
457 2948 509 3004 geo
525 2930 675 2986 desinentia
692 2947 724 2986 eo
742 2932 768 2986 in
784 2931 810 2986 ui
824 2930 926 2986 diuisas
939 2939 1039 2986 motata
1056 2924 1067 3008 ΙΙ
1085 2948 1110 3004 p.
1125 2930 1196 3002 286,
1209 2929 1260 2986 col.
1272 2931 1293 2985 ll
1310 2923 1321 3007 ll
1339 2931 1440 2986 lacirrnt
1464 2978 1468 2985 .

145 3018 338 3090 praeteritum,
368 3025 399 3072 ot
426 3018 503 3089 rigeo
532 3017 605 3088 rigui
633 3017 753 3090 exceptis
780 3016 849 3085 illis,
879 3033 948 3089 quae
977 3016 1076 3072 lralrent
1104 3013 1112 3068 l
1136 3015 1179 3071 uel
1202 3032 1216 3070 r
1245 3015 1287 3071 uel
1317 3015 1439 3071 uocalem

146 3101 306 3157 naturaliter
333 3103 442 3175 longam
467 3100 510 3156 ocl
534 3101 692 3174 dyptongo,
720 3101 753 3157 de
776 3100 875 3175 qoilrus
899 3104 949 3156 iam
972 3101 1074 3158 dictum
1097 3109 1147 3156 cst.
1192 3101 1284 3157 Ornnia
1308 3099 1390 3156 uerba
1414 3103 1439 3155 in

146 3203 198 3260 geo
226 3186 391 3256 desinentia,
420 3204 489 3259 quae
518 3185 620 3242 iaciunt
647 3189 825 3260 praeteritum
854 3201 902 3260 pcr
930 3188 957 3242 ui
987 3187 1104 3256 diuisas,
1133 3187 1232 3258 supino
1254 3195 1362 3257 carent,
1391 3185 1438 3241 sed

146 3288 214 3345 quae
242 3288 291 3344 per
319 3271 340 3327 si
371 3272 546 3345 praeteritum
576 3271 695 3342 iaciunt,
723 3271 818 3346 supina
848 3272 912 3326 dant
934 3272 959 3326 iu
984 3288 1052 3327 sum.
1097 3271 1190 3325 (lamnia
1213 3270 1294 3326 uerba
1318 3271 1345 3326 in
1369 3287 1440 3343 queo

146 3356 294 3412 desinentia
319 3358 419 3413 farciunt
442 3353 618 3430 praeteritum
642 3357 667 3411 in
691 3359 731 3427 si,
758 3367 788 3412 ut
812 3366 929 3428 torqueo
953 3357 1020 3412 torsi
1043 3364 1070 3411 et
1093 3356 1219 3429 sopinum
1242 3356 1264 3410 si
1289 3364 1389 3411 mutata
1413 3357 1441 3410 in

145 3458 221 3512 sum,
249 3450 280 3496 ut
308 3450 421 3497 tursum.
468 3442 567 3497 Tamen
596 3442 767 3514 frequentius
795 3442 821 3496 io
854 3449 926 3510 tum,
954 3451 985 3497 ut
1012 3441 1169 3496 distortum.
1214 3440 1297 3495 (inme
1326 3439 1439 3495 oerlrum

145 3526 263 3582 secunde
285 3528 487 3599 coniugationis
511 3528 538 3581 in
561 3525 605 3582 leo
628 3527 755 3583 desinens
778 3526 958 3601 praecedente
972 3535 1046 3581 muta
1062 3525 1088 3579 in
1104 3524 1196 3581 eadem
1214 3525 1311 3581 sillalaa
1326 3525 1352 3580 in
1369 3523 1439 3597 (oti)

146 3610 197 3666 ilco
218 3619 245 3666 et
268 3613 357 3667 omnia
380 3612 522 3685 conposita
538 3630 552 3667 a
569 3612 611 3667 leo
627 3620 654 3667 et
670 3612 696 3667 in
713 3629 745 3668 eo
763 3611 865 3667 iaciunt
879 3611 1055 3685 praeteritum
1073 3627 1105 3666 co
1122 3618 1222 3666 mutata
1237 3612 1266 3666 in
1282 3613 1320 3681 ui,
1343 3619 1373 3665 ut
1387 3609 1439 3665 ileo

146 3695 219 3766 licui,
242 3696 330 3753 deleui
353 3695 470 3752 aboleni.
510 3696 567 3751 dlia
590 3698 679 3752 omnia
703 3699 730 3752 in
753 3697 795 3752 leo
819 3697 968 3752 desinentia
991 3712 1039 3770 por
1062 3698 1088 3751 ui
1112 3696 1214 3751 diuisas
1238 3696 1341 3751 iaciunt
1363 3711 1440 3768 prae-

146 3782 271 3851 teritum,
300 3791 330 3836 ot
352 3780 431 3837 doleo
455 3780 538 3837 dolui.
583 3779 655 3847 Quae
678 3798 744 3837 ucro
769 3783 870 3838 iaciunt
894 3781 918 3836 in
943 3783 988 3852 ui,
1012 3780 1114 3837 iaciunt
1137 3783 1263 3854 supinum
1287 3782 1313 3835 oi
1338 3788 1439 3835 nudata

145 3866 172 3920 in
196 3876 268 3930 tum;
299 3884 367 3940 quac
390 3883 439 3940 per
461 3869 489 3922 ιιί
511 3867 631 3937 diuisas,
660 3876 753 3922 carent
776 3868 897 3940 supinis,
925 3867 977 3921 nisi
1001 3866 1074 3939 qood
1096 3867 1195 3922 dicitur
1217 3865 1348 3933 dolitum,
1380 3865 1441 3920 indo

145 3951 290 4007 doliturus.
336 3951 386 4007 Sed
405 3952 477 4024 qood
494 3959 589 4006 neutra
607 3950 723 4007 lrabcant
738 3953 852 4026 supina,
875 3952 982 4007 dicetur
1004 3959 1107 4024 postca.
1152 3948 1183 4005 Et
1199 3959 1274 4021 nota,
1291 3950 1362 4023 qood
1380 3949 1440 4005 oleo

144 4035 198 4092 duo
213 4036 295 4093 lrabet
311 4038 455 4111 praeterita
474 4036 544 4092 oleoi
562 4045 589 4091 et
605 4036 677 4108 ciui,
700 4046 727 4092 ct
743 4036 796 4092 imo
813 4036 905 4108 (ideal
927 4038 956 4091 io
972 4035 1045 4106 cod.)
1068 4035 1100 4090 alr
1123 4052 1155 4091 eo
1178 4036 1319 4109 conposita
1341 4033 1442 4089 lralrent

143 4121 208 4193 aluo,
224 4130 255 4177 ut
270 4120 365 4179 aboleo
381 4120 488 4177 aboleni
505 4131 531 4176 ct
548 4120 639 4176 airolui
656 4130 682 4177 ct
698 4123 751 4177 duo
770 4121 865 4195 supina
884 4119 1020 4176 alrcletum
1037 4128 1064 4177 et
1080 4120 1219 4176 abolitum.
1248 4121 1340 4177 Omnia
1358 4119 1440 4175 uerba

143 4207 277 4263 secundae
293 4208 492 4278 conirrgationis
508 4216 619 4279 praeter
636 4207 773 4279 praedicta
790 4205 890 4261 iaciunt
908 4209 1083 4280 praeteritum
1101 4208 1127 4260 in
1145 4207 1170 4260 oi
1186 4206 1303 4276 diuisas,
1327 4215 1358 4259 ut
1375 4214 1440 4260 tono

146 4292 222 4348 tonui
239 4291 303 4364 (lep.
320 4301 400 4348 teneo
418 4291 502 4362 tenui)
518 4300 627 4365 praeter
642 4292 706 4347 liaeo
722 4301 798 4348 noto:
822 4308 916 4346 maneo
939 4290 1019 4346 iubeo
1042 4307 1093 4346 nco
1115 4289 1241 4365 polluoco
1264 4291 1341 4347 luceo
1359 4291 1440 4345 lrereo

804 4466 843 4492 neo
1402 4464 1440 4492 (Ἓο

213 4508 239 4570 *j
259 4508 363 4557 Correxi
383 4509 478 4558 codicis
498 4510 650 4574 scripturam
671 4525 696 4558 u.
716 4511 748 4558 33
768 4523 808 4555 mo
844 4544 850 4569 ‚
883 4523 907 4557 n.
926 4509 958 4557 35
977 4509 1002 4555 ui
1021 4506 1115 4556 iaciant
1132 4509 1157 4556 in
1176 4508 1237 4556 itum
1257 4509 1355 4556 carrierc
1373 4507 1406 4556 do

346 4596 381 4631 teo

143 4654 203 4710 etc,
222 4661 246 4695 o.
266 4646 299 4695 36
318 4660 351 4710 pa
395 4645 459 4693 male
478 4645 632 4706 oxlribentis,
651 4643 683 4697 cl.
697 4642 811 4708 glossam
830 4645 854 4692 io
875 4643 925 4693 ilnc
943 4644 1019 4694 lroins
1038 4645 1149 4710 paginae
1167 4645 1350 4707 sequentisque
1366 4642 1440 4692 initio

145 4714 314 4780 propositam.

1197 4814 1211 4848 e
1221 4797 1232 4824 Φ
