3420 5378
652 309 691 366 tu
710 310 795 369 nou.
814 307 940 364 aurbu
958 306 1137 364 uutouuu.
1478 303 1541 375 225

244 499 465 570 Remanent,
493 499 570 562 idest
597 511 771 580 supersunt,
800 509 927 571 restant,
957 503 1070 563 scilicet
1092 501 1128 561 ad
1151 498 1376 580 disputandum,
1407 498 1485 560 idest
1507 509 1540 560 ut

245 601 282 662 de
306 604 350 663 eis
372 602 500 664 dicutur.
546 605 782 673 Admicimus,
805 606 882 665 idest
904 605 1133 681 assumpsimus,
1157 609 1189 662 ut
1204 601 1331 680 hymnus
1346 618 1427 681 gaza.
1472 600 1603 671 liu-sce,
1619 623 1643 662 ιν

244 700 336 781 pler.
376 704 396 763 Z
419 722 475 783 pro
497 702 612 765 duobus
635 723 649 765 s
672 703 721 765 uel
744 722 798 783 pro
821 704 869 765 sd
892 707 1013 784 ponitur
1035 722 1110 784 quae
1133 710 1201 765 aute
1224 705 1285 764 eius
1308 703 1541 782 assumptionem
1600 720 1602 724 ’

244 807 282 864 ita
307 803 523 875 scribebantur,
547 814 580 865 ut
607 806 728 867 ‘mussa'
750 805 889 868 dicebant
910 826 965 886 pro
993 807 1098 868 ‘maza’
1121 814 1151 866 et
1172 804 1373 866 ‘Messentius’
1396 803 1444 866 uel
1467 805 1541 865 ‘lle-

217 904 377 966 odentius'
393 913 443 966 aut
457 906 657 969 ‘lledientius'
673 926 729 986 pro
745 907 941 970 εΜονιειιῑίιιά.
980 908 1078 968 Vnde
1101 907 1145 968 lit
1167 914 1205 968 ut
1226 906 1373 986 quidam
1396 913 1539 986 putant.

243 1005 366 1067 tannae
381 1005 498 1069 litterae
514 1025 573 1069 non
595 1017 664 1070 sunt
684 1009 788 1089 plures
810 1029 898 1089 quam
914 1009 939 1070 x
956 1018 985 1070 et
1001 1008 1058 1078 Vll,
1083 1010 1152 1087 quia
1175 1006 1195 1066 h
1218 1026 1278 1068 uon
1302 1014 1347 1068 est
1367 1008 1465 1069 littera
1487 1007 1539 1068 sed

243 1109 433 1187 aspirationis
456 1118 540 1181 notu,
564 1129 671 1171 suero
694 1112 830 1190 quamuis
851 1113 891 1171 sit
913 1109 1035 1190 duplex,
1059 1110 1212 1189 superllua
1234 1117 1292 1178 est,
1316 1118 1348 1169 ut
1370 1109 1487 1179 dicunt,
1504 1128 1540 1169 co

243 1209 323 1290 quod
346 1209 419 1269 uihil
442 1210 520 1271 aliud
544 1211 646 1282 habet,
671 1231 759 1291 quam
783 1231 816 1273 cs
837 1212 886 1272 uel
909 1230 958 1290 gs,
988 1212 1006 1272 lr
1029 1219 1058 1274 et
1078 1231 1096 1291 q
1119 1208 1194 1271 nihil
1216 1209 1295 1296 aliud
1318 1210 1428 1271 habent
1451 1228 1539 1288 qnam

244 1328 270 1371 c.
308 1310 421 1382 Quibus
444 1312 603 1374 subtractis
626 1321 656 1373 et
678 1313 798 1375 Graecis
828 1313 942 1375 duabus
963 1313 990 1374 x
1013 1321 1042 1374 et
1063 1311 1112 1373 Vll
1141 1320 1255 1373 tantum
1285 1320 1454 1382 remanent,
1484 1330 1540 1373 uec

206 1426 231 1467 to
245 1413 333 1472 ctiam
358 1413 434 1490 apud
458 1415 681 1493 antiquissimos
696 1415 819 1477 Latinos
843 1411 963 1498 ll1491l
987 1415 1051 1474 siue
1067 1414 1196 1475 Graecos
1219 1411 1320 1493 plures
1342 1414 1435 1484 luere,
1451 1431 1539 1493 quam

243 1512 307 1573 xvi
334 1513 484 1576 subtracta
507 1517 520 1575 l
540 1513 647 1577 littera.
691 1516 727 1577 Si
756 1516 904 1596 quidem
934 1534 975 1576 ex
1004 1515 1061 1576 llll
1090 1523 1125 1575 et
1153 1514 1286 1576 tribus.
1331 1515 1414 1576 Sicut
1441 1515 1640 1577 meatuum

244 1623 291 1675 est
311 1614 415 1676 latina
439 1614 538 1694 lingua
560 1617 638 1677 inter
661 1618 803 1678 Graecum
828 1624 858 1677 et
872 1617 1054 1693 Hebraeum,
1078 1619 1121 1677 sic
1138 1614 1266 1676 medium
1282 1623 1365 1676 tenet
1379 1633 1537 1678 numerum

241 1716 274 1776 iu
298 1714 415 1776 litteris.
461 1719 567 1779 Graeci
590 1737 664 1779 uero
688 1718 808 1788 Xllllll,
831 1719 926 1780 Latini
948 1717 1057 1787 XXlll,
1082 1717 1208 1778 Hebraei
1230 1715 1309 1778 XXll
1331 1717 1442 1779 habeut
1461 1718 1540 1780 litte-

243 1835 301 1878 ras.
346 1816 417 1879 lnde
440 1818 521 1879 xxu
541 1817 636 1880 libros
659 1818 770 1881 hubent
793 1839 828 1880 ex
851 1828 951 1881 uetere
974 1827 1159 1880 testamento.
1203 1819 1304 1887 Tria,
1321 1820 1340 1882 i.
1364 1820 1538 1881 accidentia.
1555 1828 1642 1878 ³⁰⁸,15

206 1932 231 1972 1⁵
244 1917 404 1997 Hucusque
434 1918 471 1980 de
494 1920 600 1982 littera.
645 1921 720 1982 Hinc
749 1921 785 1982 de
815 1919 1019 1982 accidentibus
1047 1919 1251 1999 disputaturus
1273 1927 1331 1990 est,
1355 1919 1470 1982 scilicet
1491 1920 1539 1982 hic

243 2018 371 2080 litteram
399 2039 454 2099 pro
484 2020 631 2083 elemento
658 2026 768 2101 posuit.
819 2023 892 2083 Nam
921 2031 951 2082 et
978 2021 1125 2083 elemento
1155 2019 1296 2080 accidunt
1325 2019 1398 2083 haec
1426 2025 1482 2084 tria
1511 2032 1541 2084 ct

243 2122 311 2182 eius
333 2139 421 2182 causa
444 2122 565 2183 inuenta
588 2131 666 2183 suut.
712 2124 801 2185 Verbi
823 2127 932 2202 gratia,
956 2126 982 2184 si
998 2130 1166 2201 quaeratur,
1191 2120 1263 2201 quid
1285 2120 1383 2184 littera
1407 2130 1539 2193 uocetur,

243 2221 353 2283 accidit
375 2224 403 2282 ei
426 2221 617 2299 bumbulum,
649 2221 675 2283 i·
700 2244 809 2286 nomen
831 2244 932 2294 suum;
956 2228 980 2286 si
1004 2232 1170 2305 quaeratur,
1194 2242 1251 2303 qua
1273 2225 1367 2302 figura
1390 2227 1428 2285 sit
1450 2224 1539 2296 edita,

245 2322 385 2384 uidelicet
412 2331 511 2384 utrum
541 2326 579 2386 sit
599 2337 680 2388 recta
703 2325 795 2396 linea,
824 2345 915 2388 curua
938 2346 976 2388 au
1003 2325 1145 2394 rotunda,
1175 2325 1283 2387 accidit
1306 2327 1333 2386 ei
1355 2343 1409 2386 suu
1431 2327 1539 2404 dgura;

204 2433 375 2505 sopotestas
403 2444 476 2486 uero
498 2427 562 2505 ipsu
585 2430 788 2506 pronuntiatio
812 2436 843 2488 ct
864 2435 964 2489 utrum
988 2429 1026 2488 sit
1047 2426 1159 2489 uocalis
1181 2445 1218 2487 au
1241 2444 1422 2497 consonans,
1451 2430 1538 2489 semi·

243 2527 356 2588 uocalis
379 2545 416 2587 au
440 2535 529 2589 muta.
573 2527 657 2590 lllulti
686 2533 776 2591 etiam
804 2536 950 2610 quaerunt
972 2530 1009 2590 de
1031 2529 1136 2590 ordine
1165 2528 1346 2605 litterarum,
1376 2538 1474 2590 utrum
1502 2531 1540 2590 sit

244 2647 299 2708 per
321 2647 354 2689 se
377 2628 529 2699 accidens,
560 2630 612 2690 sed
641 2648 747 2692 reuera
775 2649 843 2709 pars
871 2639 917 2692 est
944 2632 1106 2710 potestatis.
1151 2630 1213 2691 lloc
1236 2649 1354 2710 quoque
1378 2630 1539 2691 notandum

244 2738 303 2799 est,
326 2729 407 2810 quod
431 2728 547 2791 litterae
569 2733 599 2790 iu
622 2730 752 2793 alfabeto
774 2751 833 2793 uon
857 2741 926 2793 suut
948 2731 1110 2793 secundum
1135 2732 1284 2801 ordinem,
1309 2733 1377 2810 quia
1400 2750 1415 2791 r
1438 2740 1505 2810 post
1526 2751 1541 2792 s

242 2832 299 2892 nisi
322 2832 500 2910 interposita
522 2839 535 2891 t
557 2831 629 2891 nihil
652 2842 751 2903 sonat,
777 2835 854 2894 sicut
875 2840 976 2894 tonsor
999 2834 1149 2894 ‘toneris’
1172 2832 1321 2893 debuisset
1343 2834 1458 2902 lucere,
1487 2832 1540 2894 scd

205 2948 231 2988 ss
245 2934 394 2994 ‘tonstrix'
412 2933 489 2995 iaclt.
527 2932 602 2995 Sunt
617 2951 688 3013 ergo
704 2934 867 2996 secundum
883 2933 1023 3014 placitum
1047 2952 1160 3003 eorum,
1184 2936 1234 3013 qui
1257 2952 1308 2994 eas
1331 2943 1539 3013 reppererunt.

773 3155 821 3216 ΒΕ
843 3154 1017 3216 succuba.

329 3271 466 3333 llesrnitio
489 3281 534 3332 est
556 3271 698 3352 syllabae:
736 3271 879 3354 syllaba
909 3280 963 3332 cst
990 3273 1292 3351 comprehensio,
1321 3273 1346 3330 i·
1370 3275 1535 3352 conceptio,
1550 3285 1597 3333 ³⁶⁸,
1614 3285 1638 3324 1³

208 3402 211 3410 ‚
244 3371 422 3434 coadunatio
451 3373 626 3434 litterarum.
678 3375 714 3434 Et
746 3374 855 3435 dicitur
888 3372 998 3454 syllaba
1032 3367 1099 3433 άπό
1131 3372 1193 3434 τοῦ
1221 3369 1473 3452 συλλαμβάνειν
1499 3368 1540 3435 τά

243 3473 462 3555 γραμμάτων,
491 3476 516 3532 i·
546 3493 561 3534 a
590 3477 782 3555 conceptione
810 3474 986 3537 litterarum.
1041 3474 1114 3535 Num
1144 3469 1397 3553 συλλαμβάνειν
1426 3475 1539 3536 Graece

205 3572 258 3656 ³⁰ll
278 3571 339 3637 150
354 3574 366 3656 ΙΙ
391 3578 546 3654 conceptio
569 3576 688 3645 Latine,
716 3571 756 3636 rol
784 3577 916 3638 Graecus
943 3575 1098 3646 articulus,
1127 3571 1333 3656 γραμμάτων
1363 3574 1538 3637 litterarum.

244 3674 299 3737 llic
322 3685 420 3738 autem
443 3675 608 3737 litterarum
633 3695 686 3755 pro
710 3677 927 3739 elementorum
950 3678 1048 3755 posuit
1070 3677 1214 3752 bonatus,
1246 3679 1312 3756 quia
1336 3676 1445 3756 syllaba
1469 3696 1540 3737 con·

244 3779 337 3856 iungit
360 3787 391 3840 ct
413 3780 545 3858 concipit
567 3778 725 3840 elementa.
754 3780 791 3840 Et
813 3781 887 3840 haec
910 3787 955 3839 est
976 3781 1070 3857 prima
1087 3779 1219 3840 definitio
1234 3777 1373 3859 syllabae.
1419 3779 1540 3839 Enuu·

243 3880 365 3939 tiatio.
410 3878 508 3940 Altera
532 3886 577 3939 est
599 3879 745 3948 delinitio,
780 3882 847 3958 quia
877 3899 935 3941 uua
964 3880 1075 3940 uocalis
1102 3876 1262 3959 aliquando
1290 3879 1431 3959 syllabam
1459 3881 1538 3949 lucit,

242 3979 312 4040 licet
334 3997 394 4041 non
418 3983 555 4060 proprie,
581 3981 633 4042 scd
657 3980 795 4051 abusiue,
820 3984 896 4042 sicut
918 3983 1142 4043 ‘nominatiuus’
1160 3981 1269 4041 dicitur
1292 3998 1378 4042 casus
1393 3989 1423 4041 et
1438 3983 1539 4042 ‘uuus’

205 4094 397 4142 unumerus.
442 4081 473 4141 Sl
497 4085 576 4142 enim
599 4081 710 4162 syllaba
733 4075 798 4142 ἀπὸ
820 4077 882 4143 τοῦ
903 4073 1155 4162 συλλαμβάνειν
1169 4081 1210 4143 τὰ
1225 4077 1444 4162 γραμμάτων,
1463 4082 1542 4143 idest

244 4201 261 4243 a
283 4185 477 4262 conceptione
506 4183 671 4244 litterarum
700 4184 818 4253 dicitur,
849 4185 937 4245 unius
964 4184 1076 4246 uocalis
1104 4183 1266 4245 enuntiatio
1288 4183 1411 4244 abuslue
1434 4195 1464 4246 et
1485 4185 1539 4245 im·

243 4285 366 4363 proprie
387 4291 512 4345 uocatur
535 4282 655 4364 syllaba.
702 4285 861 4348 Sciendum
884 4295 1000 4355 autem,
1024 4286 1103 4364 quod
1127 4284 1238 4367 syllaba
1254 4285 1291 4346 ab
1314 4303 1371 4346 una
1393 4286 1540 4366 incipiens

311 4575 327 4622 2
346 4573 498 4622 admisimus
516 4573 582 4623 idest
599 4589 645 4624 om.
743 4575 761 4621 4
778 4574 813 4620 itu
831 4570 1019 4641 scribebantur]
1041 4571 1072 4641 llll
1091 4575 1283 4625 ascribebantur
1373 4575 1389 4623 8
1408 4571 1484 4622 nichil
1502 4573 1540 4623 dia

243 4642 361 4706 ligrecis
431 4639 455 4688 X
473 4651 497 4690 et
515 4640 573 4689 Vlll
592 4652 688 4690 tantum
760 4643 791 4690 10
809 4656 899 4705 grecos
987 4645 1136 4707 atgrecum
1155 4643 1316 4692 ethehreom
1386 4643 1418 4691 13
1436 4642 1505 4705 greci

243 4708 329 4758 hebrei
397 4709 431 4758 24
449 4709 526 4758 nichil
594 4710 806 4775 comprecemur
879 4711 911 4761 28
930 4721 1008 4775 aputu
1027 4710 1170 4773 syllahsniu
1190 4722 1214 4759 ta
1232 4702 1368 4777 grumatou
1437 4711 1469 4759 29
1487 4708 1539 4772 syl-

242 4775 344 4826 labanin
415 4779 447 4826 30
465 4791 556 4841 grecus
625 4778 658 4830 35
675 4791 690 4826 a
708 4787 773 4842 potu
790 4776 933 4841 syllabuniu

267 4874 365 4919 unu.
376 4885 429 4918 ur.
442 4876 526 4919 suurn.
1308 4867 1340 4916 lb
