3420 5378
734 165 770 210 Χ]
815 186 855 195 .-

106 335 412 420 manuscriptorum,
436 339 597 421 quotquot
610 336 749 419 Bernae,
771 335 806 400 in
820 335 960 401 Heremo
977 357 1082 419 saara,
1104 335 1213 401 Turiei
1234 336 1403 436 adseruata

106 445 352 531 grammaticum
383 468 460 532 prae
493 469 527 512 se
560 447 670 512 ferunt
703 451 943 532 argumentum,
976 445 1223 531 descriptionem
1255 447 1401 534 delegaui

106 553 239 639 additis,
261 559 298 620 ut
312 556 491 622 incidebam
506 557 541 622 in
555 579 606 622 res
620 556 776 623 hactenus
790 557 986 643 incognitas,
1007 557 1073 622 suis
1088 557 1240 642 cuiusque
1256 559 1401 643 opusculi

107 665 274 750 excerptis.
311 666 380 732 Iam
401 668 496 733 tertio
518 667 590 734 loeo
611 690 680 734 non
702 672 769 733 tam
789 668 961 753 librorum,
984 690 1080 752 quam
1102 671 1269 733 auctorum
1289 669 1402 734 habito

106 779 255 861 respectu
277 799 315 841 ea
336 777 467 864 collegi,
491 800 572 862 quae
594 779 690 844 certis
705 781 864 844 certorum
880 781 1046 857 auctorum
1061 778 1247 843 nominibus
1262 779 1404 866 insignia

107 888 319 953 occurrebant
345 892 401 953 aut
429 888 524 974 plane
551 911 620 955 non
647 890 779 976 cognita
804 889 909 954 adhuc
936 893 993 954 aut
1019 890 1104 956 iusto
1131 889 1266 955 minoris
1292 890 1404 955 habita

107 997 160 1063 uel
182 1020 296 1083 parum
317 1004 464 1065 eccumte
486 999 654 1084 descripta.
700 998 770 1075 Quo
798 999 919 1065 factum
947 1003 1010 1083 est,
1039 1004 1089 1084 ut,
1117 1022 1310 1084 quamquam
1336 1021 1403 1067 non

106 1130 210 1193 pauca
223 1109 335 1174 insunt
349 1109 485 1194 inedita,
501 1111 577 1176 huic
591 1115 676 1176 certe
691 1110 775 1195 parti
791 1109 1158 1194 supplementorum
1173 1111 1290 1197 magis,
1306 1133 1404 1195 quam

107 1219 338 1285 anecdotorum
359 1241 478 1285 nomen
501 1221 698 1286 conueniret.
738 1219 839 1296 Quem
857 1220 986 1304 quidem
1008 1220 1178 1305 supplendi
1199 1221 1343 1286 laborem
1365 1244 1404 1286 eo

107 1330 215 1394 minus
236 1330 440 1413 respuebam,
469 1334 639 1415 postquam
665 1333 770 1396 totum
792 1331 880 1395 hunc
901 1330 1019 1394 librum
1040 1353 1100 1415 pro
1122 1331 1404 1417 grammaticorum

108 1437 299 1504 Latinorum
321 1462 341 1504 a
362 1439 516 1506 Putschio
538 1440 708 1525 Keilioque
737 1441 896 1507 editorum
926 1441 1149 1525 supplemento
1181 1445 1214 1506 et
1235 1464 1328 1526 posse
1349 1441 1404 1507 ha·

110 1549 179 1614 beri
201 1552 235 1615 et
256 1548 400 1615 habitum
423 1551 463 1614 iri
486 1551 643 1616 uidebam.

193 1657 256 1725 Sed
282 1659 362 1725 haec
390 1661 500 1728 omnia
525 1684 727 1748 summopere
754 1662 867 1728 dubito
895 1684 974 1731 num
996 1662 1132 1727 feliciter
1155 1662 1257 1747 oeoipi
1280 1663 1404 1746 riteque

107 1769 220 1855 peragi
247 1771 429 1855 potuerint,
456 1773 520 1837 nisi
548 1774 692 1839 uirorum
721 1773 931 1859 optimorum,
961 1773 1016 1856 qui
1040 1771 1264 1837 Heluetiorum
1292 1772 1405 1837 biblio-

108 1880 211 1946 thecis
232 1886 401 1965 praesunt,
425 1881 611 1949 Oornarii
633 1883 832 1967 Turicensis,
854 1882 988 1948 Patris
1014 1880 1120 1947 Galli
1147 1881 1308 1948 Morelii
1327 1881 1405 1947 Ein-

107 1990 271 2077 sidlensis,
306 1990 440 2057 Caroli
466 1993 661 2059 Ludouici
693 1994 738 2059 de
766 1993 949 2078 Steigero
977 1991 1151 2059 Bemensis
1184 1992 1405 2073 beniuolentia

109 2100 355 2187 adfabilitesque
378 2103 447 2168 uias
468 2103 549 2168 mihi
571 2103 611 2168 ad
633 2105 706 2170 illos
728 2104 895 2169 thesauros
916 2103 1129 2188 patefecisset.
1165 2105 1273 2187 Atque
1294 2101 1407 2168 Gallus

110 2210 264 2278 Morelius
285 2234 391 2296 meus,
415 2213 490 2278 ‘iam
512 2214 634 2298 senior,
660 2215 714 2279 sed
736 2215 834 2280 cruda
856 2215 927 2279 uiro
950 2212 1124 2297 uiridisque
1147 2217 1316 2297 senectus,
1337 2236 1406 2279 non

109 2323 230 2407 solum,
253 2345 326 2388 cum
348 2323 472 2389 duobus
494 2325 613 2391 abhinc
635 2326 729 2391 annis
750 2349 808 2411 per
829 2324 971 2390 triduum
993 2323 1180 2390 monasterii
1194 2323 1406 2390 Einsidlensis

86 2484 93 2497 .
107 2432 339 2499 bibliothecam
359 2438 591 2518 perscrutarer,
613 2457 737 2500 summo
752 2459 803 2501 me
818 2435 904 2500 fouit
918 2456 1026 2499 amore
1042 2434 1204 2518 effimsque
1219 2438 1406 2519 prosecutus

109 2547 159 2610 est
189 2544 345 2609 librorum
381 2544 726 2610 subministrandorum
758 2545 966 2630 liberalitate,
999 2544 1069 2629 sed,
1105 2549 1277 2630 postquam
1309 2545 1406 2609 breue

108 2654 190 2720 illud
220 2655 373 2737 temporis
400 2655 540 2740 spatium
568 2657 654 2720 intra
680 2656 809 2720 claustri
837 2660 933 2739 atque
961 2654 1040 2727 adeo
1067 2655 1256 2719 ‘clausurae'
1278 2655 1407 2719 moenia

109 2767 339 2847 consumptum
362 2765 466 2847 operis
489 2766 628 2850 susecpti
650 2764 886 2850 longitudinem
908 2764 1041 2829 minime
1062 2785 1199 2847 aequare
1221 2763 1326 2829 uisum
1348 2768 1406 2848 est,

108 2875 251 2960 benigne
278 2873 356 2939 satis
382 2875 521 2959 amplam
548 2876 705 2941 librorum
732 2874 1023 2959 manuscriptorum
1049 2875 1330 2960 inpressorumque
1356 2897 1406 2940 co·

109 2986 198 3071 piam
225 2985 260 3050 in
286 2985 371 3050 hanc
398 2985 518 3050 oinium
545 2985 759 3052 Bemensium
787 2985 893 3051 sedem
920 2984 1009 3049 misit
1036 2984 1144 3050 eadem
1175 3007 1301 3071 semper
1322 3008 1407 3070 usus,

109 3098 148 3161 ut
168 3096 254 3160 inter
276 3096 411 3178 amicos,
434 3096 461 3160 si
483 3097 621 3161 amicum
642 3096 804 3182 appellare
826 3097 875 3160 fas
898 3099 947 3160 est
961 3095 1067 3159 uimm
1081 3095 1224 3161 humana
1237 3118 1298 3161 nos
1312 3117 1407 3182 gene-

109 3206 236 3272 ratione
259 3205 517 3289 antecedentem,
539 3206 768 3272 iucundissima
788 3206 888 3271 animi
911 3205 1079 3270 suauitate.
1119 3205 1274 3289 Proinde,
1297 3207 1325 3270 si
1347 3207 1407 3270 lar-

109 3318 184 3403 gior
216 3338 274 3400 per
306 3314 366 3379 hos
399 3337 501 3381 annos
532 3316 681 3401 peruenit
710 3316 940 3401 peruenietque
975 3315 1072 3379 etiam
1104 3314 1144 3379 ad
1176 3316 1264 3381 uiros
1296 3315 1407 3380 doctos

110 3426 241 3494 armarii
263 3423 373 3491 Sancti
396 3424 555 3492 Meinradi
582 3426 713 3512 notitia,
742 3448 782 3491 en
810 3426 902 3490 illum
923 3425 1029 3489 uirum
1051 3425 1266 3490 uenerabilem
1288 3426 1406 3492 habeto

111 3538 290 3604 auctorem!

197 3646 260 3713 Sed
286 3647 384 3732 longe
412 3647 551 3712 maxima
578 3647 652 3712 libri
680 3668 754 3731 pars
784 3648 819 3712 in
847 3645 992 3712 codicum
1014 3646 1225 3712 Bernensium
1254 3647 1409 3717 memoria

111 3757 325 3846 praedicanda
339 3761 495 3824 uersatur.
532 3756 603 3834 Qua
616 3758 651 3823 in
665 3779 700 3823 re
715 3758 743 3825 si
758 3756 930 3824 Sinnerum
945 3758 1084 3843 catalogi
1099 3760 1173 3823 ante
1195 3757 1256 3822 hos
1278 3761 1407 3822 eentum

111 3892 215 3936 annos
243 3870 460 3935 confectorem
487 3869 600 3935 ducem
627 3870 754 3935 sedatus
781 3869 900 3952 forem,
934 3891 985 3933 res
1018 3869 1096 3952 quin
1122 3867 1229 3931 minus
1256 3889 1408 3952 prospere

112 4002 301 4067 processura
322 3980 435 4063 fuerit,
456 3980 565 4046 nullus
587 3979 715 4064 dubito,
737 3983 908 4065 propterea
930 3977 1015 4063 quod
1034 3977 1074 4042 ad
1088 3998 1210 4042 nouum
1224 3976 1407 4065 catalogum

113 4090 347 4158 conficiendum
369 4090 505 4176 singulis
527 4113 565 4155 ex
588 4091 700 4156 ordine
722 4090 813 4155 libris
835 4089 984 4173 deinceps
1007 4087 1144 4153 euolutis
1159 4088 1262 4153 multa
1275 4088 1409 4153 inuenta

112 4206 204 4286 sunt,
232 4223 314 4285 quae
342 4199 433 4265 illum
460 4222 591 4284 prorsus
613 4202 778 4287 fugerant,
808 4200 863 4284 qui
885 4221 926 4264 ne
948 4199 1149 4284 singularum
1171 4198 1300 4282 quidem
1321 4198 1409 4263 sche-

113 4313 240 4397 darum,
270 4333 404 4395 quarum
430 4331 549 4396 magna
569 4312 663 4396 eopia
685 4315 748 4396 est,
775 4311 874 4376 ullam
897 4311 1029 4376 omnino
1051 4308 1250 4375 mentionem
1272 4307 1408 4374 lecisset.

113 4423 202 4500 Quae
230 4444 334 4507 neque
361 4422 546 4487 retexissem
573 4443 678 4505 neque
705 4421 788 4486 iuste
810 4442 995 4506 percensere
1018 4425 1114 4506 atque
1135 4422 1330 4505 pertractare
1352 4441 1408 4504 po·

113 4535 261 4617 tuissem,
290 4534 353 4599 nisi
376 4531 583 4618 Steigerus
611 4531 662 4595 uir
688 4531 807 4595 nobilis
835 4536 930 4614 atque
959 4533 1058 4596 comis
1080 4531 1237 4616 singulari
1259 4550 1335 4616 erga
1358 4552 1408 4595 me
