3420 5378
244 296 304 360 158
461 296 585 350 sutton
604 297 872 351 exposmouuu
890 299 940 349 DE
959 298 1100 351 DONA'l'I
1117 298 1321 353 Pmoutuva.

241 494 339 547 autem
373 486 473 554 iaoio‘,
498 503 585 545 nemo
619 485 689 544 dicit
716 485 827 545 ‘autem
849 502 903 563 ego
926 486 1026 547 iacio’.
1072 485 1278 566 ‘Inousque
1306 487 1547 550 Palaemon’:

241 605 329 647 nenio
358 586 428 647 dicit
451 592 522 664 ‘que
545 584 633 647 lnons
657 584 837 647 Palaemon'.
881 585 1036 658 Quomodo
1065 586 1133 649 illae
1162 606 1281 668 sempor
1303 598 1546 670 praeponuntur,

240 690 282 748 sie
306 688 378 748 istae
401 694 468 767 post
489 706 606 767 sempor
634 694 800 766 ponuntur:
829 707 906 767 quae
934 687 1049 749 mediae
1081 688 1224 759 sunt,'et
1252 694 1392 771 postponi
1421 704 1547 771 possunt

242 788 255 872 ll
274 790 293 849 l.
313 786 389 850 148·
406 787 417 871 il
434 797 464 850 et
486 790 639 866 anteponi:
668 790 771 867 ‘igitur
793 790 850 850 hoc
874 790 940 858 iac',
969 790 1028 849 ‘lae
1050 791 1168 867 igitur’;
1198 791 1313 852 mediae
1337 810 1395 871 pro
1419 792 1546 854 arbitrio

241 891 366 951 dicentis
389 899 439 952 aut
461 897 686 972 praeponuntur
708 897 758 951 aut
780 898 1012 970 postponuntur.
1555 913 1567 951 s

693 1024 742 1086 DE
764 1024 1074 1087 runurustutuuu.

324 1127 510 1206 Praepositio
538 1135 584 1189 est
610 1145 679 1207 pars
706 1129 849 1189 orationis
877 1127 969 1197 dion,
998 1127 1075 1204 quotl
1105 1129 1135 1188 in
1162 1127 1311 1208 loquendp
1334 1134 1540 1211 praeponitur,

241 1238 274 1291 ut
295 1237 366 1308 puta
391 1230 481 1308 ‘apud
505 1230 645 1290 amicum'
666 1247 789 1309 possum
812 1229 923 1299 dicere,
948 1229 1087 1289 ‘amicum
1104 1230 1193 1308 apml’
1210 1248 1269 1290 non
1285 1249 1410 1309 possum
1427 1232 1540 1300 dicere;

240 1332 282 1390 sic
310 1330 469 1392 aduersum
501 1332 650 1398 inirnicos;
680 1333 759 1390 ‘ante
789 1328 944 1409 templum'
972 1329 1055 1399 alico,
1087 1330 1239 1410 ‘templum
1267 1333 1349 1392 ante'
1372 1352 1436 1394 non
1466 1332 1538 1394 rlico.

240 1432 282 1491 Eo
304 1433 383 1511 quotl
406 1434 435 1492 in
457 1431 607 1512 loquendo
628 1432 831 1511 praeponitur,
855 1430 932 1491 (licta
950 1431 1141 1509 praepositio.
1180 1432 1338 1493 Praeterea
1354 1436 1569 1514 praepositioni

241 1551 327 1595 casus
360 1540 442 1594 tenet
474 1534 672 1594 aecusatiuum
704 1540 734 1592 ot
761 1531 934 1594 ablatiuum.
984 1533 1020 1593 Et
1047 1550 1122 1613 quae
1150 1540 1220 1594 sunt
1247 1537 1411 1595 accusatiui
1439 1554 1534 1605 casus,

239 1643 353 1696 tautum
376 1654 477 1696 casum
500 1637 702 1696 accusatiuum
726 1640 848 1712 regunt,
884 1642 916 1693 ut
948 1641 1017 1712 puta
1052 1633 1147 1712 ‘apud
1176 1636 1320 1695 amicos’:
1356 1654 1449 1696 rrenro
1471 1637 1536 1697 dicit

239 1736 393 1805 ‘amicis';
424 1744 453 1796 et
481 1753 556 1813 quae
583 1744 653 1795 sunt
679 1734 800 1796 ablatiui
829 1751 928 1802 casus,
959 1733 1120 1796 ablatiuum
1150 1733 1247 1796 solum
1275 1745 1399 1815 regunt,
1429 1745 1464 1798 ut
1484 1737 1534 1798 ‘ab

233 1839 392 1899 inimicis.

323 1939 399 2000 Sunt
431 1938 504 1999 aliae
538 1940 788 2017 praepositiones,
823 1954 898 2014 quac
932 1938 1074 1999 (licuntur
1107 1938 1235 2000 mediae:
1276 1938 1366 2000 modo
1400 1941 1561 2002 scrutante

238 2043 418 2115 accusatiuo,
443 2040 531 2100 modo
553 2040 693 2100 ablatiuo.
738 2039 775 2101 Et
797 2037 914 2118 quanrlo
937 2038 1047 2099 debent
1069 2040 1184 2099 seruire
1207 2041 1393 2110 accusatiuo,
1419 2041 1531 2118 quando

238 2139 385 2201 ablatiuo‘?
427 2140 592 2220 Aliquando
615 2148 686 2201 tune
709 2140 893 2209 aecusatiuo,
918 2140 1035 2217 spirando
1057 2142 1179 2201 mutatio
1202 2139 1275 2210 loci:
1300 2150 1372 2201 tunc
1395 2141 1530 2214 ablatiuo,

238 2241 356 2320 quando
383 2243 566 2322 permansio,
598 2250 629 2302 ut
656 2251 726 2321 puta
755 2243 780 2301 si
806 2241 887 2302 tlicas
908 2240 956 2300 ‘eo
978 2241 1009 2300 in
1031 2241 1151 2308 lorum’,
1180 2242 1237 2301 nisi
1260 2244 1457 2304 mutationem
1478 2243 1529 2304 ioci

239 2343 360 2412 leceris,
394 2345 439 2404 ire
469 2361 528 2403 non
559 2351 653 2422 potes.
702 2341 780 2420 Ergo
808 2341 927 2422 qnamlo
951 2344 1074 2403 mutatio
1103 2352 1149 2403 est
1177 2344 1379 2404 accusatiuum
1410 2354 1528 2424 reguum

238 2444 354 2522 quando
384 2446 570 2524 permansio,
605 2443 765 2504 ablatiuum
800 2461 915 2505 casum:
951 2461 1009 2503 non
1038 2446 1232 2504 mutationem
1265 2445 1449 2524 significant,
1482 2445 1558 2506 seta

238 2543 350 2607 locum:
374 2546 415 2605 ‘in
433 2545 543 2624 templo
558 2547 646 2614 sum’,
670 2544 718 2606 ‘in
735 2545 799 2604 loro
821 2546 909 2606 sum'.
934 2543 1061 2607 Necesse
1077 2554 1131 2616 est,
1147 2552 1188 2614 ut,
1211 2544 1331 2625 quando
1346 2549 1472 2609 mutatio
1486 2549 1528 2617 sit

122 2654 128 2664 ’
238 2654 373 2708 teneatur
395 2647 598 2716 accusatiuus;
621 2645 740 2726 quando
763 2648 912 2707 remansio
935 2649 986 2716 sit,
1011 2652 1147 2707 teneatur
1169 2645 1329 2708 abiatiuus.

322 2750 397 2810 Sunt
429 2749 503 2809 aliae
531 2746 567 2809 Vl
596 2748 846 2828 praepositiones,
881 2766 955 2826 quae
988 2765 1148 2827 numquam
1178 2758 1375 2827 segregantur
1405 2750 1443 2812 al)
1469 2748 1528 2813 aliis

236 2849 372 2928 partibus
387 2852 529 2912 orationis
545 2868 642 2929 neque
658 2850 789 2927 separari
806 2857 939 2927 possunt,
957 2857 990 2910 ut
1004 2849 1034 2910 di
1050 2850 1096 2912 dis
1111 2870 1144 2911 re
1160 2869 1192 2913 se
1208 2870 1254 2911 am
1272 2869 1340 2912 con.
1378 2851 1526 2913 ‘conduco

236 2952 320 3012 ttoi’:
352 2969 437 3011 nemo
460 2957 558 3030 potest
580 2951 681 3011 dicero
704 2954 778 3010 ‘con
802 2949 854 3010 tibi
877 2950 987 3021 duco’;
1011 2952 1136 3013 dicimus
1159 2954 1283 3032 ‘recipio
1304 2952 1415 3023 illum',
1444 2966 1555 3014 nemos

236 3055 281 3111 ‘re
303 3052 386 3113 illum
410 3054 509 3131 cipio’,
539 3052 661 3113 ‘secubo
685 3054 722 3113 ob
744 3054 818 3125 illo’,
850 3069 935 3113 nemo
958 3056 1003 3114 ‘se
1026 3052 1135 3113 abillo
1158 3040 1247 3113 culro'
1270 3052 1420 3114 similiter.
1464 3052 1527 3115 ldeo

236 3152 373 3213 dicuntur
396 3150 572 3229 loquellares
594 3153 843 3232 praepositiones
867 3153 946 3233 quod
970 3171 1089 3233 semper
1111 3154 1276 3234 loquutioni
1298 3155 1480 3224 adhaerent,
1500 3164 1527 3217 ct

237 3261 268 3313 ut
295 3253 515 3331 oloquutionern
545 3254 666 3324 iaciant,
695 3254 869 3333 cuicumque
897 3253 1059 3333 particulae
1082 3255 1242 3316 cohaerent
1263 3275 1397 3336 semper:
1423 3259 1526 3319 ‘reior-

235 3355 361 3416 midaus'
378 3358 432 3416 crit
447 3356 645 3435 participium,
662 3357 842 3416 ‘reuocator'
858 3357 915 3416 erit
930 3375 1049 3416 nomen.
1081 3356 1224 3417 Omnibus
1238 3357 1374 3437 partibus
1389 3361 1525 3436 iungitur,

234 3457 273 3517 ita
296 3465 409 3528 tamen,
433 3467 547 3517 utnon
570 3465 748 3536 amputetur.
1535 3475 1556 3514 s

696 3575 745 3637 DE
767 3574 1068 3637 lNTEltlECTlONE.

319 3676 488 3737 luteriectio
512 3684 557 3738 est
579 3694 649 3756 pars
671 3679 822 3748 orationis,
846 3696 922 3757 quae
944 3695 1061 3738 sensum
1085 3678 1192 3738 mentis
1214 3679 1363 3757 exprimit,
1386 3682 1414 3740 si
1437 3681 1527 3743 laetus

234 3796 271 3838 an
300 3795 373 3847 rron,
402 3784 434 3837 ut
461 3779 485 3838 si
507 3777 604 3838 dicam
627 3777 685 3840 laen
708 3776 766 3839 uclr
789 3786 861 3839 attat
882 3797 992 3858 papae;
1023 3778 1170 3846 laetantis,
1195 3787 1227 3838 ut
1250 3779 1342 3848 uach:
1373 3781 1527 3862 aliquoties

234 3880 374 3951 dolentis,
403 3890 435 3940 nt
458 3881 507 3940 olr.
553 3880 588 3940 Et
610 3881 720 3950 omnia,
745 3898 820 3959 quae
842 3881 964 3941 contusa
989 3897 1062 3939 uoce
1085 3881 1278 3956 proteruntur
1299 3880 1336 3942 ml
1361 3885 1527 3963 exprimen-

234 3981 287 4041 tlos
316 3983 447 4041 allectus
505 3981 574 4041 ltem
603 3982 825 4041 interiectioncs
853 3999 913 4041 non
941 3980 1052 4041 liabent
1078 3983 1198 4060 propria
1228 3984 1362 4054 nomina,
1393 3986 1448 4046 seul
1476 3996 1557 4066 proti

233 4083 371 4163 qualitate
404 4083 559 4143 sentientis
593 4085 641 4142 uel
673 4082 800 4143 uolentis
832 4090 1045 4159 agnoscuntur,
1080 4083 1104 4143 si
1134 4091 1184 4143 aut
1211 4081 1312 4143 dolore
1342 4085 1391 4145 uel
1420 4085 1527 4148 laetitia

232 4183 433 4264 proteruntur.

238 4304 270 4311 ψ-

300 4349 473 4415 llnousque]
489 4352 744 4418 VerpAenV823
787 4352 930 4414 doctusque
944 4352 1060 4417 palemon
1113 4354 1448 4422 2qrmedoctuspalemon
1491 4357 1528 4407 ille

232 4422 313 4472 iliste
381 4418 462 4486 esic]
482 4420 526 4470 sed
597 4422 629 4470 10
646 4432 761 4485 preterea
817 4422 846 4470 il
866 4415 941 4468 acoris
961 4432 1056 4469 inritum
1075 4419 1119 4472 coi
1137 4420 1216 4471 arensi
1283 4425 1317 4474 20
1335 4425 1453 4475 ablatino
1470 4440 1528 4475 cusu

231 4491 264 4538 22
277 4486 416 4553 remansio]
431 4487 518 4552 Supra
530 4488 568 4538 bia
580 4490 726 4552 permansio
738 4491 846 4553 positum
859 4495 923 4538 erut.
976 4490 1009 4536 24
1018 4487 1145 4554 conduco]
1164 4491 1209 4539 tibi
1219 4491 1311 4541 addidi
1362 4495 1397 4543 26
1407 4488 1526 4557 drumm]

231 4560 350 4607 domnum
403 4556 547 4606 tosecnho
566 4556 681 4606 seillam
700 4558 765 4606 cubo
816 4558 849 4606 27
868 4555 936 4617 qnod
955 4553 1025 4619 tempi
1076 4557 1198 4607 noluerent
1243 4559 1318 4609 etad
1339 4559 1526 4623 eloquutiouem

230 4624 328 4674 iaciunt
379 4627 411 4676 28
428 4624 550 4674 cuticulae
567 4623 724 4674 colrerentur.
744 4623 850 4689 Semper
901 4626 934 4674 33
951 4633 1015 4681 nnat,
1034 4638 1164 4688 cuprosrr.
1183 4640 1236 4691 nup
1289 4641 1528 4695 pupnempmcs,

230 4708 300 4742 amre
368 4696 401 4744 34
422 4692 547 4756 conlusaq
573 4693 755 4757 exprimendus
782 4692 881 4741 nl'eetus
949 4692 982 4741 :to
1009 4693 1140 4742 sentientis
1167 4693 1277 4744 uolentis
1304 4708 1487 4761 agnoscuntur
1506 4698 1526 4749 si

230 4770 314 4811 nutem
333 4761 445 4810 dolorem
465 4759 505 4809 nel
524 4759 652 4810 laetitiam.

761 4828 994 4836 ...--——-.--..
