3420 5378
754 1108 814 1189 O.

424 1300 499 1383 DE
521 1301 706 1386 LIBRIS
728 1303 1145 1388 TVRIOENSIBVS.

220 1643 362 1705 Codicum
394 1641 602 1705 Turieensiom
629 1646 676 1705 ati
698 1647 902 1721 arammatico
934 1646 1033 1706 stadia
1062 1644 1278 1720 pertinentiam
1306 1654 1434 1723 praeter

135 1747 235 1818 illam,
260 1747 314 1820 qui
326 1743 461 1804 Sodali
468 1748 480 1804 i
499 1747 536 1804 in
552 1747 756 1822 Eutycbem
778 1753 973 1808 commeatum
993 1749 1123 1807 continet
1146 1744 1199 1825 (es.
1211 1747 1318 1823 praes.
1332 1752 1434 1824 partis

135 1847 174 1907 II
192 1862 262 1922 cop.
285 1844 324 1922 Il,
346 1847 474 1906 omnium
496 1848 708 1909 celeberrimus
729 1855 773 1909 est
793 1850 860 1911 aad.
884 1848 907 1907 C
928 1855 967 1906 58
991 1846 1069 1926 (275)
1093 1849 1213 1909 membr.
1232 1847 1293 1921 sol.
1317 1850 1433 1911 duabus

134 1949 279 2008 colomnis
300 1965 380 2008 saec.
404 1948 473 2007 XII
493 1950 638 2024 scriptus,
667 1967 707 2010 ex
729 1969 787 2026 quo
808 1966 876 2012 cum
899 1947 970 2010 otim
993 1956 1160 2025 temporam
1182 1954 1328 2024 aaaastbs
1349 1968 1432 2012 coer-

133 2047 212 2110 citas
239 2066 298 2109 aon
327 2046 390 2108 nisi
412 2065 516 2123 patrea
549 2055 781 2129 excerpsissem
811 2052 977 2112 Rammius
1005 2049 1199 2127 Woelfflinus
1225 2068 1290 2111 meo
1321 2060 1433 2128 roaata

133 2159 162 2211 et
189 2147 370 2211 amicissime
397 2156 427 2209 et
455 2148 699 2230 elit-iaeatissime,
733 2170 811 2228 qaae
839 2171 879 2214 ex
905 2170 939 2212 re
966 2170 1032 2213 mea
1056 2155 1128 2228 sore
1157 2154 1349 2228 uidebantur,
1380 2155 1432 2214 ae-

133 2250 257 2329 scripsit
278 2249 451 2326 seriptarae
471 2251 579 2313 babitu
601 2260 691 2329 atque
711 2252 890 2331 conpendiis
910 2253 1109 2331 apicibusque
1130 2261 1189 2315 tom
1213 2261 1359 2316 accurate
1380 2257 1432 2315 ie·

128 2351 239 2430 pictis,
264 2359 297 2413 at
318 2351 453 2413 codicem
474 2352 575 2430 ipsum
597 2359 697 2416 manu'
711 2364 811 2416 tenere
833 2358 908 2417 mibi
929 2355 1060 2417 uiderer.

217 2456 256 2515 In
279 2456 389 2530 primis
416 2458 512 2530 icitur
537 2455 616 2538 ⁸libri
645 2458 732 2531 soliis
759 2456 900 2518 carmina
936 2455 1098 2518 disticbieo
1126 2459 1246 2532 rythmo
1273 2457 1432 2534 conposita

135 2560 281 2632 locuntur
302 2553 388 2616 uarii
409 2556 609 2634 arammentii,
632 2566 665 2619 ut
681 2568 750 2636 ab
773 2562 830 2621 ool.
850 2567 881 2619 1:
904 2560 1011 2620 Contra
1036 2574 1227 2619 romanorum
1251 2560 1430 2630 auaritiam

139 2670 195 2728 cot.
219 2675 251 2725 2:
297 2666 338 2727 lle
367 2666 455 2728 iudea
478 2668 508 2727 in
536 2667 675 2729 latrinam
704 2667 802 2747 lapsa;
835 2687 870 2745 p.
895 2675 913 2727 o
940 2671 997 2729 col.
1024 2675 1039 2726 1
1063 2682 1204 2733 mensus
1233 2662 1275 2733 δε
1303 2684 1430 2734 noma·

134 2781 308 2853 mallones
338 2769 366 2877 ii
393 2802 443 2852 su
468 2802 493 2849 a
521 2801 647 2879 nomm
679 2803 713 2861 p.
738 2793 754 2844 r
782 2789 839 2847 cot.
863 2794 881 2845 2
903 2780 1089 2873 epitaphio
1119 2780 1280 2851 hectonis
1308 2788 1431 2861 altaque

132 2902 308 2980 ebitaobim
336 2925 371 2983 a.
398 2913 435 2964 m
456 2907 511 2966 eat.
539 2912 720 2991 tseprem
741 2937 747 2950 ·
768 2900 885 2970 mobis
912 2919 1066 2993 peccam
1086 2937 1092 2950 ·
1112 2899 1308 2985 teletarum
1332 2923 1368 2981 p.
1396 2912 1429 2962 ts

132 3025 190 3101 cot.
209 3029 227 3080 2
247 3023 404 3100 epitaphia
426 3025 534 3093 carim
551 3041 586 3100 a.
605 3031 642 3083 ro
663 3025 722 3085 eol.
740 3030 758 3081 2
777 3018 1304 3098 sensus-sci·aocusnml·be
1323 3037 1429 3087 caneo

135 3132 262 3214 (maloi)
285 3132 433 3212 paschali;
450 3142 544 3211 p„17
565 3137 624 3197 cot.
649 3142 685 3195 2:

335 3256 447 3331 llagnus
470 3256 619 3314 aristotiles
644 3257 799 3314 trutinando
822 3257 961 3313 cacumina
983 3272 1075 3312 rerum

378 3341 405 3397 ln
429 3342 483 3398 duo
506 3343 600 3399 diuisit
622 3342 750 3416 quicquid
776 3342 802 3397 in
826 3340 893 3397 orbe
916 3341 968 3397 luit
990 3349 1041 3397 etc.

132 3455 284 3517 &emmor
298 3458 382 3518 XVI
403 3475 508 3518 uersus
530 3460 703 3533 oraumemti
722 3457 932 3517 mathematici.
968 3457 1039 3516 Post
1053 3457 1106 3515 bos
1120 3453 1153 3515 lai
1168 3458 1309 3529 leuantur
1324 3471 1428 3515 uersas

131 3574 207 3633 meo,
230 3566 264 3619 ut
284 3556 416 3633 uidetur,
440 3567 543 3620 tenore
564 3561 771 3635 superioribus
791 3555 961 3619 subiuncti:

336 3680 365 3736 ln
387 3681 570 3737 deriuatorem
593 3697 691 3737 nomen
714 3682 886 3754 participato.

334 3765 525 3840 Perspicienda
548 3765 638 3821 minus
661 3781 715 3821 non
738 3774 780 3821 est
803 3765 911 3820 inllcxio
934 3779 1022 3819 casus.

334 3850 363 3905 ln
386 3849 474 3906 medio
497 3848 578 3906 finem
600 3849 646 3905 dat
667 3848 771 3924 syllaba
794 3848 868 3905 nulla
891 3854 1033 3904 sonantem

336 3934 441 4008 Syllaba
465 3951 535 4009 quae
557 3936 683 4008 sequitur
705 3936 728 3990 si
751 3950 804 4008 qua
828 3949 883 3988 non
906 3931 1053 4006 incipiatur

297 4026 313 4074 o
335 4019 387 4074 l‘er
408 4036 438 4075 sc
461 4018 585 4076 linalisue
608 4017 711 4076 uocalis
733 4017 806 4076 secla
828 4021 951 4074 sonantis

335 4102 376 4159 Sit
398 4104 449 4159 nisi
471 4104 619 4160 uerborum
643 4103 800 4161 coniunctio
824 4103 1041 4181 compositorum.

333 4188 427 4244 Finem
449 4206 502 4263 qua
525 4188 605 4245 talem
628 4189 712 4246 statui
735 4187 798 4245 licet
821 4195 883 4242 ante
907 4185 1027 4242 uocalem

334 4306 485 4381 Numquam
507 4314 656 4364 sectantem
679 4277 802 4363 donml‘e'
823 4312 939 4360 sonante
961 4303 1092 4360 uocalem.

332 4391 411 4447 Nulla
434 4408 533 4448 sonans
557 4390 606 4448 alia
629 4390 710 4465 dupla
732 4399 807 4447 retro
830 4386 874 4445 uel
897 4395 959 4443 aute
982 4395 1082 4443 statuta

279 4481 311 4531 10
333 4475 481 4550 Supposita
504 4475 606 4550 liquida
629 4476 651 4530 si
675 4492 731 4532 non
753 4483 796 4531 esl
818 4473 908 4530 littera
932 4479 1006 4528 muta

334 4559 432 4635 Incipit
454 4563 552 4618 amicta
573 4576 643 4635 quae
666 4558 768 4634 syllaba
791 4557 821 4613 fit
843 4557 980 4631 geminata

335 4645 460 4721 Exceptis
484 4647 588 4702 ineis:
613 4644 748 4720 ‘spondeo
771 4642 894 4700 mordeo'
918 4641 1030 4698 uerbum
1053 4641 1116 4714 (lea.
1141 4638 1252 4717 uerbis).
