3420 5378
641 244 680 296 IN
699 242 908 296 EVTYOHEM.
1312 260 1421 308 Lxxlx

129 440 223 492 torem
247 429 463 506 Sedulinmque
485 449 504 490 a
528 430 661 507 Verqilio
688 436 846 493 laniantum
875 433 1001 493 erinaem
1022 450 1085 495 esse
1106 432 1208 495 irirsem
1230 432 1424 511 crediderim,

129 541 229 594 tamen
244 536 369 594 muttum
385 535 481 605 obest,
507 542 540 594 nt
562 537 608 608 iti,
634 537 716 611 quoei
738 535 877 596 Osannus
894 533 973 607 fecit
996 535 1153 611 ‘Beitreiqe
1173 555 1233 597 znr
1253 538 1370 613 qriecir.
1394 556 1423 597 a.

128 642 203 697 rom,
228 636 581 710 Litteratnrqeseieiciete'
604 637 641 697 II
657 656 691 713 p.
712 644 776 711 125,
801 655 858 712 eqo
880 654 997 713 quoque
1019 640 1161 712 arbitrer,
1186 641 1300 700 Koroli
1318 639 1429 713 anni

129 745 264 815 tempore
284 744 314 798 et
335 737 490 798 Sedulinm
512 739 593 798 nnnc
614 746 644 798 et
671 741 836 814 Verqiiium
863 743 986 801 uixisse.
1031 740 1111 800 Nam
1132 741 1189 801 troc
1211 748 1293 802 certe
1320 759 1425 801 nerium

129 848 190 914 est,
215 842 355 916 opusculi
375 842 471 914 iliius,
496 843 579 915 qnod
599 859 695 916 supra
717 844 966 915 commemoraui,
990 846 1199 918 paraenetici,
1223 845 1306 919 quoii
1324 851 1369 902 est
1389 844 1428 902 etc

127 943 299 1002 rectoribus
327 941 522 1018 Christianis,
553 951 706 1005 auctorem
739 945 857 1004 saeculi
886 946 961 1003 noni
991 947 1075 1004 initio
1104 949 1217 1005 reiecisse
1244 948 1427 1020 euridemque

129 1060 207 1118 esse,
232 1060 320 1120 quem
334 1046 543 1121 Hepitiamnns
563 1047 727 1106 monacisus
742 1046 953 1119 Sanpaliensis
975 1049 1024 1106 uel
1044 1050 1177 1123 quisquis
1195 1048 1261 1121 suit
1281 1050 1346 1107 eins
1368 1049 1429 1106 toci

129 1154 237 1208 auctor
259 1140 317 1227 (cs.
341 1146 439 1206 eaor.
462 1151 562 1224 suppl.
587 1149 643 1209 ΙΙΙ
657 1166 691 1224 p.
716 1154 785 1222 366,
805 1143 836 1227 2)
859 1164 940 1208 anno
962 1147 1186 1210 occatam
1202 1152 1319 1211 clarum
1341 1150 1426 1208 hobi-

129 1256 191 1309 tum
218 1265 282 1309 esse
308 1248 421 1322 refert,
452 1248 686 1322 cs.Duci1esnii
711 1251 816 1310 tristor.
840 1251 956 1309 Franc.
980 1259 1049 1309 tom.
1073 1251 1129 1311 ΙΙΙ
1152 1270 1185 1326 p.
1211 1258 1285 1323 473,
1317 1249 1429 1310 Ouaini

129 1354 234 1426 script.
263 1353 368 1411 eccles.
392 1352 430 1411 II
447 1369 479 1428 p.
506 1359 557 1425 26,
595 1354 731 1413 Goldasti
756 1352 867 1412 Heriem
896 1354 1166 1412 Alamannicarnm
1194 1353 1212 1412 I
1237 1370 1268 1428 p.
1292 1360 1320 1411 8.
1366 1351 1429 1411 Sed

129 1455 179 1513 nel
198 1455 228 1513 si
247 1455 434 1528 quisdicat,
459 1456 540 1529 quoa
561 1455 704 1532 Eutqciris
726 1462 985 1515 commentatorem
1007 1471 1028 1513 a
1049 1456 1182 1529 Verqilio
1205 1456 1336 1515 Marone
1361 1456 1426 1514 Inu-

130 1557 205 1616 dari
223 1558 372 1632 suspicor,
396 1572 512 1631 parum
537 1560 634 1628 liunus
661 1560 719 1617 niti
743 1560 945 1631 arqnmentis,
977 1559 1039 1617 alio
1068 1558 1180 1617 indicio
1207 1559 1336 1617 certiore
1358 1573 1428 1615 usus

131 1658 189 1718 hoc
210 1665 292 1718 certe
315 1659 482 1729 adfirmare
498 1674 589 1734 posse
610 1660 684 1719 rniiu‘
704 1660 821 1735 uidcor,
845 1666 1004 1734 utrumque
1019 1675 1093 1735 opus
1107 1677 1168 1719 non
1183 1661 1223 1719 nir
1238 1677 1297 1720 uno
1312 1659 1426 1717 eodem-

130 1776 189 1835 que
215 1762 284 1820 niro
310 1757 483 1835 profectum
511 1778 588 1833 esse,
620 1763 771 1835 aliumque
791 1778 854 1821 esse
875 1761 1029 1821 Sedulium
1056 1764 1303 1835 qrammaticion,
1333 1762 1426 1819 alium

130 1863 305 1923 diuinarum
332 1863 505 1922 litterarum
532 1866 728 1939 interpretem
756 1866 897 1938 uitaeque
918 1865 1032 1937 repetis
1053 1863 1126 1921 irene
1148 1864 1350 1923 instituendae
1371 1863 1426 1921 red·

129 1965 324 2025 hortatorem.
381 1964 440 2025 Hic
471 1968 548 2025 enirn
580 1983 636 2041 per
673 1973 764 2025 totum
800 1966 909 2025 librum
944 1964 1142 2039 consessionis
1174 1965 1366 2025 Christianae
1397 1970 1427 2023 et

128 2069 301 2142 scripturae
329 2083 440 2127 sacrae
467 2070 615 2141 meminit,
651 2084 717 2127 cnm
750 2068 831 2127 locos
863 2069 998 2140 sinqnlos
1030 2068 1188 2126 laudando
1220 2073 1282 2127 tnm
1316 2069 1427 2126 ueteris

130 2171 301 2228 testamenti
321 2171 430 2245 prisco
457 2172 597 2245 exempla
619 2170 836 2244 proponendo,
867 2170 949 2227 illum
978 2185 1051 2227 nero
1078 2185 1226 2244 nusquam
1249 2169 1428 2229 omninode

127 2272 189 2343 pac
212 2270 387 2331 Christiana
414 2274 500 2347 loqui
525 2274 659 2332 uidemus
681 2287 719 2329 ne
740 2272 800 2329 iltis
827 2272 945 2345 qnietmn
972 2272 1063 2346 iocis,
1093 2272 1200 2345 quibus
1221 2273 1249 2330 si
1268 2272 1427 2347 episcopus

131 2372 320 2433 Christianus
347 2375 397 2433 uei
423 2390 579 2433 sacrorum
607 2374 752 2432 librorum
776 2374 895 2448 peritus
921 2378 1004 2446 erat,
1036 2374 1070 2431 iet
1094 2375 1165 2444 lieri
1185 2390 1274 2448 qnam
1296 2375 1427 2433 manime

129 2482 199 2534 erat
219 2482 467 2550 consentaneum,
491 2482 524 2535 ut
542 2493 575 2551 p.
602 2481 646 2549 13,
673 2481 707 2543 7,·
732 2482 779 2549 26,
802 2480 925 2533 tii—33.
971 2474 1102 2548 Deinde,
1127 2478 1181 2549 qai
1196 2493 1230 2552 p.
1251 2482 1265 2532 t
1286 2477 1334 2534 eet.
1348 2476 1424 2534 Mai.

131 2594 162 2637 u.
180 2583 260 2637 2-6
281 2579 319 2637 ete
334 2580 410 2636 artis
432 2580 465 2637 ui
478 2585 568 2653 atque
586 2580 768 2638 anctoritate
790 2578 970 2652 disputarit,
993 2579 1215 2649 preminaticoe
1238 2578 1286 2637 uei
1307 2579 1427 2636 omnino
1499 2598 1506 2614 ‘

130 2681 303 2740 litterariae
331 2682 423 2755 ortis,
450 2683 479 2739 si
502 2681 721 2754 prammnticns
748 2686 829 2751 erat,
854 2679 938 2738 lirina
959 2679 1084 2738 debebat
1112 2681 1256 2739 inmemor
1282 2696 1360 2738 esse:
1394 2685 1426 2736 at

131 2782 211 2841 idem
237 2784 324 2842 etin
351 2784 563 2841 eumneranais
595 2783 666 2841 boni
687 2782 840 2856 principis
868 2781 1031 2840 uirtutibus
1057 2787 1087 2838 et
1115 2779 1226 2851 officiis
1254 2782 1426 2839 litterarum

132 2891 224 2959 atque
250 2886 363 2945 artium
391 2885 503 2943 cultum
526 2901 564 2943 nc
586 2901 645 2943 nno
667 2885 786 2958 quietem
808 2884 900 2943 neroo
922 2885 1029 2956 tetipit.
1075 2883 1216 2955 Accedit,
1246 2884 1327 2955 quoa
1348 2883 1426 2941 alter

132 2989 207 3046 raoni
219 2987 385 3061 decimique
398 2987 514 3045 saeculi
525 3002 636 3044 morem
652 2987 872 3045 usitatissimum
894 2992 1015 3044 secutus
1036 2985 1172 3044 uersibus
1194 2984 1331 3044 distichis
1352 3001 1427 3058 opas

130 3104 217 3148 sumn
238 3090 387 3161 initiauit,
415 3091 634 3162 qrnnnnnu'cus
655 3105 745 3161 nero,
774 3090 831 3147 etsi
851 3088 994 3146 Alcuinns
1016 3086 1209 3160 Smnraqans
1231 3088 1340 3146 Petrus
1362 3086 1426 3145 Cle-

131 3206 214 3249 mens
236 3191 444 3250 Cruindmelus
470 3192 527 3250 aiii
550 3192 636 3251 libris
661 3192 724 3249 suis
750 3191 960 3263 qrammoticis
976 3191 1101 3264 poetico
1118 3192 1425 3266 praefixeruntpro-

132 3294 244 3365 oemia,
275 3309 294 3351 a
323 3294 449 3366 nulqari
473 3308 511 3351 ca
538 3293 723 3368 auspicandi
747 3292 963 3352 consuetudine
986 3292 1081 3366 plane
1109 3294 1241 3351 recessit.
1292 3290 1427 3363 Bessique

131 3396 225 3455 ualde
246 3395 363 3468 dubito,
392 3412 462 3454 num
484 3397 597 3455 Karoli
617 3395 729 3469 Maqni
756 3403 889 3469 ternpore
911 3395 1100 3453 araecnnnn
1126 3394 1297 3453 litterarum
1325 3393 1426 3451 studia

132 3498 210 3557 adeo
229 3499 406 3571 floruerint,
437 3504 469 3556 nt
490 3498 637 3557 eiusmodi
663 3514 726 3570 res,
756 3498 860 3570 quales
876 3514 911 3572 p.
937 3502 1028 3555 3—a
1050 3495 1210 3568 habentur,
1235 3511 1254 3552 o
1276 3511 1425 3568 quoquam

129 3600 331 3674 qrammatico
353 3599 459 3658 doceri
473 3608 604 3674 possent.
650 3600 729 3658 Nam
745 3599 871 3658 Ioannis
885 3598 971 3659 Scoti
984 3599 1138 3672 Eripenae
1157 3598 1301 3656 sermonis
1317 3596 1428 3655 Graeci

131 3702 258 3760 scientio
287 3702 331 3759 oei
356 3703 600 3776 interpretandos
627 3702 790 3761 dirrntneat
817 3702 911 3760 libros
939 3702 1054 3759 Graece
1085 3702 1215 3774 scriptos
1249 3700 1297 3758 nel
1323 3714 1427 3756 uersus

132 3804 212 3861 male
232 3804 404 3863 condendos
433 3798 490 3883 (cs.
516 3805 649 3864 [nubaei
667 3805 757 3877 qloss.
783 3805 891 3863 Graec.
910 3800 1035 3884 praefi)
1065 3804 1195 3862 ualuisse
1222 3803 1289 3860 neri
1313 3801 1425 3858 similli-

132 3921 212 3964 mum
233 3911 292 3982 est,
315 3922 498 3980 quamquam
521 3916 549 3966 et
571 3909 651 3966 tinne
674 3907 914 3981 ‘deflorationem
936 3922 977 3964 en
991 3906 1069 3964 liora
1086 3904 1237 3965 Macrobii
1258 3905 1296 3962 eie
1318 3903 1429 3961 Graeci

133 4005 294 4081 Latinique
316 4004 400 4066 ncriri
421 4011 562 4067 societate
580 4008 704 4082 fecisse’
722 4015 794 4082 post
817 4008 965 4067 Vsserium
988 4014 1095 4065 arator
1116 4014 1159 4065 est
1174 4006 1306 4077 Anqelus
1323 4000 1427 4062 ninius

133 4115 212 4169 auct.
235 4110 301 4169 Vat.
325 4116 395 4170 torn.
421 4111 446 4167 Γ
463 4128 493 4185 p.
520 4118 587 4168 tot.
