3420 5378
463 269 503 322 tu
521 268 659 320 DONATI
677 267 770 319 Anus
788 268 836 319 ET
855 266 1122 319 brunantsuvu.
1371 284 1429 331 cxl

141 455 280 541 ublelicet
303 463 331 516 et
354 457 509 517 maiorem:
541 459 686 518 minorem
715 456 750 517 ad
780 475 889 536 pueros
911 455 1115 527 instruendos,
1139 457 1281 517 maiorem
1305 456 1340 517 ad
1363 475 1431 536 per·

142 559 291 619 lectiores.
337 558 434 619 Minor
458 577 530 618 uero
546 558 601 619 sub
624 560 855 638 interrogatione
879 568 906 620 et
922 559 1116 639 responsione
1139 560 1293 637 conposita
1316 565 1433 637 estque

142 661 280 738 congruit
307 660 418 739 pueris.
463 659 556 720 Maior
584 679 656 721 uero
686 659 819 722 absolute
856 668 900 721 est
926 662 1078 740 conposita
1108 662 1175 740 quia
1205 659 1434 738 perfectioribus

142 763 290 822 conuenit.
335 761 398 822 Ede
421 761 529 821 multos
552 779 657 823 sensus
680 762 781 824 babet:
806 762 924 842 quando
946 761 1091 840 equaliter
1107 762 1271 822 declinatur
1294 762 1349 821 edo
1372 761 1434 822 udis

142 864 213 933 odit,
238 864 381 942 significat
403 865 534 941 parturio
559 866 622 925 siue
646 865 789 933 informo,
818 863 896 925 unde
923 863 1100 925 Sorlulius
1123 866 1187 941 (op.
1209 866 1315 941 pesele.
1339 862 1392 925 lid.
1417 864 1436 923 I

142 975 211 1027 tum.
244 966 286 1025 VI
303 983 336 1041 p.
355 974 415 1025 460
437 970 466 1024 F
484 967 531 1025 cd.
549 965 660 1042 Ben.):
683 966 811 1027 Edidit
833 976 867 1026 et
890 985 1012 1027 serum
1036 965 1233 1046 suspendit
1255 964 1296 1026 ad
1321 965 1431 1027 ubera

142 1074 274 1129 natum.
320 1065 443 1136 Quando
467 1068 644 1147 inequaliter
666 1068 721 1129 edo
744 1087 776 1128 es
799 1075 851 1137 est,
875 1069 1021 1147 signilloat
1044 1067 1200 1128 manduco.

227 1167 361 1244 Remigii
384 1188 458 1230 uero
480 1148 681 1246 expositionis
702 1172 758 1232 boc
780 1180 824 1231 est
840 1169 1080 1247 prinerpiums.
1107 1177 1179 1231 25⁶:

92 1286 255 1339 oonpanao
291 1271 422 1331 Partes
445 1271 630 1332 orationis
652 1281 737 1333 sunt
759 1280 857 1333 octo:
887 1291 1016 1333 nomen
1041 1280 1110 1335 cte.
1132 1306 1173 1314 -
1197 1273 1432 1332 interiectio.

229 1362 402 1433 Notandum
420 1374 569 1451 inprimis,
599 1373 675 1453 quod
700 1376 829 1434 maiores
851 1374 903 1434 bas
925 1382 1024 1452 partes
1047 1373 1210 1434 maioribus
1234 1381 1263 1434 et
1284 1372 1435 1435 intellectu

144 1474 317 1535 fortioribus
339 1473 467 1535 Donatus
490 1477 680 1555 conscripsit;
712 1475 959 1554 quemadmodum
990 1476 1067 1536 enim
1097 1476 1242 1536 minorem
1272 1475 1433 1536 editionem

143 1579 243 1637 minus
271 1575 505 1654 intelligentibus
534 1578 553 1636 i·
583 1580 681 1656 pueris
709 1577 764 1637 sub
801 1579 1033 1656 interrogatione
1061 1579 1146 1656 pueri
1179 1586 1208 1638 et
1240 1579 1434 1657 responsione

143 1680 275 1756 magistri
305 1677 465 1746 ordinauit,
496 1680 534 1738 ita
559 1678 634 1739 banc
657 1678 839 1739 auctioribus
866 1678 1037 1741 doctoribus
1059 1681 1123 1740 sine
1147 1677 1203 1739 olla
1227 1681 1284 1739 iam
1307 1681 1433 1739 interro·

144 1781 262 1857 gatione
285 1778 334 1840 uel
357 1782 549 1860 responsione
573 1782 747 1860 composuit.
793 1780 848 1851 Qui
876 1783 960 1858 quasi
988 1782 1044 1842 iam
1073 1781 1212 1842 roborato
1234 1782 1352 1858 ingenio
1376 1799 1447 1840 nou·

143 1881 310 1958 indigentes
332 1882 564 1959 interrogatione
588 1899 640 1960 per
663 1902 694 1941 so
717 1900 793 1959 quac
816 1881 919 1942 uolunt
939 1881 1040 1961 legere
1062 1891 1091 1943 et
1113 1882 1279 1961 intelligere
1295 1890 1428 1962 possunt.

144 1984 226 2045 llanc
249 1987 336 2044 otiam
362 1983 528 2043 decorando
552 1985 614 2044 suis
637 1983 833 2045 circumdedit
855 1983 902 2043 bic
925 1985 1106 2045 ornamentis
1127 1983 1164 2045 ab
1187 1983 1354 2045 humanos.
1372 1985 1432 2044 nite

144 2084 284 2165 qualitate
307 2085 386 2145 illam
411 2086 607 2146 conformans.
653 2087 752 2146 Primo
780 2089 858 2147 eninr
890 2087 925 2145 de
950 2104 1037 2156 uoce,
1067 2085 1173 2147 deinde
1196 2085 1233 2146 de
1256 2085 1367 2154 littera,
1396 2086 1433 2145 de

143 2187 261 2256 sillaba,
286 2188 322 2247 dc
346 2186 487 2266 pedibus,
512 2186 547 2247 de
572 2189 663 2258 tonis,
687 2187 723 2247 dc
744 2186 894 2267 partibus,
924 2188 959 2249 ad
984 2187 1119 2249 ultimum
1143 2186 1179 2247 de
1202 2189 1281 2248 uitiis
1303 2188 1429 2267 scripsit.

145 2289 244 2350 lnlans
267 2291 346 2349 onim
370 2308 435 2349 cunr
459 2291 602 2358 nascitur,
632 2291 729 2369 primo
758 2309 860 2350 uocem
888 2291 953 2349 sino
980 2308 1069 2350 sensu
1099 2290 1219 2358 emittit,
1248 2296 1350 2368 postea
1375 2292 1432 2349 iam

142 2389 291 2470 loquendo
315 2390 404 2450 uerba
429 2394 552 2470 profert,
576 2409 651 2470 quae
666 2390 768 2470 procul
786 2390 875 2452 dubio
893 2388 998 2451 litteris
1013 2399 1043 2451 et
1058 2391 1171 2452 sillabis
1193 2399 1338 2460 constant,
1363 2411 1430 2451 rum

144 2494 235 2553 rectis
258 2493 384 2572 pedibus
406 2493 545 2554 incedere
569 2494 700 2572 iucipit;.
715 2501 744 2553 at
773 2501 926 2571 postquam
957 2495 1013 2554 iam
1038 2492 1184 2572 loquendo
1207 2503 1237 2552 et
1258 2493 1433 2553 ambulando

145 2592 312 2663 roboratur,
336 2597 462 2673 partium
487 2613 551 2655 mox
576 2595 709 2656 doctrina
734 2593 861 2675 (dict'na)
885 2594 1037 2655 imbuitur.
1083 2595 1155 2654 Cum
1179 2601 1275 2654 autem
1300 2594 1431 2673 aliqnan-

88 2736 98 2753 .
146 2694 237 2757 tulum
266 2695 438 2765 roboratur,
458 2697 632 2769 ‘Latinitatis
660 2715 760 2757 arnore
795 2705 898 2776 captus
928 2695 975 2756 uel
1004 2695 1086 2773 loqui
1115 2695 1223 2775 aliquid
1254 2697 1357 2756 Latine
1386 2695 1432 2756 uel

145 2796 259 2858 dictare
282 2797 398 2876 gautlet.
445 2798 502 2858 Sed
527 2799 592 2878 quia
617 2798 746 2858 nondum
772 2800 868 2858 estin
900 2806 963 2858 arte
986 2798 1150 2876 perlectus,
1178 2799 1305 2857 incurrit
1329 2797 1432 2857 barba·

145 2900 269 2959 rismum
292 2901 309 2958 i·
335 2900 364 2959 ln
388 2899 524 2960 dictando
549 2898 595 2960 uel
619 2900 767 2979 loquendo
789 2901 893 2960 uitium
916 2901 995 2963 lacit.
1032 2897 1116 2968 Quod
1139 2898 1268 2960 dedecus
1284 2918 1350 2960 cunt
1374 2901 1432 2960 iarn

144 3001 270 3062 cautiori
293 3000 378 3062 oculo
402 3003 520 3062 nouerit
541 3001 708 3078 declarare,
738 3020 862 3062 securus
885 3000 992 3062 abhinc
1016 3000 1135 3080 (adbinc
1155 3003 1234 3079 cod.)
1257 3000 1433 3079 eligentibus

146 3102 245 3163 uerbis
268 3104 330 3163 siue
353 3103 513 3164 dictatione
535 3105 696 3164 sententias
719 3116 813 3163 ornat.
857 3102 1008 3179 Quidam
1032 3103 1110 3163 bunc
1131 3103 1265 3164 ordinem
1283 3122 1340 3164 nou
1357 3105 1433 3163 rcci-

145 3206 230 3284 piunt
252 3224 287 3265 ex
310 3214 406 3286 parte:
438 3224 504 3266 narn
528 3214 593 3284 post
622 3213 721 3284 partes
743 3214 859 3285 ponunt
884 3206 974 3286 pedes
998 3214 1027 3268 et
1048 3215 1135 3267 tonos
1158 3224 1225 3267 cum
1248 3204 1433 3266 barbarismo

146 3316 235 3386 atque
258 3308 364 3368 ceteris
389 3309 480 3378 uitiis,
511 3309 578 3386 quia
607 3309 694 3387 pueri
717 3309 812 3386 primo
836 3307 948 3369 litteras
978 3317 1007 3369 et
1028 3307 1146 3368 sillabas
1169 3307 1307 3368 iubentur
1329 3326 1433 3386 agnos-

146 3426 224 3478 cere,
248 3408 354 3471 deinde
377 3418 475 3489 partes
498 3427 676 3488 componere
705 3409 821 3470 illarum
851 3429 925 3488 quae
953 3412 1089 3490 componi
1120 3417 1180 3469 tum
1210 3409 1320 3470 babere
1342 3413 1434 3488 perti·

147 3512 222 3572 ciam
246 3511 313 3588 (lep.
326 3511 405 3584 sort.
423 3510 600 3591 illarumque
616 3514 861 3592 compositionum
879 3511 989 3572 babere
1010 3514 1155 3591 peritiam)
1179 3511 1286 3591 qulbus
1309 3514 1434 3588 cognitis

150 3614 269 3673 nomina
285 3611 456 3674 sillabarum
473 3619 502 3673 et
518 3623 692 3674 accentuum
710 3616 777 3682 t¹⁰e;
802 3615 886 3687 (sort.
904 3614 1072 3692 ceteraque)
1097 3623 1128 3674 ut
1150 3613 1269 3675 sedulus
1293 3612 1432 3691 (cedulus)

147 3714 240 3776 discut
255 3714 349 3775 donec
364 3714 400 3775 ad
417 3715 473 3775 boc
489 3717 645 3795 perueniat
661 3724 690 3774 ut
706 3718 778 3776 sciat
795 3717 887 3776 uitare
905 3715 1119 3777 barbarismum
1133 3735 1199 3776 curu
1216 3717 1321 3777 ceteris
1338 3716 1432 3775 triciis.

96 3829 261 3883 oonpareeo
284 3816 330 3876 Ex
356 3817 429 3876 biis
452 3826 536 3878 suut
559 3817 627 3878 due
650 3852 689 3861 —
715 3836 844 3877 nomen
868 3825 902 3878 ct
925 3816 1088 3882 uerbum.
1134 3817 1314 3895 l'rincipales
1337 3829 1435 3896 partes

148 3921 253 3980 merito
276 3919 401 3980 dicende
425 3927 479 3979 otc.

230 4020 400 4097 desinitque
420 4020 451 4080 in
475 4022 551 4082 boec
573 4023 666 4082 uerbo
684 4022 714 4094 f.
739 4019 810 4080 36⁶:

96 4126 438 4188 bonosentecentes
460 4124 496 4181 in
520 4124 792 4183 interiectione
815 4123 1095 4184 certiessenon
1119 4131 1274 4202 possunt
1297 4131 1333 4184 ut
1356 4125 1434 4184 lere

147 4226 182 4284 in
211 4225 299 4285 aliis
328 4223 483 4286 uocibus
512 4244 601 4305 quas
629 4225 847 4287 inconditas
876 4226 1095 4289 inueuimus.
1146 4224 1178 4285 ln
1211 4226 1276 4286 abis
1310 4226 1433 4287 uocibus

146 4327 166 4385 i·
190 4327 219 4386 in
243 4324 308 4386 aliis
331 4326 464 4406 partibus
487 4328 551 4387 siue
575 4325 754 4388 dictionibus
783 4346 805 4387 s.
837 4326 971 4387 barbaris
993 4334 1022 4386 et
1043 4330 1210 4407 peregrinis
1235 4346 1309 4406 quae
1332 4331 1434 4389 incon·

147 4426 206 4487 dite
230 4426 367 4488 dicuntur
390 4429 409 4486 i·
432 4429 617 4507 inconposite
640 4432 706 4507 quia
730 4428 848 4489 illorum
870 4427 988 4507 regulas
1014 4427 1061 4488 uel
1084 4438 1224 4490 accentus
1246 4432 1433 4508 ignoramus:

147 4530 234 4590 ‘lere’
259 4538 355 4590 autem
379 4530 452 4589 dicit
473 4532 539 4608 quia
564 4547 689 4607 quorum
714 4532 850 4591 noticiam
875 4529 1017 4590 babemus
1040 4538 1072 4590 ut
1088 4532 1197 4592 cristus
1212 4533 1323 4593 scimus
1346 4550 1433 4610 quem

147 4640 300 4692 accentum
325 4631 462 4701 babeant,
487 4631 533 4693 uel
557 4632 658 4693 aliter:
689 4630 787 4693 nullus
815 4640 954 4692 accentus
983 4640 1081 4692 certus
1110 4640 1155 4693 est
1176 4633 1206 4693 in
1230 4635 1434 4694 interiectione

149 4741 181 4793 ut
202 4734 265 4792 lere
288 4735 317 4792 in
340 4732 403 4792 aliis
427 4734 550 4795 uocibus
573 4736 640 4813 quia
664 4752 797 4815 quaeque
820 4753 893 4814 gens
917 4753 982 4795 suas
1007 4734 1095 4795 babet
1117 4737 1338 4797 interiectiones
1360 4755 1435 4816 (quae
