3420 5378
795 1251 893 1331 ΠΙ

391 1448 522 1547 ARS
548 1447 896 1546 ANONYMA
923 1446 1304 1546 BERNENSIS.

285 1858 388 1918 Partes
416 1857 558 1917 orationis
586 1863 657 1933 quot
685 1857 778 1947 sunti-
817 1856 983 1918 Donatus
1018 1862 1087 1916 octo
1119 1874 1184 1917 esse
1217 1856 1347 1917 ostendit
1380 1855 1496 1918 diceus:

198 1959 329 2020 Partes
352 1958 548 2018 orationes
570 1965 656 2027 sunt
678 1966 770 2019 octo.
816 1957 971 2030 Quomodo
994 1957 1296 2047 nominanturilloc
1318 1965 1365 2020 est
1387 1975 1496 2019 nomen

198 2055 365 2139 pronomen
389 2058 515 2120 uerbum
539 2057 714 2119 aduerlrium
736 2060 924 2139 participium
940 2059 1110 2121 coniunctio
1126 2059 1304 2137 praepositio
1319 2059 1496 2121 interiectio.

198 2162 231 2223 Si
253 2162 423 2222 aestimatae
445 2168 516 2222 sunt
536 2167 637 2238 partes
659 2161 800 2222 orationis
821 2163 850 2220 in
874 2162 983 2221 minori
1006 2178 1146 2229 numero,
1170 2177 1257 2237 quam
1279 2160 1366 2221 octo?
1403 2161 1495 2222 Aesti-

199 2269 295 2323 matae
318 2272 387 2322 sunt
406 2263 469 2321 sine
492 2259 582 2320 dubio
605 2268 635 2320 et
655 2261 811 2340 pauciores
834 2269 863 2322 et
884 2261 996 2341 plures.
1032 2261 1107 2322 lline
1123 2261 1287 2323 Donatus
1309 2262 1366 2322 ait:
1389 2260 1517 2323 llultia

199 2363 341 2445 plures,
366 2361 473 2422 multi
495 2362 695 2439 pauciores
717 2371 844 2442 partes
866 2364 1054 2423 orationis
1076 2371 1220 2443 putant.
1251 2361 1409 2434 Quomodo
1425 2381 1495 2442 pau·

199 2466 296 2526 ciores
310 2472 431 2544 putatae
447 2470 516 2523 sunt
531 2470 581 2523 aut
596 2463 661 2539 quis
676 2464 808 2542 putauit?
833 2463 1062 2527 Aristoteles
1083 2464 1158 2525 duas
1180 2483 1247 2526 esse
1261 2463 1402 2535 ostendit,
1418 2463 1494 2526 uude

198 2566 368 2628 isidorus
390 2566 445 2626 ait:
469 2564 598 2626 Partes
620 2565 805 2626 orationis
819 2564 1312 2645 primustrtstoteiesduas
1334 2566 1495 2628 tradidit

198 2668 298 2730 idest
320 2685 450 2728 nomen
474 2673 510 2727 et
532 2664 693 2726 uerbum.
732 2666 793 2727 llae
817 2669 894 2728 enirn
917 2676 987 2729 suut
1008 2666 1083 2728 duae
1106 2664 1283 2746 principales
1304 2675 1409 2749 partes
1430 2686 1495 2731 oca·

199 2773 298 2841 tionis,
322 2770 360 2831 de
383 2768 489 2849 quibus
512 2767 672 2828 Donatus
694 2770 749 2828 ait:
773 2768 821 2829 Ex
849 2765 904 2829 lris
928 2769 1021 2830 duae
1043 2776 1129 2828 sunt
1151 2768 1391 2849 principales
1412 2788 1527 2850 par-u

200 2881 254 2933 tes
276 2872 479 2939 orationis,
503 2888 633 2930 nomen
657 2876 692 2929 et
714 2868 877 2930 uerbum.
922 2870 1020 2940 Quare
1043 2889 1114 2947 ergo
1136 2868 1315 2949 principales
1338 2871 1495 2933 dieunturi

199 2974 272 3044 Quia
301 2974 330 3032 in
360 2972 405 3032 iris
432 2956 493 3031 tota
522 2978 620 3031 nostra
649 2969 759 3030 locutio
787 2973 930 3031 consistit.
948 2967 959 3051 ΙΙ
975 2970 1027 3032 iol.
1043 2966 1126 3052 79⁸]
1172 2970 1248 3032 Hinc
1269 2972 1497 3035 Consentius

200 3077 257 3134 ait:
294 3074 405 3133 Omne
437 3074 545 3140 enim,
574 3070 669 3151 quod
704 3080 825 3133 mente
856 3074 1104 3151 concipimus,
1135 3074 1283 3133 nomine
1312 3081 1350 3134 et
1379 3074 1495 3136 uerbo

200 3174 442 3254 explicamus.
474 3173 586 3235 Deinde
608 3172 778 3233 isidorus
800 3173 885 3233 dicit:
909 3174 1071 3235 Donatus
1093 3181 1178 3234 octo
1199 3183 1331 3254 partes
1352 3179 1495 3238 oratio·

200 3278 257 3338 nis
280 3276 472 3345 deliniuit,
497 3269 561 3335 sed
583 3290 711 3333 ourues
733 3274 774 3334 ad
798 3274 861 3335 illa
884 3275 953 3335 duo
977 3273 1204 3354 principalia
1228 3286 1528 3347 reuertuntur‚rs

199 3379 300 3441 idest
336 3378 376 3437 ad
415 3393 544 3436 nomen
583 3382 617 3434 et
652 3375 819 3451 uerbum,
851 3394 942 3456 quae
972 3377 1195 3454 significant
1230 3395 1433 3458 personam
1464 3385 1498 3439 et

200 3488 331 3542 actum.
377 3474 558 3552 Reliquae
586 3475 688 3536 uelut
720 3474 948 3555 adpendices
981 3485 1067 3537 suut
1094 3484 1129 3537 et
1158 3496 1200 3537 ex
1227 3476 1286 3539 his
1309 3481 1495 3558 originem

200 3580 363 3643 trahunt.
408 3577 563 3647 Quomodo
594 3576 714 3638 trahunt
750 3578 894 3655 originem
928 3595 963 3637 es
995 3577 1059 3638 hisi
1103 3578 1189 3641 Nam
1217 3598 1426 3658 pronomen
1454 3600 1495 3642 ex

199 3683 347 3744 nomine
370 3681 555 3749 nascitur,
579 3679 688 3739 euius
711 3679 845 3739 allicio
867 3680 1057 3759 iungitur,
1082 3687 1228 3741 utorator
1244 3678 1303 3742 ille.
1334 3681 1401 3743 Non
1417 3684 1496 3744 enim

199 3785 331 3845 nascitur
355 3781 428 3843 lraec
449 3780 572 3850 locutio,
596 3782 653 3841 uisi
676 3790 743 3841 aute
766 3782 927 3860 praemisso
950 3783 1085 3850 numium
1110 3780 1182 3842 nilril
1205 3782 1283 3842 enim
1306 3783 1448 3855 interest,
1470 3783 1531 3844 siro

200 3886 280 3946 dicas
294 3886 386 3962 ‘ego’,
404 3881 483 3963 quod
499 3893 544 3943 est
559 3901 734 3961 pronomen,
751 3890 802 3943 aut
815 3883 840 3943 si
856 3882 937 3942 dicas
960 3881 1183 3957 ‘Valerrtianus',
1208 3883 1287 3963 quod
1310 3893 1357 3944 est
1371 3903 1494 3947 nomeu:

200 3985 303 4046 eadem
326 4002 453 4064 persona
476 3991 529 4045 est.
576 3982 674 4045 Verbo
697 3984 871 4046 aduerlrium
892 3985 1038 4062 iungitur,
1062 3991 1095 4044 ut
1118 3984 1282 4044 Donatus
1305 3985 1392 4046 dixit:
1426 3985 1496 4049 tu·

268 4103 428 4111 ....—--..--

267 4170 329 4224 Curi.
350 4170 430 4222 Bera.
449 4170 538 4232 123s.
558 4169 727 4224 tsi—1172
1326 4216 1334 4229 ,

268 4237 369 4302 lquod
421 4235 546 4302 Donatus]
562 4254 590 4303 p.
610 4242 671 4301 372,
689 4241 724 4288 25
741 4237 777 4287 K.
846 4238 980 4287 Duumem
1050 4239 1232 4289 Seoniunccio
1253 4241 1400 4306 preposicio
1419 4240 1496 4292 inter·

199 4308 275 4356 leccio
327 4306 473 4357 aestimare
508 4307 635 4353 orationes
670 4307 802 4355 aestimate
854 4304 948 4355 biruue
984 4303 1111 4372 Donatus]
1124 4324 1150 4371 p.
1163 4310 1266 4369 372‚28
1318 4308 1496 4360 discretiones

200 4378 314 4440 'lputute
347 4372 482 4422 aristotilis
533 4372 683 4422 Desideras
696 4373 890 4437 aeilresidorus‚
907 4388 1008 4438 semper
1050 4372 1178 4441 isidorus]
1200 4375 1269 4440 θήρ.
1288 4376 1496 4438 [aremouo

201 4444 325 4492 orationes
361 4440 499 4490 aristotiles
562 4440 645 4490 9due
680 4440 822 4490 luorutionis
879 4443 911 4492 10
929 4438 1056 4504 Donatus]
1075 4459 1101 4506 p.
1117 4446 1176 4497 372,
1190 4446 1224 4491 2⁶
1269 4459 1302 4492 ex
1320 4444 1342 4492 is
1361 4445 1413 4493 due
1466 4446 1495 4495 il

200 4511 341 4559 iterationis
413 4510 444 4558 12
464 4512 488 4557 iu
507 4508 529 4558 is
582 4508 680 4556 lueucio
698 4509 849 4558 consensius
901 4504 1067 4574 Consentius]
1084 4511 1279 4573 passam
1299 4510 1496 4574 (drumm.

204 4578 261 4629 Vol.
279 4577 314 4642 V)
368 4580 399 4628 13
417 4577 581 4641 concepimus
617 4576 720 4625 nomine
737 4576 878 4640 explicatur
895 4586 919 4625 et
937 4576 1177 4628 uerboConsentius
1231 4580 1261 4628 14
1274 4576 1497 4645 isidorus]10,1

202 4648 233 4695 15
250 4645 362 4694 dilininit
397 4655 424 4693 ut
440 4645 483 4693 ills
552 4647 651 4706 itique
721 4644 751 4694 l'l
770 4644 845 4705 reliq:
885 4645 984 4708 origine
1053 4646 1085 4692 18
1103 4644 1167 4694 Nam
1185 4661 1328 4710 pronomen
1346 4644 1409 4713 eta]
1431 4647 1498 4698 laid.

200 4711 299 4775 1⁶‚2
370 4715 400 4762 19
420 4712 500 4761 oiiitio
568 4713 601 4761 20
620 4712 706 4772 loquio
784 4713 816 4760 22
835 4707 962 4777 Donatus]
981 4712 1011 4761 Ia
1028 4715 1097 4762 loces
1114 4715 1185 4777 capud
1201 4715 1327 4765 Donatum
1344 4731 1396 4766 noa
1412 4722 1498 4787 etant.
