3420 5378
186 286 228 351 tu
710 287 777 340 aas
795 287 972 340 auouurua

185 474 372 538 monticellus
409 475 642 546 monticellulus,
681 476 724 539 sic
756 475 951 538 scholasticus
985 476 1145 539 fonticulus
1180 476 1307 558 agnulus
1339 477 1484 557 agnellus,

185 597 312 661 qttorum
335 579 429 639 iorrna
453 596 631 659 tparamquam
655 580 749 657 magis
777 580 935 649 minuitur,
964 580 1074 641 crescit
1095 597 1215 660 semper
1238 598 1384 642 uumerus
1399 579 1485 664 sylia-

185 680 300 743 barum.
351 680 546 742 luueniuntur
580 688 679 741 autem
714 681 960 742 ttmtnuttuorum
998 681 1111 743 lormao
1145 682 1298 753 diuersae,
1336 693 1370 744 ut
1398 682 1485 745 homo

184 783 345 844 homuncio
378 782 577 844 homunculus
610 782 759 845 homullus
793 781 984 843 homullulus.
1042 782 1114 844 lntle
1147 763 1368 846 l5riscianus
1401 784 1484 846 dicit:

184 886 277 946 Sunt
304 886 420 963 igitur
448 886 591 945 termae
619 884 931 945 diminutiuorum
955 884 1158 947 masculini
1181 887 1334 964 generis
1356 885 1508 949 liner-s

183 1004 247 1047 sae
275 995 312 1046 et
339 988 484 1058 uariae,
520 994 561 1046 ut
588 994 676 1047 sunt
703 985 785 1047 hae:
820 987 854 1046 iu
883 985 1003 1057 culus,
1039 985 1075 1048 in
1104 984 1217 1058 tulus,
1251 989 1286 1048 in
1317 988 1417 1058 olus,
1450 989 1486 1050 iu

108 1090 111 1095 ’
185 1086 297 1159 ellus,
325 1090 361 1149 in
385 1086 515 1158 xillus,
545 1090 580 1149 in
603 1087 732 1159 cilius,
762 1091 798 1149 iu
822 1087 935 1159 ullus,
965 1090 1001 1149 iu
1024 1090 1097 1160 cio,
1126 1091 1163 1149 in
1191 1089 1285 1160 leus,
1316 1093 1352 1151 r'rt
1376 1093 1485 1152 tutus.

186 1189 343 1270 Exempla,
379 1198 412 1251 ut
443 1189 591 1267 igniculus
625 1189 755 1252 tantulus
782 1189 938 1270 capreolus
966 1190 1110 1269 agnellus.
1163 1190 1233 1253 ltem
1262 1208 1335 1269 ager
1362 1190 1486 1272 agellus,

187 1296 320 1356 Graecus
343 1290 519 1363 Graeculus,
544 1311 598 1371 pax
622 1290 763 1370 paxillus,
788 1292 881 1353 eotlcx
904 1291 1071 1364 coelicilluS,
1096 1292 1184 1355 homo
1207 1290 1358 1354 homullus
1382 1300 1413 1354 et
1435 1293 1488 1355 ho·

188 1396 323 1465 muncia,
347 1413 418 1456 acus
439 1393 572 1464 aculeus,
598 1413 690 1474 nepos
707 1393 873 1474 nepotulus.
911 1394 982 1455 ltem
1000 1394 1054 1454 llos
1069 1393 1224 1464 llosculus,
1248 1412 1312 1456 mas
1328 1393 1486 1465 masculus,
1500 1414 1523 1453 ao

188 1515 254 1559 mus
283 1495 450 1561 musculus,
479 1495 572 1557 irater
599 1496 795 1572 fraterculus,
824 1503 910 1575 pater
938 1495 1121 1576 paterculus,
1151 1513 1263 1577 pauper
1286 1495 1490 1577 pauperculus

187 1597 366 1680 paupercula
381 1596 603 1677 pauperculum,
627 1604 733 1658 uenter
748 1597 940 1666 uentriculus,
965 1597 1048 1676 lepus
1063 1597 1242 1677 lepusculus,
1265 1616 1370 1659 rumor
1386 1617 1489 1661 rumu-

187 1699 301 1771 sculus,
330 1701 408 1778 iguis
430 1700 593 1777 igniculus
625 1701 708 1760 testis
730 1699 898 1769 testiculus,
927 1717 1032 1760 currus
1055 1699 1235 1771 curriculus,
1264 1718 1371 1762 uersus
1394 1703 1490 1763 uersi·

188 1801 284 1871 culus,
314 1808 396 1862 artus
422 1802 580 1872 articulus,
611 1802 717 1862 lluctus
740 1800 921 1869 llucticulus.
952 1800 1044 1862 cotlex
1068 1801 1221 1863 codiculus
1244 1810 1274 1863 et
1295 1801 1459 1865 codicellus
1480 1805 1490 1865 i

188 1903 437 1984 antepacnultima
467 1905 498 1963 in
526 1904 665 1965 oninihus
692 1921 812 1983 semper
840 1913 987 1983 correpta.
1033 1901 1104 1964 ltem
1135 1911 1220 1965 uetus
1248 1903 1366 1967 uetulus
1390 1904 1524 1967 uetulau

188 2005 337 2076 uetulum,
361 2007 418 2066 tiro
440 2004 617 2076 tirunculus,
643 2005 717 2067 latro
740 2003 939 2073 latrunculus,
963 2004 1053 2067 carbo
1076 2004 1291 2077 carbunculus,
1315 2006 1363 2067 tur
1386 2006 1492 2069 inruu-

189 2108 282 2170 culus.
326 2107 399 2168 ltem
429 2124 548 2186 pugnus
576 2106 721 2186 pugillus,
752 2125 846 2185 agnus
873 2106 1022 2186 agnellus,
1051 2124 1122 2186 ager
1151 2106 1278 2185 agellus,
1308 2107 1406 2170 culter
1428 2109 1490 2172 cul·

189 2209 292 2278 tellus,
321 2207 427 2270 anulus
455 2208 582 2278 anellus,
612 2208 715 2271 oculus
744 2208 869 2277 ocellus,
899 2207 1027 2288 populus
1061 2207 1211 2288 popellus,
1246 2217 1328 2271 catus
1356 2209 1490 2281 catellus,

190 2321 275 2372 tener
297 2309 438 2380 tenellus,
469 2310 545 2371 liber
567 2309 697 2371 tihellus:
733 2311 806 2372 haec
829 2311 926 2372 omnia
950 2330 967 2371 e
989 2310 1198 2391 paenultimam
1222 2311 1400 2374 naturaliter
1422 2330 1491 2394 pro·

191 2412 309 2473 ductam
338 2410 458 2473 hahent.
509 2411 580 2473 ltem
609 2429 699 2491 caper
727 2412 872 2491 capellus,
902 2431 1017 2493 paunus
1045 2412 1236 2493 panniculus,
1264 2411 1344 2474 lilius
1371 2412 1525 2487 filiolus»

191 2532 298 2577 urceus
331 2512 483 2585 urceolus,
520 2513 644 2576 malleus
681 2513 849 2584 natteotus;
895 2516 1040 2576 Antonius
1073 2522 1171 2576 autem
1199 2516 1390 2578 Antoniaster
1424 2516 1493 2579 iacit

191 2616 416 2686 diminutiuum,
445 2634 536 2678 senex
560 2635 632 2678 uero
655 2618 774 2678 senecio
797 2616 875 2678 iacit.
921 2616 994 2678 ltem
1017 2616 1149 2679 feminini
1171 2619 1291 2696 generis
1314 2617 1490 2683 diminutius

191 2721 313 2782 nomina
335 2718 389 2780 has
411 2719 522 2780 tormas
545 2727 574 2781 et
595 2719 648 2781 has
671 2720 893 2781 terminationes
915 2718 1049 2781 diuersas
1071 2717 1196 2789 habent,
1220 2718 1278 2781 hoc
1301 2727 1346 2781 est
1367 2721 1400 2782 in
1416 2719 1490 2793 cula,

191 2823 219 2883 in
243 2820 305 2892 ula,
335 2822 365 2883 iu
389 2822 451 2890 ola,
482 2822 511 2882 iu
535 2819 606 2893 ella,
635 2822 665 2883 in
689 2820 773 2892 xilla,
803 2823 833 2882 in
856 2821 920 2891 illa,
950 2823 982 2882 in
1006 2819 1080 2892 ulla,
1109 2829 1141 2882 ut
1162 2820 1279 2883 anicula
1301 2821 1404 2884 arcula
1427 2842 1491 2886 cer·

192 2921 288 2986 uicula
310 2923 424 2985 diecula
446 2922 603 3003 uulpecula
627 2923 858 2994 offensiuncula,
887 2942 988 2985 mensa
1011 2923 1158 2992 mensula,
1188 2923 1292 2985 siluula
1314 2922 1417 2987 uetula
1439 2944 1526 2988 unas

193 3024 267 3086 ciola
291 3023 401 3104 capella
426 3024 540 3086 maxilla
558 3022 569 3107 ll
587 3024 636 3086 lol.
652 3022 710 3087 83·
725 3022 738 3107 ΙΙ
754 3024 894 3104 anguilla.
934 3025 1005 3086 ltem
1029 3025 1111 3086 lucca
1134 3022 1263 3096 lurcula,
1287 3024 1383 3088 nubes
1400 3027 1492 3090 unhe-

193 3125 273 3197 cula,
304 3132 368 3186 rete
395 3126 532 3197 reticula,
563 3129 665 3188 ceruix
693 3128 851 3189 ceruicula.
897 3127 972 3188 ltem
1000 3134 1103 3188 catena
1131 3125 1249 3197 catella,
1279 3130 1362 3190 asina
1390 3128 1492 3202 asello,

193 3228 309 3308 gemina
333 3227 472 3307 gemella,
501 3227 639 3291 columna
663 3228 833 3300 columella,
862 3229 960 3291 tabula
984 3227 1104 3300 tabella,
1133 3228 1232 3292 tabula
1256 3228 1379 3301 tabella,
1403 3250 1492 3314 capra

193 3331 320 3413 capella,
345 3330 450 3393 umbra
474 3330 618 3401 umbella,
642 3349 734 3411 puera
757 3329 868 3411 puella,
894 3339 995 3392 tenera
1019 3329 1141 3400 tenella,
1166 3332 1274 3394 misera
1290 3331 1420 3402 misella,
1444 3351 1492 3395 ara

194 3432 291 3505 arula,
326 3433 425 3494 littera
459 3431 598 3495 litterula.
650 3433 722 3494 ltem
759 3439 934 3495 neutrorum
968 3452 1085 3515 quoque
1120 3433 1232 3495 lormae
1260 3443 1330 3496 sunt
1356 3433 1429 3496 hae:
1463 3436 1528 3497 iuro

195 3535 311 3604 culum,
340 3537 370 3596 in
395 3533 504 3602 tulum,
535 3536 563 3595 iu
586 3534 681 3605 olum,
711 3535 742 3595 iu
765 3533 870 3605 ellum,
899 3537 928 3595 in
952 3535 1046 3606 illum,
1078 3535 1108 3596 in
1130 3533 1238 3607 ullum,
1261 3537 1291 3596 iu
1315 3533 1434 3598 xillum:
1463 3544 1496 3598 ut

194 3636 404 3719 corpusculum
442 3634 593 3698 corculum
631 3636 776 3699 torculum
813 3636 973 3717 capitulum
1011 3635 1176 3700 laureolum
1212 3637 1350 3699 lucellum
1388 3638 1494 3701 nillum

195 3738 354 3806 ucaillum,
384 3755 476 3799 unum
500 3736 601 3800 ullum.
646 3740 719 3801 ltem
743 3737 809 3820 plus
831 3738 1011 3819 plusculum,
1036 3758 1069 3800 os
1091 3738 1238 3810 osculum,
1262 3741 1359 3801 miuus
1381 3742 1494 3803 minus·

196 3842 307 3904 culum.
358 3839 429 3901 ltem
458 3857 553 3902 cornu
581 3840 780 3910 corniculum,
811 3859 889 3919 genu
918 3841 1103 3919 geniculum,
1137 3850 1226 3922 caput
1254 3840 1433 3922 capitulum,
1464 3844 1494 3903 in

196 3944 305 4024 quibus
338 3941 518 4023 paenultima
553 3952 583 4005 et
614 3943 864 4022 antepaenultimu
903 3945 1115 4022 corripiuntur.
1163 3944 1235 4006 ltem
1269 3942 1389 4025 paulum
1422 3962 1530 4025 pau-se

198 4116 425 4125 —-——..—-——

265 4232 446 4283 lscolosticus
498 4232 632 4299 agniculus
708 4229 856 4301 2semper]
877 4248 939 4298 sepe
1015 4231 1130 4284 sturme
1181 4233 1284 4283 diuerse
1351 4233 1495 4290 ⁴themon—

197 4302 232 4352 tio
285 4301 404 4351 homulus
423 4301 604 4351 homonululus
674 4299 831 4365 Priscianus]
850 4301 869 4350 I
883 4318 909 4366 p.
931 4303 992 4360 102,
1011 4306 1028 4351 5
1047 4302 1081 4350 H.
1151 4301 1267 4352 olorme
1319 4315 1403 4366 gentas
1456 4302 1496 4352 cli-

197 4386 270 4421 uerse
333 4369 394 4420 cia
413 4366 482 4437 olus]
502 4369 595 4418 incius
648 4369 706 4419 'lin
725 4369 770 4418 itio
789 4369 815 4418 iu
834 4384 887 4427 crte,
906 4370 991 4420 omia
1012 4370 1079 4419 tulus
1133 4366 1302 4436 Sllxempla]
1324 4369 1390 4420 Sunt
1406 4371 1496 4421 eadent

194 4439 262 4502 sere,
282 4454 346 4503 quae
365 4437 515 4489 Priscianus
532 4438 624 4488 attulit.
710 4438 726 4487 9
745 4437 828 4487 eodan
850 4436 986 4487 codicellus
1056 4437 1182 4488 homullus
1201 4448 1225 4487 et
1244 4437 1376 4488 homuntio
1465 4439 1495 4488 11

198 4522 301 4557 muscus
370 4517 443 4571 pater
460 4516 533 4572 puter
619 4507 650 4556 14
668 4505 757 4554 [lectus
777 4505 914 4555 tlactieulns
993 4507 1024 4557 17
1042 4506 1124 4556 cultus
1195 4507 1225 4557 te
1244 4505 1392 4572 peultimam
1463 4507 1494 4556 21

198 4577 278 4625 ortius
297 4573 403 4625 orticius
472 4571 588 4626 antonios
606 4573 667 4623 lacit
734 4574 767 4623 33
786 4575 875 4623 seuitio
945 4576 977 4624 24
996 4576 1021 4624 in
1040 4573 1110 4638 xilla]
1128 4574 1153 4622 iu
1173 4574 1238 4637 sylla
1289 4574 1407 4625 annicula
1453 4589 1494 4624 ar·

196 4643 264 4702 cula]
284 4642 404 4692 ornacula
471 4644 504 4693 25
522 4641 622 4692 diecula
674 4641 802 4707 uulpiculu
847 4641 1020 4691 offensiuleulu
1055 4643 1151 4691 irratiolo
1218 4644 1251 4692 26
1269 4641 1382 4691 aratruilln
1421 4642 1498 4692 nubi·

198 4711 254 4759 culn
322 4712 354 4760 27
372 4720 438 4760 retes
512 4712 545 4760 28
563 4709 714 4759 columnella
800 4711 833 4760 29
851 4709 960 4776 caprella
1044 4712 1077 4761 30
1096 4709 1177 4759 forme
1262 4712 1293 4761 31
1312 4705 1450 4776 intutum]
1471 4711 1497 4760 iu

198 4778 267 4826 lilum
337 4775 481 4844 inutilium]
502 4777 640 4840 insptlum
709 4778 741 4828 32
760 4777 890 4844 capitilum
959 4781 992 4828 33
1011 4778 1127 4827 uixitlum
1195 4780 1228 4828 34
1246 4778 1376 4843 capititum
1445 4822 1449 4827 .
