<?xml version="1.0" encoding="UTF-8"?>
<!DOCTYPE html PUBLIC "-//W3C//DTD XHTML 1.0 Transitional//EN"
    "http://www.w3.org/TR/xhtml1/DTD/xhtml1-transitional.dtd">
<html xmlns="http://www.w3.org/1999/xhtml" xml:lang="en" lang="en">
 <head>
  <title>
</title>
<meta http-equiv="Content-Type" content="text/html;charset=utf-8" />
  <meta name='ocr-system' content='tesseract 3.04.00' />
  <meta name='ocr-capabilities' content='ocr_page ocr_carea ocr_par ocr_line ocrx_word'/>
</head>
<body>
  <div class='ocr_page' id='page_1' title='image "./grammaticilatin04keilgoog/grammaticilatin04keilgoog_0474.png"; bbox 0 0 3420 5378; ppageno 0'>
   <div class='ocr_carea' id='block_1_1' title="bbox 502 306 1390 373">
    <p class='ocr_par' dir='ltr' id='par_1_1' title="bbox 502 306 1390 373">
     <span class='ocr_line' id='line_1_1' title="bbox 502 306 1390 373; baseline 0.001 -10"><span class='ocrx_word' id='word_1_1' title='bbox 502 312 541 364; x_wconf 80' lang='lat' dir='ltr'><strong>Iu</strong></span> <span class='ocrx_word' id='word_1_2' title='bbox 560 311 643 364; x_wconf 84' lang='lat' dir='ltr'>DON.</span> <span class='ocrx_word' id='word_1_3' title='bbox 662 310 788 365; x_wconf 80' lang='lat' dir='ltr'><strong>AR&#39;PBM</strong></span> <span class='ocrx_word' id='word_1_4' title='bbox 806 310 985 364; x_wconf 79' lang='lat' dir='ltr'><strong>umoeuu.</strong></span> <span class='ocrx_word' id='word_1_5' title='bbox 1327 306 1390 373; x_wconf 80' lang='grc'><strong>209</strong></span> 
     </span>
    </p>
   </div>
   <div class='ocr_carea' id='block_1_2' title="bbox 51 498 1542 3928">
    <p class='ocr_par' dir='ltr' id='par_1_2' title="bbox 51 498 1542 3928">
     <span class='ocr_line' id='line_1_2' title="bbox 95 498 1391 581; baseline -0.003 -18"><span class='ocrx_word' id='word_1_6' title='bbox 95 504 228 581; x_wconf 83' lang='lat' dir='ltr'><strong>agentis,</strong></span> <span class='ocrx_word' id='word_1_7' title='bbox 253 510 285 562; x_wconf 91' lang='lat' dir='ltr'><strong>ut</strong></span> <span class='ocrx_word' id='word_1_8' title='bbox 307 499 425 563; x_wconf 88' lang='lat' dir='ltr'><strong>osculor</strong></span> <span class='ocrx_word' id='word_1_9' title='bbox 446 511 489 569; x_wconf 91' lang='lat' dir='ltr'><strong>te,</strong></span> <span class='ocrx_word' id='word_1_10' title='bbox 513 509 543 561; x_wconf 91' lang='lat' dir='ltr'><strong>et</strong></span> <span class='ocrx_word' id='word_1_11' title='bbox 564 502 595 562; x_wconf 90' lang='lat' dir='ltr'><strong>in</strong></span> <span class='ocrx_word' id='word_1_12' title='bbox 617 504 741 562; x_wconf 89' lang='lat' dir='ltr'><strong>lormam</strong></span> <span class='ocrx_word' id='word_1_13' title='bbox 765 501 876 578; x_wconf 85' lang='lat' dir='ltr'><strong>passini</strong></span> <span class='ocrx_word' id='word_1_14' title='bbox 897 503 960 579; x_wconf 90' lang='lat' dir='ltr'><strong>ipsa</strong></span> <span class='ocrx_word' id='word_1_15' title='bbox 983 509 1028 561; x_wconf 89' lang='lat' dir='ltr'><strong>est</strong></span> <span class='ocrx_word' id='word_1_16' title='bbox 1049 501 1197 580; x_wconf 88' lang='lat' dir='ltr'><strong>patientis,</strong></span> <span class='ocrx_word' id='word_1_17' title='bbox 1219 507 1252 559; x_wconf 87' lang='lat' dir='ltr'><strong>ut</strong></span> <span class='ocrx_word' id='word_1_18' title='bbox 1273 498 1391 560; x_wconf 88' lang='lat' dir='ltr'><strong>osculor</strong></span> 
     </span>
     <span class='ocr_line' id='line_1_3' title="bbox 72 600 1392 682; baseline -0.003 -18"><span class='ocrx_word' id='word_1_19' title='bbox 72 604 111 664; x_wconf 74' lang='lat' dir='ltr'><strong>”a</strong></span> <span class='ocrx_word' id='word_1_20' title='bbox 133 613 173 665; x_wconf 85' lang='lat' dir='ltr'><strong>te.</strong></span> <span class='ocrx_word' id='word_1_21' title='bbox 217 602 358 664; x_wconf 85' lang='lat' dir='ltr'><strong>Osculum</strong></span> <span class='ocrx_word' id='word_1_22' title='bbox 381 611 427 664; x_wconf 89' lang='lat' dir='ltr'><strong>est</strong></span> <span class='ocrx_word' id='word_1_23' title='bbox 448 604 565 682; x_wconf 83' lang='lat' dir='ltr'><strong>signum</strong></span> <span class='ocrx_word' id='word_1_24' title='bbox 588 604 683 682; x_wconf 89' lang='lat' dir='ltr'><strong>pacis,</strong></span> <span class='ocrx_word' id='word_1_25' title='bbox 708 602 821 663; x_wconf 88' lang='lat' dir='ltr'><strong>basium</strong></span> <span class='ocrx_word' id='word_1_26' title='bbox 844 603 968 672; x_wconf 87' lang='lat' dir='ltr'><strong>auroris,</strong></span> <span class='ocrx_word' id='word_1_27' title='bbox 991 603 1106 663; x_wconf 87' lang='lat' dir='ltr'><strong>sauium</strong></span> <span class='ocrx_word' id='word_1_28' title='bbox 1129 602 1245 679; x_wconf 84' lang='lat' dir='ltr'><strong>signum</strong></span> <span class='ocrx_word' id='word_1_29' title='bbox 1268 600 1392 662; x_wconf 89' lang='lat' dir='ltr'><strong>Veneris</strong></span> 
     </span>
     <span class='ocr_line' id='line_1_4' title="bbox 96 704 753 784; baseline -0.005 -18"><span class='ocrx_word' id='word_1_30' title='bbox 96 708 128 766; x_wconf 90' lang='lat' dir='ltr'><strong>·i·</strong></span> <span class='ocrx_word' id='word_1_31' title='bbox 152 706 296 766; x_wconf 82' lang='lat' dir='ltr'><strong>luxuriae.</strong></span> <span class='ocrx_word' id='word_1_32' title='bbox 342 704 415 766; x_wconf 88' lang='lat' dir='ltr'><strong>lude</strong></span> <span class='ocrx_word' id='word_1_33' title='bbox 438 713 466 766; x_wconf 92' lang='lat' dir='ltr'><strong>et</strong></span> <span class='ocrx_word' id='word_1_34' title='bbox 488 704 610 784; x_wconf 92' lang='lat' dir='ltr'><strong>quidam</strong></span> <span class='ocrx_word' id='word_1_35' title='bbox 632 711 753 783; x_wconf 82' lang='lat' dir='ltr'><strong>poeta:</strong></span> 
     </span>
     <span class='ocr_line' id='line_1_5' title="bbox 248 804 1219 884; baseline -0.001 -17"><span class='ocrx_word' id='word_1_36' title='bbox 248 806 356 867; x_wconf 91' lang='lat' dir='ltr'><strong>Basia</strong></span> <span class='ocrx_word' id='word_1_37' title='bbox 380 805 604 884; x_wconf 80' lang='lat' dir='ltr'><strong>coniugibus</strong></span> <span class='ocrx_word' id='word_1_38' title='bbox 626 806 689 866; x_wconf 88' lang='lat' dir='ltr'><strong>sed</strong></span> <span class='ocrx_word' id='word_1_39' title='bbox 714 813 749 866; x_wconf 90' lang='lat' dir='ltr'><strong>et</strong></span> <span class='ocrx_word' id='word_1_40' title='bbox 771 804 896 866; x_wconf 88' lang='lat' dir='ltr'><strong>oscula</strong></span> <span class='ocrx_word' id='word_1_41' title='bbox 919 805 1058 867; x_wconf 91' lang='lat' dir='ltr'><strong>dentur</strong></span> <span class='ocrx_word' id='word_1_42' title='bbox 1080 807 1219 868; x_wconf 90' lang='lat' dir='ltr'><strong>amicis.</strong></span> 
     </span>
     <span class='ocr_line' id='line_1_6' title="bbox 69 905 1086 984; baseline 0.001 -17"><span class='ocrx_word' id='word_1_43' title='bbox 69 927 83 967; x_wconf 84' lang='lat' dir='ltr'><strong>a</strong></span> <span class='ocrx_word' id='word_1_44' title='bbox 249 907 358 968; x_wconf 85' lang='lat' dir='ltr'><strong>Sauia</strong></span> <span class='ocrx_word' id='word_1_45' title='bbox 382 907 540 969; x_wconf 89' lang='lat' dir='ltr'><strong>lasciuis</strong></span> <span class='ocrx_word' id='word_1_46' title='bbox 563 909 772 968; x_wconf 80' lang='lat' dir='ltr'><strong>miscentur</strong></span> <span class='ocrx_word' id='word_1_47' title='bbox 794 914 898 984; x_wconf 83' lang='lat' dir='ltr'><strong>grata</strong></span> <span class='ocrx_word' id='word_1_48' title='bbox 922 905 1086 968; x_wconf 89' lang='lat' dir='ltr'><strong>labellis.</strong></span> 
     </span>
     <span class='ocr_line' id='line_1_7' title="bbox 96 1007 1481 1088; baseline 0 -20"><span class='ocrx_word' id='word_1_49' title='bbox 96 1008 131 1069; x_wconf 85' lang='lat' dir='ltr'><strong>ll.</strong></span> <span class='ocrx_word' id='word_1_50' title='bbox 147 1008 328 1087; x_wconf 83' lang='lat' dir='ltr'><strong>Tempora</strong></span> <span class='ocrx_word' id='word_1_51' title='bbox 353 1007 551 1069; x_wconf 86' lang='lat' dir='ltr'><strong>uerborum</strong></span> <span class='ocrx_word' id='word_1_52' title='bbox 573 1016 663 1087; x_wconf 87' lang='lat' dir='ltr'><strong>quot</strong></span> <span class='ocrx_word' id='word_1_53' title='bbox 686 1010 790 1069; x_wconf 74' lang='lat' dir='ltr'><strong>sunt?</strong></span> <span class='ocrx_word' id='word_1_54' title='bbox 826 1007 973 1087; x_wconf 88' lang='lat' dir='ltr'><strong>Tempora</strong></span> <span class='ocrx_word' id='word_1_55' title='bbox 996 1008 1133 1069; x_wconf 90' lang='lat' dir='ltr'><strong>dicuutur</strong></span> <span class='ocrx_word' id='word_1_56' title='bbox 1155 1008 1390 1088; x_wconf 90' lang='lat' dir='ltr'><strong>atemperando.</strong></span> <span class='ocrx_word' id='word_1_57' title='bbox 1406 1023 1481 1071; x_wconf 56' lang='lat' dir='ltr'><strong>asom</strong></span> 
     </span>
     <span class='ocr_line' id='line_1_8' title="bbox 95 1108 1393 1190; baseline 0 -20"><span class='ocrx_word' id='word_1_58' title='bbox 95 1110 172 1171; x_wconf 90' lang='lat' dir='ltr'><strong>Sunt</strong></span> <span class='ocrx_word' id='word_1_59' title='bbox 183 1118 282 1171; x_wconf 92' lang='lat' dir='ltr'><strong>autem</strong></span> <span class='ocrx_word' id='word_1_60' title='bbox 299 1119 438 1187; x_wconf 89' lang='lat' dir='ltr'><strong>quattuor</strong></span> <span class='ocrx_word' id='word_1_61' title='bbox 450 1118 585 1189; x_wconf 90' lang='lat' dir='ltr'><strong>tempora</strong></span> <span class='ocrx_word' id='word_1_62' title='bbox 594 1112 673 1179; x_wconf 91' lang='lat' dir='ltr'><strong>anni,</strong></span> <span class='ocrx_word' id='word_1_63' title='bbox 690 1129 765 1189; x_wconf 89' lang='lat' dir='ltr'><strong>quae</strong></span> <span class='ocrx_word' id='word_1_64' title='bbox 780 1128 834 1170; x_wconf 90' lang='lat' dir='ltr'><strong>sua</strong></span> <span class='ocrx_word' id='word_1_65' title='bbox 845 1108 1051 1171; x_wconf 88' lang='lat' dir='ltr'><strong>uicissitudine</strong></span> <span class='ocrx_word' id='word_1_66' title='bbox 1063 1117 1281 1190; x_wconf 82' lang='lat' dir='ltr'><strong>temperantur:</strong></span> <span class='ocrx_word' id='word_1_67' title='bbox 1298 1118 1393 1171; x_wconf 85' lang='lat' dir='ltr'><strong>aestas</strong></span> 
     </span>
     <span class='ocr_line' id='line_1_9' title="bbox 95 1209 1393 1292; baseline 0.002 -22"><span class='ocrx_word' id='word_1_68' title='bbox 95 1209 207 1282; x_wconf 89' lang='lat' dir='ltr'><strong>calida,</strong></span> <span class='ocrx_word' id='word_1_69' title='bbox 236 1209 332 1272; x_wconf 88' lang='lat' dir='ltr'><strong>hiems</strong></span> <span class='ocrx_word' id='word_1_70' title='bbox 355 1211 476 1290; x_wconf 76' lang='lat' dir='ltr'><strong>frigida,</strong></span> <span class='ocrx_word' id='word_1_71' title='bbox 502 1219 531 1272; x_wconf 88' lang='lat' dir='ltr'><strong>et</strong></span> <span class='ocrx_word' id='word_1_72' title='bbox 552 1213 631 1273; x_wconf 89' lang='lat' dir='ltr'><strong>inter</strong></span> <span class='ocrx_word' id='word_1_73' title='bbox 655 1212 727 1272; x_wconf 89' lang='lat' dir='ltr'><strong>baec</strong></span> <span class='ocrx_word' id='word_1_74' title='bbox 750 1211 808 1272; x_wconf 90' lang='lat' dir='ltr'><strong>duo</strong></span> <span class='ocrx_word' id='word_1_75' title='bbox 831 1222 901 1273; x_wconf 91' lang='lat' dir='ltr'><strong>sunt</strong></span> <span class='ocrx_word' id='word_1_76' title='bbox 923 1211 993 1279; x_wconf 91' lang='lat' dir='ltr'><strong>alia,</strong></span> <span class='ocrx_word' id='word_1_77' title='bbox 1017 1230 1092 1292; x_wconf 89' lang='lat' dir='ltr'><strong>quae</strong></span> <span class='ocrx_word' id='word_1_78' title='bbox 1116 1213 1237 1291; x_wconf 86' lang='lat' dir='ltr'><strong>proprie</strong></span> <span class='ocrx_word' id='word_1_79' title='bbox 1259 1221 1393 1291; x_wconf 90' lang='lat' dir='ltr'><strong>tempora</strong></span> 
     </span>
     <span class='ocr_line' id='line_1_10' title="bbox 95 1311 1443 1393; baseline 0 -20"><span class='ocrx_word' id='word_1_80' title='bbox 95 1311 244 1383; x_wconf 88' lang='lat' dir='ltr'><strong>dicuntur,</strong></span> <span class='ocrx_word' id='word_1_81' title='bbox 270 1314 299 1372; x_wconf 92' lang='lat' dir='ltr'><strong>·i·</strong></span> <span class='ocrx_word' id='word_1_82' title='bbox 323 1312 483 1374; x_wconf 88' lang='lat' dir='ltr'><strong>moderata.</strong></span> <span class='ocrx_word' id='word_1_83' title='bbox 524 1312 555 1372; x_wconf 96' lang='lat' dir='ltr'><strong>ln</strong></span> <span class='ocrx_word' id='word_1_84' title='bbox 580 1313 625 1373; x_wconf 89' lang='lat' dir='ltr'><strong>bis</strong></span> <span class='ocrx_word' id='word_1_85' title='bbox 647 1316 726 1374; x_wconf 91' lang='lat' dir='ltr'><strong>enim</strong></span> <span class='ocrx_word' id='word_1_86' title='bbox 749 1314 885 1373; x_wconf 82' lang='lat' dir='ltr'><strong>nimietas</strong></span> <span class='ocrx_word' id='word_1_87' title='bbox 901 1311 1009 1373; x_wconf 92' lang='lat' dir='ltr'><strong>caloris</strong></span> <span class='ocrx_word' id='word_1_88' title='bbox 1024 1321 1111 1392; x_wconf 88' lang='lat' dir='ltr'><strong>atque</strong></span> <span class='ocrx_word' id='word_1_89' title='bbox 1127 1313 1248 1391; x_wconf 81' lang='lat' dir='ltr'><strong>trigoris</strong></span> <span class='ocrx_word' id='word_1_90' title='bbox 1264 1315 1392 1393; x_wconf 91' lang='lat' dir='ltr'><strong>reperiri</strong></span> <span class='ocrx_word' id='word_1_91' title='bbox 1440 1354 1443 1361; x_wconf 36' lang='grc' dir='ltr'><strong>ι</strong></span> 
     </span>
     <span class='ocr_line' id='line_1_11' title="bbox 56 1414 1392 1494; baseline 0.004 -25"><span class='ocrx_word' id='word_1_92' title='bbox 56 1431 83 1470; x_wconf 85' lang='lat'><strong>10</strong></span> <span class='ocrx_word' id='word_1_93' title='bbox 96 1415 208 1492; x_wconf 89' lang='lat' dir='ltr'><strong>nequit.</strong></span> <span class='ocrx_word' id='word_1_94' title='bbox 247 1414 278 1475; x_wconf 92' lang='lat' dir='ltr'><strong>ln</strong></span> <span class='ocrx_word' id='word_1_95' title='bbox 302 1414 396 1475; x_wconf 90' lang='lat' dir='ltr'><strong>uerbo</strong></span> <span class='ocrx_word' id='word_1_96' title='bbox 419 1423 516 1474; x_wconf 90' lang='lat' dir='ltr'><strong>antem</strong></span> <span class='ocrx_word' id='word_1_97' title='bbox 542 1422 675 1493; x_wconf 89' lang='lat' dir='ltr'><strong>tempora</strong></span> <span class='ocrx_word' id='word_1_98' title='bbox 698 1414 837 1475; x_wconf 87' lang='lat' dir='ltr'><strong>dicuntur</strong></span> <span class='ocrx_word' id='word_1_99' title='bbox 852 1414 1057 1475; x_wconf 86' lang='lat' dir='ltr'><strong>distinctiones</strong></span> <span class='ocrx_word' id='word_1_100' title='bbox 1079 1416 1173 1475; x_wconf 89' lang='lat' dir='ltr'><strong>nostri</strong></span> <span class='ocrx_word' id='word_1_101' title='bbox 1194 1423 1291 1483; x_wconf 89' lang='lat' dir='ltr'><strong>actus,</strong></span> <span class='ocrx_word' id='word_1_102' title='bbox 1315 1416 1392 1494; x_wconf 91' lang='lat' dir='ltr'><strong>quia,</strong></span> 
     </span>
     <span class='ocr_line' id='line_1_12' title="bbox 95 1514 1393 1595; baseline 0.002 -21"><span class='ocrx_word' id='word_1_103' title='bbox 95 1514 235 1595; x_wconf 89' lang='lat' dir='ltr'><strong>quicquid</strong></span> <span class='ocrx_word' id='word_1_104' title='bbox 266 1515 401 1583; x_wconf 83' lang='lat' dir='ltr'><strong>iacimus,</strong></span> <span class='ocrx_word' id='word_1_105' title='bbox 431 1518 531 1576; x_wconf 90' lang='lat' dir='ltr'><strong>autin</strong></span> <span class='ocrx_word' id='word_1_106' title='bbox 555 1517 705 1595; x_wconf 83' lang='lat' dir='ltr'><strong>praesenti</strong></span> <span class='ocrx_word' id='word_1_107' title='bbox 727 1515 814 1576; x_wconf 92' lang='lat' dir='ltr'><strong>modo</strong></span> <span class='ocrx_word' id='word_1_108' title='bbox 844 1516 981 1583; x_wconf 88' lang='lat' dir='ltr'><strong>iacimus,</strong></span> <span class='ocrx_word' id='word_1_109' title='bbox 1012 1517 1114 1575; x_wconf 88' lang='lat' dir='ltr'><strong>autin</strong></span> <span class='ocrx_word' id='word_1_110' title='bbox 1137 1518 1298 1594; x_wconf 91' lang='lat' dir='ltr'><strong>praeterito</strong></span> <span class='ocrx_word' id='word_1_111' title='bbox 1322 1517 1393 1577; x_wconf 86' lang='lat' dir='ltr'><strong>ieci·</strong></span> 
     </span>
     <span class='ocr_line' id='line_1_13' title="bbox 95 1614 1391 1696; baseline 0.001 -19"><span class='ocrx_word' id='word_1_112' title='bbox 95 1633 176 1684; x_wconf 90' lang='lat' dir='ltr'><strong>mus,</strong></span> <span class='ocrx_word' id='word_1_113' title='bbox 210 1614 257 1676; x_wconf 92' lang='lat' dir='ltr'><strong>uel</strong></span> <span class='ocrx_word' id='word_1_114' title='bbox 287 1618 317 1676; x_wconf 93' lang='lat' dir='ltr'><strong>in</strong></span> <span class='ocrx_word' id='word_1_115' title='bbox 349 1615 449 1677; x_wconf 87' lang='lat' dir='ltr'><strong>luturo</strong></span> <span class='ocrx_word' id='word_1_116' title='bbox 477 1618 629 1678; x_wconf 86' lang='lat' dir='ltr'><strong>iaciemus.</strong></span> <span class='ocrx_word' id='word_1_117' title='bbox 680 1617 732 1677; x_wconf 85' lang='lat' dir='ltr'><strong>Est</strong></span> <span class='ocrx_word' id='word_1_118' title='bbox 760 1635 831 1695; x_wconf 76' lang='lat' dir='ltr'><strong>ergo</strong></span> <span class='ocrx_word' id='word_1_119' title='bbox 859 1624 978 1696; x_wconf 90' lang='lat' dir='ltr'><strong>tempus</strong></span> <span class='ocrx_word' id='word_1_120' title='bbox 1006 1618 1124 1695; x_wconf 89' lang='lat' dir='ltr'><strong>quidam</strong></span> <span class='ocrx_word' id='word_1_121' title='bbox 1153 1635 1253 1678; x_wconf 90' lang='lat' dir='ltr'><strong>rerum</strong></span> <span class='ocrx_word' id='word_1_122' title='bbox 1283 1626 1391 1678; x_wconf 89' lang='lat' dir='ltr'><strong>motus.</strong></span> 
     </span>
     <span class='ocr_line' id='line_1_14' title="bbox 94 1715 1390 1798; baseline 0.002 -21"><span class='ocrx_word' id='word_1_123' title='bbox 94 1715 240 1778; x_wconf 85' lang='lat' dir='ltr'><strong>Praesens</strong></span> <span class='ocrx_word' id='word_1_124' title='bbox 262 1717 467 1798; x_wconf 78' lang='lat' dir='ltr'><strong>imperfectum</strong></span> <span class='ocrx_word' id='word_1_125' title='bbox 492 1737 557 1780; x_wconf 90' lang='lat' dir='ltr'><strong>esse</strong></span> <span class='ocrx_word' id='word_1_126' title='bbox 580 1718 716 1787; x_wconf 83' lang='lat' dir='ltr'><strong>dicimus,</strong></span> <span class='ocrx_word' id='word_1_127' title='bbox 739 1721 816 1778; x_wconf 89' lang='lat' dir='ltr'><strong>sicut</strong></span> <span class='ocrx_word' id='word_1_128' title='bbox 839 1726 869 1778; x_wconf 93' lang='lat' dir='ltr'><strong>et</strong></span> <span class='ocrx_word' id='word_1_129' title='bbox 891 1720 1031 1793; x_wconf 85' lang='lat' dir='ltr'><strong>luterum,</strong></span> <span class='ocrx_word' id='word_1_130' title='bbox 1056 1738 1091 1778; x_wconf 91' lang='lat' dir='ltr'><strong>eo</strong></span> <span class='ocrx_word' id='word_1_131' title='bbox 1106 1719 1183 1798; x_wconf 82' lang='lat' dir='ltr'><strong>qnod</strong></span> <span class='ocrx_word' id='word_1_132' title='bbox 1201 1738 1259 1779; x_wconf 92' lang='lat' dir='ltr'><strong>non</strong></span> <span class='ocrx_word' id='word_1_133' title='bbox 1282 1728 1390 1788; x_wconf 89' lang='lat' dir='ltr'><strong>manet,</strong></span> 
     </span>
     <span class='ocr_line' id='line_1_15' title="bbox 95 1818 1392 1899; baseline 0.002 -19"><span class='ocrx_word' id='word_1_134' title='bbox 95 1818 147 1880; x_wconf 90' lang='lat' dir='ltr'><strong>sed</strong></span> <span class='ocrx_word' id='word_1_135' title='bbox 171 1818 387 1898; x_wconf 90' lang='lat' dir='ltr'><strong>quodammodo</strong></span> <span class='ocrx_word' id='word_1_136' title='bbox 411 1822 526 1880; x_wconf 86' lang='lat' dir='ltr'><strong>transit.</strong></span> <span class='ocrx_word' id='word_1_137' title='bbox 566 1819 648 1880; x_wconf 90' lang='lat' dir='ltr'><strong>Vnde</strong></span> <span class='ocrx_word' id='word_1_138' title='bbox 671 1828 701 1879; x_wconf 92' lang='lat' dir='ltr'><strong>et</strong></span> <span class='ocrx_word' id='word_1_139' title='bbox 722 1838 738 1879; x_wconf 93' lang='lat' dir='ltr'><strong>a</strong></span> <span class='ocrx_word' id='word_1_140' title='bbox 760 1819 946 1899; x_wconf 87' lang='lat' dir='ltr'><strong>pbilosophis</strong></span> <span class='ocrx_word' id='word_1_141' title='bbox 967 1822 1082 1880; x_wconf 91' lang='lat' dir='ltr'><strong>instans</strong></span> <span class='ocrx_word' id='word_1_142' title='bbox 1099 1821 1216 1896; x_wconf 90' lang='lat' dir='ltr'><strong>dicitur,</strong></span> <span class='ocrx_word' id='word_1_143' title='bbox 1240 1822 1392 1882; x_wconf 87' lang='lat' dir='ltr'><strong>aGraecis</strong></span> 
     </span>
     <span class='ocr_line' id='line_1_16' title="bbox 54 1913 1391 2001; baseline 0.003 -22"><span class='ocrx_word' id='word_1_144' title='bbox 54 1913 263 1998; x_wconf 78' lang='lat' dir='ltr'><strong>asdoprorov,</strong></span> <span class='ocrx_word' id='word_1_145' title='bbox 288 1920 424 2000; x_wconf 85' lang='lat' dir='ltr'><strong>eoquod</strong></span> <span class='ocrx_word' id='word_1_146' title='bbox 450 1940 508 1981; x_wconf 91' lang='lat' dir='ltr'><strong>nou</strong></span> <span class='ocrx_word' id='word_1_147' title='bbox 531 1929 596 1981; x_wconf 89' lang='lat' dir='ltr'><strong>stat.</strong></span> <span class='ocrx_word' id='word_1_148' title='bbox 637 1919 729 1999; x_wconf 79' lang='lat' dir='ltr'><strong>igitur</strong></span> <span class='ocrx_word' id='word_1_149' title='bbox 751 1939 894 2001; x_wconf 88' lang='lat' dir='ltr'><strong>praesens</strong></span> <span class='ocrx_word' id='word_1_150' title='bbox 916 1929 1035 2000; x_wconf 89' lang='lat' dir='ltr'><strong>tempus</strong></span> <span class='ocrx_word' id='word_1_151' title='bbox 1058 1921 1130 1981; x_wconf 93' lang='lat' dir='ltr'><strong>nibil</strong></span> <span class='ocrx_word' id='word_1_152' title='bbox 1159 1920 1238 1983; x_wconf 91' lang='lat' dir='ltr'><strong>aliud</strong></span> <span class='ocrx_word' id='word_1_153' title='bbox 1268 1930 1313 1983; x_wconf 92' lang='lat' dir='ltr'><strong>est</strong></span> <span class='ocrx_word' id='word_1_154' title='bbox 1335 1924 1391 1983; x_wconf 91' lang='lat' dir='ltr'><strong>uisi</strong></span> 
     </span>
     <span class='ocr_line' id='line_1_17' title="bbox 94 2020 1391 2102; baseline 0.002 -21"><span class='ocrx_word' id='word_1_155' title='bbox 94 2021 247 2090; x_wconf 89' lang='lat' dir='ltr'><strong>distantia,</strong></span> <span class='ocrx_word' id='word_1_156' title='bbox 282 2025 310 2081; x_wconf 85' lang='lat' dir='ltr'><strong>·i·</strong></span> <span class='ocrx_word' id='word_1_157' title='bbox 339 2025 437 2100; x_wconf 89' lang='lat' dir='ltr'><strong>ipsum</strong></span> <span class='ocrx_word' id='word_1_158' title='bbox 471 2021 642 2101; x_wconf 88' lang='lat' dir='ltr'><strong>spatiolum,</strong></span> <span class='ocrx_word' id='word_1_159' title='bbox 677 2020 754 2102; x_wconf 91' lang='lat' dir='ltr'><strong>quod</strong></span> <span class='ocrx_word' id='word_1_160' title='bbox 789 2023 868 2083; x_wconf 87' lang='lat' dir='ltr'><strong>inter</strong></span> <span class='ocrx_word' id='word_1_161' title='bbox 899 2023 1089 2100; x_wconf 85' lang='lat' dir='ltr'><strong>praeteritum</strong></span> <span class='ocrx_word' id='word_1_162' title='bbox 1119 2030 1165 2083; x_wconf 92' lang='lat' dir='ltr'><strong>est</strong></span> <span class='ocrx_word' id='word_1_163' title='bbox 1192 2032 1222 2084; x_wconf 91' lang='lat' dir='ltr'><strong>et</strong></span> <span class='ocrx_word' id='word_1_164' title='bbox 1249 2025 1391 2084; x_wconf 86' lang='lat' dir='ltr'><strong>laturum.</strong></span> 
     </span>
     <span class='ocr_line' id='line_1_18' title="bbox 95 2122 1390 2201; baseline 0.003 -19"><span class='ocrx_word' id='word_1_165' title='bbox 95 2122 185 2182; x_wconf 87' lang='lat' dir='ltr'><strong>Verbi</strong></span> <span class='ocrx_word' id='word_1_166' title='bbox 200 2125 294 2201; x_wconf 84' lang='lat' dir='ltr'><strong>gratia</strong></span> <span class='ocrx_word' id='word_1_167' title='bbox 310 2123 425 2184; x_wconf 78' lang='lat' dir='ltr'><strong>‘deus’.:</strong></span> <span class='ocrx_word' id='word_1_168' title='bbox 451 2142 519 2185; x_wconf 92' lang='lat' dir='ltr'><strong>cum</strong></span> <span class='ocrx_word' id='word_1_169' title='bbox 541 2123 607 2184; x_wconf 93' lang='lat' dir='ltr'><strong>dico</strong></span> <span class='ocrx_word' id='word_1_170' title='bbox 631 2122 676 2194; x_wconf 89' lang='lat' dir='ltr'><strong>de,</strong></span> <span class='ocrx_word' id='word_1_171' title='bbox 700 2143 735 2185; x_wconf 93' lang='lat' dir='ltr'><strong>us</strong></span> <span class='ocrx_word' id='word_1_172' title='bbox 757 2122 854 2185; x_wconf 91' lang='lat' dir='ltr'><strong>adbuc</strong></span> <span class='ocrx_word' id='word_1_173' title='bbox 876 2131 1018 2194; x_wconf 88' lang='lat' dir='ltr'><strong>remanet,</strong></span> <span class='ocrx_word' id='word_1_174' title='bbox 1042 2131 1160 2185; x_wconf 90' lang='lat' dir='ltr'><strong>etcum</strong></span> <span class='ocrx_word' id='word_1_175' title='bbox 1184 2124 1250 2185; x_wconf 94' lang='lat' dir='ltr'><strong>dico</strong></span> <span class='ocrx_word' id='word_1_176' title='bbox 1267 2145 1310 2196; x_wconf 90' lang='lat' dir='ltr'><strong>ns,</strong></span> <span class='ocrx_word' id='word_1_177' title='bbox 1334 2129 1390 2186; x_wconf 92' lang='lat' dir='ltr'><strong>iam</strong></span> 
     </span>
     <span class='ocr_line' id='line_1_19' title="bbox 96 2224 1390 2305; baseline 0.001 -20"><span class='ocrx_word' id='word_1_178' title='bbox 96 2224 133 2285; x_wconf 95' lang='lat' dir='ltr'><strong>de</strong></span> <span class='ocrx_word' id='word_1_179' title='bbox 161 2227 355 2304; x_wconf 91' lang='lat' dir='ltr'><strong>praeteritum</strong></span> <span class='ocrx_word' id='word_1_180' title='bbox 384 2237 440 2287; x_wconf 89' lang='lat' dir='ltr'><strong>est.</strong></span> <span class='ocrx_word' id='word_1_181' title='bbox 484 2226 628 2287; x_wconf 86' lang='lat' dir='ltr'><strong>Futurum</strong></span> <span class='ocrx_word' id='word_1_182' title='bbox 657 2226 792 2287; x_wconf 90' lang='lat' dir='ltr'><strong>similiter</strong></span> <span class='ocrx_word' id='word_1_183' title='bbox 814 2227 1022 2304; x_wconf 79' lang='lat' dir='ltr'><strong>imperfectum</strong></span> <span class='ocrx_word' id='word_1_184' title='bbox 1046 2234 1100 2286; x_wconf 88' lang='lat' dir='ltr'><strong>est.</strong></span> <span class='ocrx_word' id='word_1_185' title='bbox 1145 2225 1288 2305; x_wconf 85' lang='lat' dir='ltr'><strong>Quicquid</strong></span> <span class='ocrx_word' id='word_1_186' title='bbox 1312 2229 1390 2288; x_wconf 91' lang='lat' dir='ltr'><strong>enim</strong></span> 
     </span>
     <span class='ocr_line' id='line_1_20' title="bbox 93 2327 1391 2407; baseline 0.003 -21"><span class='ocrx_word' id='word_1_187' title='bbox 93 2328 124 2388; x_wconf 91' lang='lat' dir='ltr'><strong>in</strong></span> <span class='ocrx_word' id='word_1_188' title='bbox 148 2334 251 2387; x_wconf 90' lang='lat' dir='ltr'><strong>nostro</strong></span> <span class='ocrx_word' id='word_1_189' title='bbox 274 2336 339 2387; x_wconf 89' lang='lat' dir='ltr'><strong>actu</strong></span> <span class='ocrx_word' id='word_1_190' title='bbox 362 2335 417 2397; x_wconf 88' lang='lat' dir='ltr'><strong>est,</strong></span> <span class='ocrx_word' id='word_1_191' title='bbox 441 2329 588 2388; x_wconf 90' lang='lat' dir='ltr'><strong>incertum</strong></span> <span class='ocrx_word' id='word_1_192' title='bbox 611 2336 657 2388; x_wconf 90' lang='lat' dir='ltr'><strong>est</strong></span> <span class='ocrx_word' id='word_1_193' title='bbox 680 2336 710 2388; x_wconf 89' lang='lat' dir='ltr'><strong>et</strong></span> <span class='ocrx_word' id='word_1_194' title='bbox 731 2328 949 2406; x_wconf 80' lang='lat' dir='ltr'><strong>imperfectum.</strong></span> <span class='ocrx_word' id='word_1_195' title='bbox 989 2327 1061 2389; x_wconf 89' lang='lat' dir='ltr'><strong>Nam</strong></span> <span class='ocrx_word' id='word_1_196' title='bbox 1084 2336 1181 2407; x_wconf 87' lang='lat' dir='ltr'><strong>potest</strong></span> <span class='ocrx_word' id='word_1_197' title='bbox 1204 2347 1269 2390; x_wconf 89' lang='lat' dir='ltr'><strong>esse</strong></span> <span class='ocrx_word' id='word_1_198' title='bbox 1286 2337 1316 2389; x_wconf 93' lang='lat' dir='ltr'><strong>et</strong></span> <span class='ocrx_word' id='word_1_199' title='bbox 1331 2348 1391 2390; x_wconf 91' lang='lat' dir='ltr'><strong>uon</strong></span> 
     </span>
     <span class='ocr_line' id='line_1_21' title="bbox 53 2425 1390 2511; baseline 0.004 -25"><span class='ocrx_word' id='word_1_200' title='bbox 53 2447 172 2490; x_wconf 76' lang='lat' dir='ltr'><strong>ecesse.</strong></span> <span class='ocrx_word' id='word_1_201' title='bbox 216 2429 292 2490; x_wconf 89' lang='lat' dir='ltr'><strong>Sunt</strong></span> <span class='ocrx_word' id='word_1_202' title='bbox 321 2437 419 2489; x_wconf 88' lang='lat' dir='ltr'><strong>autem</strong></span> <span class='ocrx_word' id='word_1_203' title='bbox 443 2428 588 2506; x_wconf 90' lang='lat' dir='ltr'><strong>quaedam</strong></span> <span class='ocrx_word' id='word_1_204' title='bbox 611 2430 708 2491; x_wconf 87' lang='lat' dir='ltr'><strong>lutura</strong></span> <span class='ocrx_word' id='word_1_205' title='bbox 732 2428 819 2511; x_wconf 61' lang='lat' dir='ltr'><strong>natulp</strong></span> <span class='ocrx_word' id='word_1_206' title='bbox 837 2449 865 2508; x_wconf 87' lang='lat' dir='ltr'><strong>p.</strong></span> <span class='ocrx_word' id='word_1_207' title='bbox 885 2425 945 2489; x_wconf 83' lang='lat'><strong>123</strong></span> <span class='ocrx_word' id='word_1_208' title='bbox 962 2429 1066 2506; x_wconf 49' lang='lat' dir='ltr'><strong>gralia,</strong></span> <span class='ocrx_word' id='word_1_209' title='bbox 1091 2446 1166 2506; x_wconf 83' lang='lat' dir='ltr'><strong>quae</strong></span> <span class='ocrx_word' id='word_1_210' title='bbox 1190 2430 1297 2491; x_wconf 89' lang='lat' dir='ltr'><strong>cotidie</strong></span> <span class='ocrx_word' id='word_1_211' title='bbox 1321 2449 1390 2491; x_wconf 90' lang='lat' dir='ltr'><strong>eue-</strong></span> 
     </span>
     <span class='ocr_line' id='line_1_22' title="bbox 93 2529 1390 2604; baseline 0.002 -15"><span class='ocrx_word' id='word_1_212' title='bbox 93 2531 194 2604; x_wconf 91' lang='lat' dir='ltr'><strong>niunt,</strong></span> <span class='ocrx_word' id='word_1_213' title='bbox 224 2538 256 2589; x_wconf 93' lang='lat' dir='ltr'><strong>ut</strong></span> <span class='ocrx_word' id='word_1_214' title='bbox 283 2530 376 2590; x_wconf 89' lang='lat' dir='ltr'><strong>solem</strong></span> <span class='ocrx_word' id='word_1_215' title='bbox 400 2529 472 2590; x_wconf 91' lang='lat' dir='ltr'><strong>oriri</strong></span> <span class='ocrx_word' id='word_1_216' title='bbox 495 2539 524 2590; x_wconf 90' lang='lat' dir='ltr'><strong>et</strong></span> <span class='ocrx_word' id='word_1_217' title='bbox 546 2529 697 2592; x_wconf 91' lang='lat' dir='ltr'><strong>bominem</strong></span> <span class='ocrx_word' id='word_1_218' title='bbox 719 2534 793 2592; x_wconf 90' lang='lat' dir='ltr'><strong>mori</strong></span> <span class='ocrx_word' id='word_1_219' title='bbox 818 2540 847 2591; x_wconf 91' lang='lat' dir='ltr'><strong>et</strong></span> <span class='ocrx_word' id='word_1_220' title='bbox 870 2531 959 2591; x_wconf 92' lang='lat' dir='ltr'><strong>alium</strong></span> <span class='ocrx_word' id='word_1_221' title='bbox 982 2531 1071 2591; x_wconf 90' lang='lat' dir='ltr'><strong>nasci.</strong></span> <span class='ocrx_word' id='word_1_222' title='bbox 1118 2531 1176 2591; x_wconf 92' lang='lat' dir='ltr'><strong>lsta</strong></span> <span class='ocrx_word' id='word_1_223' title='bbox 1198 2531 1390 2592; x_wconf 74' lang='lat' dir='ltr'><strong>immutabilia</strong></span> 
     </span>
     <span class='ocr_line' id='line_1_23' title="bbox 92 2630 1389 2711; baseline 0 -19"><span class='ocrx_word' id='word_1_224' title='bbox 92 2640 177 2701; x_wconf 88' lang='lat' dir='ltr'><strong>sunt,</strong></span> <span class='ocrx_word' id='word_1_225' title='bbox 206 2633 273 2711; x_wconf 90' lang='lat' dir='ltr'><strong>quia</strong></span> <span class='ocrx_word' id='word_1_226' title='bbox 303 2630 350 2691; x_wconf 92' lang='lat' dir='ltr'><strong>dei</strong></span> <span class='ocrx_word' id='word_1_227' title='bbox 378 2631 522 2711; x_wconf 89' lang='lat' dir='ltr'><strong>dispositu</strong></span> <span class='ocrx_word' id='word_1_228' title='bbox 551 2635 703 2694; x_wconf 86' lang='lat' dir='ltr'><strong>eueniunt.</strong></span> <span class='ocrx_word' id='word_1_229' title='bbox 748 2633 895 2694; x_wconf 83' lang='lat' dir='ltr'><strong>Praesens</strong></span> <span class='ocrx_word' id='word_1_230' title='bbox 921 2633 1019 2710; x_wconf 84' lang='lat' dir='ltr'><strong>itaque</strong></span> <span class='ocrx_word' id='word_1_231' title='bbox 1043 2639 1073 2691; x_wconf 91' lang='lat' dir='ltr'><strong>et</strong></span> <span class='ocrx_word' id='word_1_232' title='bbox 1094 2631 1225 2692; x_wconf 88' lang='lat' dir='ltr'><strong>laturum</strong></span> <span class='ocrx_word' id='word_1_233' title='bbox 1247 2632 1389 2711; x_wconf 89' lang='lat' dir='ltr'><strong>simplicia</strong></span> 
     </span>
     <span class='ocr_line' id='line_1_24' title="bbox 91 2731 1388 2813; baseline -0.001 -20"><span class='ocrx_word' id='word_1_234' title='bbox 91 2738 175 2802; x_wconf 89' lang='lat' dir='ltr'><strong>sunt,</strong></span> <span class='ocrx_word' id='word_1_235' title='bbox 206 2731 257 2792; x_wconf 91' lang='lat' dir='ltr'><strong>sed</strong></span> <span class='ocrx_word' id='word_1_236' title='bbox 286 2735 478 2811; x_wconf 87' lang='lat' dir='ltr'><strong>praeteritum</strong></span> <span class='ocrx_word' id='word_1_237' title='bbox 510 2736 540 2793; x_wconf 91' lang='lat' dir='ltr'><strong>in</strong></span> <span class='ocrx_word' id='word_1_238' title='bbox 570 2741 631 2794; x_wconf 91' lang='lat' dir='ltr'><strong>tres</strong></span> <span class='ocrx_word' id='word_1_239' title='bbox 659 2733 804 2795; x_wconf 90' lang='lat' dir='ltr'><strong>diuiditur</strong></span> <span class='ocrx_word' id='word_1_240' title='bbox 827 2734 956 2813; x_wconf 89' lang='lat' dir='ltr'><strong>speeies,</strong></span> <span class='ocrx_word' id='word_1_241' title='bbox 987 2733 1122 2812; x_wconf 83' lang='lat' dir='ltr'><strong>eoquod</strong></span> <span class='ocrx_word' id='word_1_242' title='bbox 1147 2735 1310 2812; x_wconf 89' lang='lat' dir='ltr'><strong>perlectum</strong></span> <span class='ocrx_word' id='word_1_243' title='bbox 1335 2745 1388 2793; x_wconf 89' lang='lat' dir='ltr'><strong>est.</strong></span> 
     </span>
     <span class='ocr_line' id='line_1_25' title="bbox 93 2834 1390 2913; baseline 0 -19"><span class='ocrx_word' id='word_1_244' title='bbox 93 2834 166 2894; x_wconf 90' lang='lat' dir='ltr'><strong>Nam</strong></span> <span class='ocrx_word' id='word_1_245' title='bbox 182 2851 246 2894; x_wconf 89' lang='lat' dir='ltr'><strong>rem</strong></span> <span class='ocrx_word' id='word_1_246' title='bbox 262 2843 413 2911; x_wconf 85' lang='lat' dir='ltr'><strong>peractam</strong></span> <span class='ocrx_word' id='word_1_247' title='bbox 435 2834 627 2896; x_wconf 88' lang='lat' dir='ltr'><strong>demonstrat.</strong></span> <span class='ocrx_word' id='word_1_248' title='bbox 673 2835 824 2913; x_wconf 88' lang='lat' dir='ltr'><strong>Siquidem</strong></span> <span class='ocrx_word' id='word_1_249' title='bbox 848 2834 990 2894; x_wconf 89' lang='lat' dir='ltr'><strong>diuiditur</strong></span> <span class='ocrx_word' id='word_1_250' title='bbox 1012 2834 1042 2892; x_wconf 91' lang='lat' dir='ltr'><strong>iu</strong></span> <span class='ocrx_word' id='word_1_251' title='bbox 1065 2835 1257 2912; x_wconf 90' lang='lat' dir='ltr'><strong>praeteritum</strong></span> <span class='ocrx_word' id='word_1_252' title='bbox 1280 2835 1390 2913; x_wconf 91' lang='lat' dir='ltr'><strong>imper·</strong></span> 
     </span>
     <span class='ocr_line' id='line_1_26' title="bbox 51 2934 1388 3015; baseline 0.001 -22"><span class='ocrx_word' id='word_1_253' title='bbox 51 2956 78 2993; x_wconf 77' lang='lat' dir='ltr'><strong>m</strong></span> <span class='ocrx_word' id='word_1_254' title='bbox 92 2936 202 2996; x_wconf 89' lang='lat' dir='ltr'><strong>lectum</strong></span> <span class='ocrx_word' id='word_1_255' title='bbox 226 2937 309 2995; x_wconf 90' lang='lat' dir='ltr'><strong>etin</strong></span> <span class='ocrx_word' id='word_1_256' title='bbox 332 2937 523 3015; x_wconf 89' lang='lat' dir='ltr'><strong>praeteritum</strong></span> <span class='ocrx_word' id='word_1_257' title='bbox 546 2936 711 3015; x_wconf 88' lang='lat' dir='ltr'><strong>perlectum</strong></span> <span class='ocrx_word' id='word_1_258' title='bbox 735 2946 765 2998; x_wconf 86' lang='lat' dir='ltr'><strong>et</strong></span> <span class='ocrx_word' id='word_1_259' title='bbox 786 2939 817 2996; x_wconf 93' lang='lat' dir='ltr'><strong>in</strong></span> <span class='ocrx_word' id='word_1_260' title='bbox 839 2936 1033 3015; x_wconf 87' lang='lat' dir='ltr'><strong>praeteritum</strong></span> <span class='ocrx_word' id='word_1_261' title='bbox 1056 2934 1388 3014; x_wconf 80' lang='lat' dir='ltr'><strong>plusquamperfectum.</strong></span> 
     </span>
     <span class='ocr_line' id='line_1_27' title="bbox 93 3035 1388 3117; baseline -0.002 -19"><span class='ocrx_word' id='word_1_262' title='bbox 93 3036 207 3098; x_wconf 78' lang='lat' dir='ltr'><strong>[licitur</strong></span> <span class='ocrx_word' id='word_1_263' title='bbox 230 3055 302 3116; x_wconf 80' lang='lat' dir='ltr'><strong>ergo</strong></span> <span class='ocrx_word' id='word_1_264' title='bbox 325 3040 517 3116; x_wconf 89' lang='lat' dir='ltr'><strong>praeteritum</strong></span> <span class='ocrx_word' id='word_1_265' title='bbox 537 3037 760 3115; x_wconf 80' lang='lat' dir='ltr'><strong>imperfectum,</strong></span> <span class='ocrx_word' id='word_1_266' title='bbox 785 3036 913 3117; x_wconf 87' lang='lat' dir='ltr'><strong>eoquod</strong></span> <span class='ocrx_word' id='word_1_267' title='bbox 934 3036 1140 3115; x_wconf 82' lang='lat' dir='ltr'><strong>imperfectam</strong></span> <span class='ocrx_word' id='word_1_268' title='bbox 1163 3055 1228 3097; x_wconf 89' lang='lat' dir='ltr'><strong>rem</strong></span> <span class='ocrx_word' id='word_1_269' title='bbox 1250 3035 1388 3097; x_wconf 89' lang='lat' dir='ltr'><strong>ostendit.</strong></span> 
     </span>
     <span class='ocr_line' id='line_1_28' title="bbox 92 3137 1388 3217; baseline -0.002 -18"><span class='ocrx_word' id='word_1_270' title='bbox 92 3137 182 3200; x_wconf 84' lang='lat' dir='ltr'><strong>Verbi</strong></span> <span class='ocrx_word' id='word_1_271' title='bbox 198 3140 307 3216; x_wconf 83' lang='lat' dir='ltr'><strong>gratia:</strong></span> <span class='ocrx_word' id='word_1_272' title='bbox 332 3137 414 3216; x_wconf 74' lang='lat' dir='ltr'><strong>‘quid</strong></span> <span class='ocrx_word' id='word_1_273' title='bbox 438 3138 567 3199; x_wconf 90' lang='lat' dir='ltr'><strong>iaciebas</strong></span> <span class='ocrx_word' id='word_1_274' title='bbox 589 3138 685 3199; x_wconf 80' lang='lat' dir='ltr'><strong>beril&#39;</strong></span> <span class='ocrx_word' id='word_1_275' title='bbox 724 3139 885 3217; x_wconf 77' lang='lat' dir='ltr'><strong>‘legebam</strong></span> <span class='ocrx_word' id='word_1_276' title='bbox 903 3157 1033 3207; x_wconf 87' lang='lat' dir='ltr'><strong>uersum,</strong></span> <span class='ocrx_word' id='word_1_277' title='bbox 1057 3137 1175 3217; x_wconf 87' lang='lat' dir='ltr'><strong>quando</strong></span> <span class='ocrx_word' id='word_1_278' title='bbox 1191 3155 1238 3198; x_wconf 93' lang='lat' dir='ltr'><strong>me</strong></span> <span class='ocrx_word' id='word_1_279' title='bbox 1254 3141 1388 3199; x_wconf 85' lang='lat' dir='ltr'><strong>uocasti.’</strong></span> 
     </span>
     <span class='ocr_line' id='line_1_29' title="bbox 91 3238 1388 3319; baseline -0.001 -17"><span class='ocrx_word' id='word_1_280' title='bbox 91 3241 164 3302; x_wconf 86' lang='lat' dir='ltr'><strong>Cum</strong></span> <span class='ocrx_word' id='word_1_281' title='bbox 188 3239 255 3300; x_wconf 90' lang='lat' dir='ltr'><strong>dico</strong></span> <span class='ocrx_word' id='word_1_282' title='bbox 278 3239 446 3318; x_wconf 77' lang='lat' dir='ltr'><strong>‘legebam’‚</strong></span> <span class='ocrx_word' id='word_1_283' title='bbox 474 3241 623 3318; x_wconf 84' lang='lat' dir='ltr'><strong>intelligis,</strong></span> <span class='ocrx_word' id='word_1_284' title='bbox 647 3259 695 3301; x_wconf 92' lang='lat' dir='ltr'><strong>me</strong></span> <span class='ocrx_word' id='word_1_285' title='bbox 718 3242 816 3318; x_wconf 82' lang='lat' dir='ltr'><strong>legere</strong></span> <span class='ocrx_word' id='word_1_286' title='bbox 840 3259 969 3308; x_wconf 89' lang='lat' dir='ltr'><strong>uersum,</strong></span> <span class='ocrx_word' id='word_1_287' title='bbox 993 3238 1044 3299; x_wconf 91' lang='lat' dir='ltr'><strong>sed</strong></span> <span class='ocrx_word' id='word_1_288' title='bbox 1068 3239 1103 3299; x_wconf 90' lang='lat' dir='ltr'><strong>ad</strong></span> <span class='ocrx_word' id='word_1_289' title='bbox 1127 3240 1216 3300; x_wconf 90' lang='lat' dir='ltr'><strong>llnem</strong></span> <span class='ocrx_word' id='word_1_290' title='bbox 1241 3258 1298 3299; x_wconf 92' lang='lat' dir='ltr'><strong>non</strong></span> <span class='ocrx_word' id='word_1_291' title='bbox 1322 3259 1388 3319; x_wconf 90' lang='lat' dir='ltr'><strong>per·</strong></span> 
     </span>
     <span class='ocr_line' id='line_1_30' title="bbox 91 3336 1389 3421; baseline 0.002 -20"><span class='ocrx_word' id='word_1_292' title='bbox 91 3341 199 3402; x_wconf 87' lang='lat' dir='ltr'><strong>iecisse</strong></span> <span class='ocrx_word' id='word_1_293' title='bbox 228 3349 257 3400; x_wconf 91' lang='lat' dir='ltr'><strong>ot</strong></span> <span class='ocrx_word' id='word_1_294' title='bbox 286 3340 354 3401; x_wconf 92' lang='lat' dir='ltr'><strong>ideo</strong></span> <span class='ocrx_word' id='word_1_295' title='bbox 380 3342 586 3421; x_wconf 79' lang='lat' dir='ltr'><strong>imperfectum</strong></span> <span class='ocrx_word' id='word_1_296' title='bbox 612 3361 677 3403; x_wconf 76' lang='lat' dir='ltr'><strong>esse</strong></span> <span class='ocrx_word' id='word_1_297' title='bbox 699 3343 814 3403; x_wconf 89' lang='lat' dir='ltr'><strong>dicitur.</strong></span> <span class='ocrx_word' id='word_1_298' title='bbox 860 3342 1058 3402; x_wconf 86' lang='lat' dir='ltr'><strong>Praeteritum</strong></span> <span class='ocrx_word' id='word_1_299' title='bbox 1083 3340 1245 3420; x_wconf 88' lang='lat' dir='ltr'><strong>perlectum</strong></span> <span class='ocrx_word' id='word_1_300' title='bbox 1270 3336 1389 3412; x_wconf 75' lang='lat' dir='ltr'><strong>dicitur,</strong></span> 
     </span>
     <span class='ocr_line' id='line_1_31' title="bbox 52 3441 1388 3524; baseline 0.001 -22"><span class='ocrx_word' id='word_1_301' title='bbox 52 3462 129 3505; x_wconf 78' lang='lat' dir='ltr'><strong>roeo</strong></span> <span class='ocrx_word' id='word_1_302' title='bbox 150 3443 229 3523; x_wconf 89' lang='lat' dir='ltr'><strong>quod</strong></span> <span class='ocrx_word' id='word_1_303' title='bbox 252 3444 414 3520; x_wconf 87' lang='lat' dir='ltr'><strong>perlectam</strong></span> <span class='ocrx_word' id='word_1_304' title='bbox 438 3453 467 3505; x_wconf 92' lang='lat' dir='ltr'><strong>et</strong></span> <span class='ocrx_word' id='word_1_305' title='bbox 489 3446 681 3524; x_wconf 89' lang='lat' dir='ltr'><strong>praeteritam</strong></span> <span class='ocrx_word' id='word_1_306' title='bbox 704 3462 767 3505; x_wconf 91' lang='lat' dir='ltr'><strong>rem</strong></span> <span class='ocrx_word' id='word_1_307' title='bbox 792 3443 984 3510; x_wconf 89' lang='lat' dir='ltr'><strong>demonstrat,</strong></span> <span class='ocrx_word' id='word_1_308' title='bbox 1009 3451 1055 3502; x_wconf 90' lang='lat' dir='ltr'><strong>ut:</strong></span> <span class='ocrx_word' id='word_1_309' title='bbox 1079 3441 1162 3519; x_wconf 76' lang='lat' dir='ltr'><strong>‘quid</strong></span> <span class='ocrx_word' id='word_1_310' title='bbox 1179 3442 1275 3502; x_wconf 84' lang='lat' dir='ltr'><strong>iecisti</strong></span> <span class='ocrx_word' id='word_1_311' title='bbox 1290 3443 1388 3503; x_wconf 84' lang='lat' dir='ltr'><strong>beril&#39;</strong></span> 
     </span>
     <span class='ocr_line' id='line_1_32' title="bbox 90 3543 1388 3625; baseline 0.002 -22"><span class='ocrx_word' id='word_1_312' title='bbox 90 3543 175 3622; x_wconf 80' lang='lat' dir='ltr'><strong>‘Legi</strong></span> <span class='ocrx_word' id='word_1_313' title='bbox 206 3548 350 3613; x_wconf 84' lang='lat' dir='ltr'><strong>uersum&#39;,</strong></span> <span class='ocrx_word' id='word_1_314' title='bbox 386 3552 415 3604; x_wconf 92' lang='lat' dir='ltr'><strong>et</strong></span> <span class='ocrx_word' id='word_1_315' title='bbox 445 3563 538 3625; x_wconf 91' lang='lat' dir='ltr'><strong>usque</strong></span> <span class='ocrx_word' id='word_1_316' title='bbox 567 3544 603 3605; x_wconf 95' lang='lat' dir='ltr'><strong>ad</strong></span> <span class='ocrx_word' id='word_1_317' title='bbox 632 3545 722 3606; x_wconf 89' lang='lat' dir='ltr'><strong>linem</strong></span> <span class='ocrx_word' id='word_1_318' title='bbox 751 3544 886 3624; x_wconf 82' lang='lat' dir='ltr'><strong>perduxi.</strong></span> <span class='ocrx_word' id='word_1_319' title='bbox 937 3544 1133 3605; x_wconf 89' lang='lat' dir='ltr'><strong>Praeteritum</strong></span> <span class='ocrx_word' id='word_1_320' title='bbox 1162 3543 1388 3625; x_wconf 89' lang='lat' dir='ltr'><strong>plusquamper-</strong></span> 
     </span>
     <span class='ocr_line' id='line_1_33' title="bbox 73 3645 1388 3726; baseline -0.001 -19"><span class='ocrx_word' id='word_1_321' title='bbox 73 3646 201 3707; x_wconf 74' lang='lat' dir='ltr'><strong>tenum</strong></span> <span class='ocrx_word' id='word_1_322' title='bbox 230 3646 354 3715; x_wconf 88' lang='lat' dir='ltr'><strong>dicitur,</strong></span> <span class='ocrx_word' id='word_1_323' title='bbox 385 3645 502 3726; x_wconf 87' lang='lat' dir='ltr'><strong>quando</strong></span> <span class='ocrx_word' id='word_1_324' title='bbox 532 3649 609 3707; x_wconf 93' lang='lat' dir='ltr'><strong>actio</strong></span> <span class='ocrx_word' id='word_1_325' title='bbox 632 3655 732 3708; x_wconf 90' lang='lat' dir='ltr'><strong>nostra</strong></span> <span class='ocrx_word' id='word_1_326' title='bbox 755 3648 814 3708; x_wconf 92' lang='lat' dir='ltr'><strong>iam</strong></span> <span class='ocrx_word' id='word_1_327' title='bbox 836 3646 1042 3713; x_wconf 89' lang='lat' dir='ltr'><strong>inueterascit,</strong></span> <span class='ocrx_word' id='word_1_328' title='bbox 1071 3653 1117 3706; x_wconf 90' lang='lat' dir='ltr'><strong>ut:</strong></span> <span class='ocrx_word' id='word_1_329' title='bbox 1162 3645 1246 3724; x_wconf 80' lang='lat' dir='ltr'><strong>‘quid</strong></span> <span class='ocrx_word' id='word_1_330' title='bbox 1276 3647 1388 3706; x_wconf 83' lang='lat' dir='ltr'><strong>ieceras</strong></span> 
     </span>
     <span class='ocr_line' id='line_1_34' title="bbox 89 3747 1386 3827; baseline 0.001 -20"><span class='ocrx_word' id='word_1_331' title='bbox 89 3748 187 3809; x_wconf 87' lang='lat' dir='ltr'><strong>intua</strong></span> <span class='ocrx_word' id='word_1_332' title='bbox 208 3748 362 3810; x_wconf 84' lang='lat' dir='ltr'><strong>iniantial&#39;</strong></span> <span class='ocrx_word' id='word_1_333' title='bbox 402 3747 580 3827; x_wconf 80' lang='lat' dir='ltr'><strong>‘legeram&#39;</strong></span> <span class='ocrx_word' id='word_1_334' title='bbox 617 3749 762 3810; x_wconf 85' lang='lat' dir='ltr'><strong>Futurum</strong></span> <span class='ocrx_word' id='word_1_335' title='bbox 785 3751 861 3809; x_wconf 88' lang='lat' dir='ltr'><strong>sicut</strong></span> <span class='ocrx_word' id='word_1_336' title='bbox 883 3756 912 3808; x_wconf 93' lang='lat' dir='ltr'><strong>et</strong></span> <span class='ocrx_word' id='word_1_337' title='bbox 934 3766 1075 3826; x_wconf 90' lang='lat' dir='ltr'><strong>praesens</strong></span> <span class='ocrx_word' id='word_1_338' title='bbox 1097 3747 1221 3826; x_wconf 84' lang='lat' dir='ltr'><strong>simplex</strong></span> <span class='ocrx_word' id='word_1_339' title='bbox 1244 3757 1386 3808; x_wconf 88' lang='lat' dir='ltr'><strong>remanet.</strong></span> 
     </span>
     <span class='ocr_line' id='line_1_35' title="bbox 90 3848 1542 3928; baseline -0.001 -18"><span class='ocrx_word' id='word_1_340' title='bbox 90 3849 182 3910; x_wconf 77' lang='lat' dir='ltr'><strong>uba</strong></span> <span class='ocrx_word' id='word_1_341' title='bbox 199 3849 503 3913; x_wconf 88' lang='lat' dir='ltr'><strong>declinationem.</strong></span> <span class='ocrx_word' id='word_1_342' title='bbox 533 3851 572 3911; x_wconf 78' lang='lat' dir='ltr'><strong>lla</strong></span> <span class='ocrx_word' id='word_1_343' title='bbox 587 3852 615 3909; x_wconf 91' lang='lat' dir='ltr'><strong>·i·</strong></span> <span class='ocrx_word' id='word_1_344' title='bbox 630 3850 685 3919; x_wconf 91' lang='lat' dir='ltr'><strong>dic,</strong></span> <span class='ocrx_word' id='word_1_345' title='bbox 700 3852 775 3910; x_wconf 91' lang='lat' dir='ltr'><strong>sicut</strong></span> <span class='ocrx_word' id='word_1_346' title='bbox 787 3849 913 3928; x_wconf 77' lang='lat' dir='ltr'><strong>‘accipe&#39;</strong></span> <span class='ocrx_word' id='word_1_347' title='bbox 927 3867 981 3928; x_wconf 93' lang='lat' dir='ltr'><strong>pro</strong></span> <span class='ocrx_word' id='word_1_348' title='bbox 995 3849 1074 3909; x_wconf 89' lang='lat' dir='ltr'><strong>audi.</strong></span> <span class='ocrx_word' id='word_1_349' title='bbox 1104 3848 1263 3919; x_wconf 84' lang='lat' dir='ltr'><strong>Dictum,</strong></span> <span class='ocrx_word' id='word_1_350' title='bbox 1278 3850 1307 3909; x_wconf 91' lang='lat' dir='ltr'><strong>·i·</strong></span> <span class='ocrx_word' id='word_1_351' title='bbox 1318 3867 1387 3927; x_wconf 91' lang='lat' dir='ltr'><strong>pro·</strong></span> <span class='ocrx_word' id='word_1_352' title='bbox 1400 3868 1450 3918; x_wconf 84' lang='lat' dir='ltr'><strong>sao,</strong></span> <span class='ocrx_word' id='word_1_353' title='bbox 1466 3869 1498 3908; x_wconf 81' lang='lat' dir='ltr'><strong>m</strong></span> <span class='ocrx_word' id='word_1_354' title='bbox 1517 3869 1542 3908; x_wconf 75' lang='lat' dir='ltr'><strong>ro</strong></span> 
     </span>
    </p>
   </div>
   <div class='ocr_carea' id='block_1_3' title="bbox 51 3948 1633 4031">
    <p class='ocr_par' dir='ltr' id='par_1_3' title="bbox 51 3948 1633 4031">
     <span class='ocr_line' id='line_1_36' title="bbox 51 3948 1633 4031; baseline 0 -22"><span class='ocrx_word' id='word_1_355' title='bbox 51 3968 78 4009; x_wconf 80' lang='lat' dir='ltr'><strong>sa</strong></span> <span class='ocrx_word' id='word_1_356' title='bbox 92 3952 271 4012; x_wconf 85' lang='lat' dir='ltr'><strong>nuntiatum.</strong></span> <span class='ocrx_word' id='word_1_357' title='bbox 294 3948 372 4021; x_wconf 86' lang='lat' dir='ltr'><strong>Sic,</strong></span> <span class='ocrx_word' id='word_1_358' title='bbox 388 3953 416 4010; x_wconf 91' lang='lat' dir='ltr'><strong>·i·</strong></span> <span class='ocrx_word' id='word_1_359' title='bbox 430 3951 480 4011; x_wconf 90' lang='lat' dir='ltr'><strong>tall</strong></span> <span class='ocrx_word' id='word_1_360' title='bbox 493 3951 589 4022; x_wconf 89' lang='lat' dir='ltr'><strong>modo,</strong></span> <span class='ocrx_word' id='word_1_361' title='bbox 603 3950 653 4011; x_wconf 91' lang='lat' dir='ltr'><strong>tali</strong></span> <span class='ocrx_word' id='word_1_362' title='bbox 666 3954 790 4013; x_wconf 89' lang='lat' dir='ltr'><strong>ratione.</strong></span> <span class='ocrx_word' id='word_1_363' title='bbox 815 3950 990 4031; x_wconf 88' lang='lat' dir='ltr'><strong>Optatiuo</strong></span> <span class='ocrx_word' id='word_1_364' title='bbox 1006 3949 1125 4020; x_wconf 92' lang='lat' dir='ltr'><strong>modo,</strong></span> <span class='ocrx_word' id='word_1_365' title='bbox 1138 3951 1247 4010; x_wconf 83' lang='lat' dir='ltr'><strong>trtinam</strong></span> <span class='ocrx_word' id='word_1_366' title='bbox 1257 3950 1386 4029; x_wconf 78' lang='lat' dir='ltr'><strong>legerem</strong></span> <span class='ocrx_word' id='word_1_367' title='bbox 1401 3972 1451 4018; x_wconf 83' lang='lat' dir='ltr'><strong>eoo,</strong></span> <span class='ocrx_word' id='word_1_368' title='bbox 1467 3971 1497 4010; x_wconf 87' lang='lat' dir='ltr'><strong>n.</strong></span> <span class='ocrx_word' id='word_1_369' title='bbox 1516 3972 1541 4010; x_wconf 81' lang='lat' dir='ltr'><strong>aa</strong></span> <span class='ocrx_word' id='word_1_370' title='bbox 1631 3958 1633 3968; x_wconf 58' lang='lat'><em>¹</em></span> 
     </span>
    </p>
   </div>
   <div class='ocr_carea' id='block_1_4' title="bbox 92 4051 1540 4234">
    <p class='ocr_par' dir='ltr' id='par_1_4' title="bbox 92 4051 1540 4234">
     <span class='ocr_line' id='line_1_37' title="bbox 92 4051 1388 4131; baseline 0 -17"><span class='ocrx_word' id='word_1_371' title='bbox 92 4053 180 4114; x_wconf 91' lang='lat' dir='ltr'><strong>modo</strong></span> <span class='ocrx_word' id='word_1_372' title='bbox 196 4062 226 4114; x_wconf 91' lang='lat' dir='ltr'><strong>et</strong></span> <span class='ocrx_word' id='word_1_373' title='bbox 242 4055 353 4114; x_wconf 78' lang='lat' dir='ltr'><strong>abnam</strong></span> <span class='ocrx_word' id='word_1_374' title='bbox 374 4054 504 4129; x_wconf 85' lang='lat' dir='ltr'><strong>legerem</strong></span> <span class='ocrx_word' id='word_1_375' title='bbox 527 4051 607 4122; x_wconf 86' lang='lat' dir='ltr'><strong>beri,</strong></span> <span class='ocrx_word' id='word_1_376' title='bbox 629 4055 740 4114; x_wconf 88' lang='lat' dir='ltr'><strong>utinam</strong></span> <span class='ocrx_word' id='word_1_377' title='bbox 757 4052 894 4131; x_wconf 80' lang='lat' dir='ltr'><strong>legissem</strong></span> <span class='ocrx_word' id='word_1_378' title='bbox 911 4051 976 4112; x_wconf 88' lang='lat' dir='ltr'><strong>beri</strong></span> <span class='ocrx_word' id='word_1_379' title='bbox 993 4058 1022 4112; x_wconf 92' lang='lat' dir='ltr'><strong>et</strong></span> <span class='ocrx_word' id='word_1_380' title='bbox 1037 4053 1150 4112; x_wconf 89' lang='lat' dir='ltr'><strong>utinam</strong></span> <span class='ocrx_word' id='word_1_381' title='bbox 1166 4051 1304 4130; x_wconf 78' lang='lat' dir='ltr'><strong>legissem</strong></span> <span class='ocrx_word' id='word_1_382' title='bbox 1321 4063 1388 4114; x_wconf 91' lang='lat' dir='ltr'><strong>anto</strong></span> 
     </span>
     <span class='ocr_line' id='line_1_38' title="bbox 93 4152 1540 4234; baseline -0.001 -22"><span class='ocrx_word' id='word_1_383' title='bbox 93 4154 263 4234; x_wconf 82' lang='lat' dir='ltr'><strong>qirindecim</strong></span> <span class='ocrx_word' id='word_1_384' title='bbox 275 4173 379 4216; x_wconf 91' lang='lat' dir='ltr'><strong>annos.</strong></span> <span class='ocrx_word' id='word_1_385' title='bbox 403 4155 485 4216; x_wconf 89' lang='lat' dir='ltr'><strong>Cum</strong></span> <span class='ocrx_word' id='word_1_386' title='bbox 502 4154 784 4232; x_wconf 82' lang='lat' dir='ltr'><strong>legam,intelligo;</strong></span> <span class='ocrx_word' id='word_1_387' title='bbox 801 4173 878 4215; x_wconf 91' lang='lat' dir='ltr'><strong>cum</strong></span> <span class='ocrx_word' id='word_1_388' title='bbox 892 4152 1064 4232; x_wconf 77' lang='lat' dir='ltr'><strong>legerem,</strong></span> <span class='ocrx_word' id='word_1_389' title='bbox 1077 4152 1292 4231; x_wconf 69' lang='lat' dir='ltr'><strong>intelligebam</strong></span> <span class='ocrx_word' id='word_1_390' title='bbox 1309 4174 1387 4217; x_wconf 91' lang='lat' dir='ltr'><strong>oum</strong></span> <span class='ocrx_word' id='word_1_391' title='bbox 1402 4173 1447 4221; x_wconf 84' lang='lat' dir='ltr'><strong>eoo,</strong></span> <span class='ocrx_word' id='word_1_392' title='bbox 1461 4173 1493 4214; x_wconf 81' lang='lat' dir='ltr'><strong>aa.</strong></span> <span class='ocrx_word' id='word_1_393' title='bbox 1508 4172 1540 4212; x_wconf 80' lang='lat' dir='ltr'><strong>ss.</strong></span> 
     </span>
    </p>
   </div>
   <div class='ocr_carea' id='block_1_5' title="bbox 91 4253 1490 4356">
    <p class='ocr_par' dir='ltr' id='par_1_5' title="bbox 91 4253 1490 4356">
     <span class='ocr_line' id='line_1_39' title="bbox 91 4253 1490 4356; baseline 0.001 -39"><span class='ocrx_word' id='word_1_394' title='bbox 91 4256 417 4334; x_wconf 80' lang='lat' dir='ltr'><strong>legerim,intellexi;</strong></span> <span class='ocrx_word' id='word_1_395' title='bbox 434 4253 948 4334; x_wconf 80' lang='lat' dir='ltr'><strong>crimlegissem,intellexeram;</strong></span> <span class='ocrx_word' id='word_1_396' title='bbox 965 4274 1043 4317; x_wconf 90' lang='lat' dir='ltr'><strong>cum</strong></span> <span class='ocrx_word' id='word_1_397' title='bbox 1060 4254 1490 4356; x_wconf 61' lang='lat' dir='ltr'><strong>legero‚iutelligam.}g‘1³3}⁰</strong></span> 
     </span>
    </p>
   </div>
   <div class='ocr_carea' id='block_1_6' title="bbox 92 4357 1511 4436">
    <p class='ocr_par' dir='ltr' id='par_1_6' title="bbox 92 4357 1511 4436">
     <span class='ocr_line' id='line_1_40' title="bbox 92 4357 1511 4436; baseline -0.001 -19"><span class='ocrx_word' id='word_1_398' title='bbox 92 4357 301 4419; x_wconf 89' lang='lat' dir='ltr'><strong>luliuitiuo</strong></span> <span class='ocrx_word' id='word_1_399' title='bbox 323 4358 428 4418; x_wconf 94' lang='lat' dir='ltr'><strong>modo</strong></span> <span class='ocrx_word' id='word_1_400' title='bbox 450 4365 615 4436; x_wconf 83' lang='lat' dir='ltr'><strong>ternpore</strong></span> <span class='ocrx_word' id='word_1_401' title='bbox 645 4359 839 4436; x_wconf 88' lang='lat' dir='ltr'><strong>praesenti</strong></span> <span class='ocrx_word' id='word_1_402' title='bbox 867 4367 903 4418; x_wconf 88' lang='lat' dir='ltr'><strong>et</strong></span> <span class='ocrx_word' id='word_1_403' title='bbox 927 4358 1137 4434; x_wconf 88' lang='lat' dir='ltr'><strong>praeterito</strong></span> <span class='ocrx_word' id='word_1_404' title='bbox 1158 4357 1511 4436; x_wconf 75' lang='lat' dir='ltr'><strong>imperiectoeei,a.e</strong></span> 
     </span>
    </p>
   </div>
   <div class='ocr_carea' id='block_1_7' title="bbox 92 4560 314 4569">
    <p class='ocr_par' dir='ltr' id='par_1_7' title="bbox 92 4560 314 4569">
     <span class='ocr_line' id='line_1_41' title="bbox 92 4560 314 4569; baseline 0 -2"><span class='ocrx_word' id='word_1_405' title='bbox 92 4560 314 4569; x_wconf 74' lang='lat'><em>--—....-—.</em></span> 
     </span>
    </p>
   </div>
   <div class='ocr_carea' id='block_1_8' title="bbox 90 4709 1386 4847">
    <p class='ocr_par' dir='ltr' id='par_1_8' title="bbox 90 4709 1386 4847">
     <span class='ocr_line' id='line_1_42' title="bbox 158 4709 1386 4779; baseline 0.002 -16"><span class='ocrx_word' id='word_1_406' title='bbox 158 4716 174 4764; x_wconf 87' lang='grc'><strong>3</strong></span> <span class='ocrx_word' id='word_1_407' title='bbox 193 4713 296 4777; x_wconf 89' lang='lat' dir='ltr'><strong>quidam</strong></span> <span class='ocrx_word' id='word_1_408' title='bbox 314 4709 399 4778; x_wconf 88' lang='lat' dir='ltr'><strong>poeta]</strong></span> <span class='ocrx_word' id='word_1_409' title='bbox 418 4713 453 4776; x_wconf 80' lang='lat' dir='ltr'><strong>cf.</strong></span> <span class='ocrx_word' id='word_1_410' title='bbox 471 4712 537 4764; x_wconf 82' lang='lat' dir='ltr'><strong>laid.</strong></span> <span class='ocrx_word' id='word_1_411' title='bbox 556 4713 614 4779; x_wconf 70' lang='lat' dir='ltr'><strong>diff.</strong></span> <span class='ocrx_word' id='word_1_412' title='bbox 632 4715 684 4764; x_wconf 83' lang='lat'><strong>398</strong></span> <span class='ocrx_word' id='word_1_413' title='bbox 701 4720 760 4764; x_wconf 86' lang='lat' dir='ltr'><strong>tom.</strong></span> <span class='ocrx_word' id='word_1_414' title='bbox 781 4712 809 4763; x_wconf 87' lang='lat' dir='ltr'><em>V</em></span> <span class='ocrx_word' id='word_1_415' title='bbox 822 4729 848 4777; x_wconf 85' lang='lat' dir='ltr'><strong>p.</strong></span> <span class='ocrx_word' id='word_1_416' title='bbox 867 4716 901 4762; x_wconf 81' lang='lat'><strong>52</strong></span> <span class='ocrx_word' id='word_1_417' title='bbox 921 4712 1027 4763; x_wconf 81' lang='lat' dir='ltr'><strong>Areuot.</strong></span> <span class='ocrx_word' id='word_1_418' title='bbox 1104 4715 1135 4763; x_wconf 79' lang='lat'><strong>14</strong></span> <span class='ocrx_word' id='word_1_419' title='bbox 1153 4715 1236 4778; x_wconf 79' lang='lat' dir='ltr'><strong>grecis</strong></span> <span class='ocrx_word' id='word_1_420' title='bbox 1255 4715 1386 4765; x_wconf 84' lang='lat' dir='ltr'><strong>aorismon</strong></span> 
     </span>
     <span class='ocr_line' id='line_1_43' title="bbox 90 4778 1280 4847; baseline 0.002 -16"><span class='ocrx_word' id='word_1_421' title='bbox 90 4782 124 4832; x_wconf 76' lang='lat'><strong>20</strong></span> <span class='ocrx_word' id='word_1_422' title='bbox 141 4794 206 4844; x_wconf 87' lang='lat' dir='ltr'><strong>qnae</strong></span> <span class='ocrx_word' id='word_1_423' title='bbox 224 4783 266 4831; x_wconf 90' lang='lat' dir='ltr'><strong>die</strong></span> <span class='ocrx_word' id='word_1_424' title='bbox 287 4782 379 4831; x_wconf 85' lang='lat' dir='ltr'><strong>cotidie</strong></span> <span class='ocrx_word' id='word_1_425' title='bbox 464 4783 497 4832; x_wconf 81' lang='lat'><strong>34</strong></span> <span class='ocrx_word' id='word_1_426' title='bbox 520 4782 586 4831; x_wconf 86' lang='lat' dir='ltr'><strong>siem</strong></span> <span class='ocrx_word' id='word_1_427' title='bbox 603 4778 703 4847; x_wconf 80' lang='lat' dir='ltr'><strong>accipe]</strong></span> <span class='ocrx_word' id='word_1_428' title='bbox 727 4782 763 4844; x_wconf 84' lang='lat' dir='ltr'><strong>es.</strong></span> <span class='ocrx_word' id='word_1_429' title='bbox 780 4781 859 4833; x_wconf 75' lang='lat' dir='ltr'><strong>codol.</strong></span> <span class='ocrx_word' id='word_1_430' title='bbox 878 4779 960 4832; x_wconf 83' lang='lat' dir='ltr'><strong>Bern.</strong></span> <span class='ocrx_word' id='word_1_431' title='bbox 979 4783 1015 4832; x_wconf 85' lang='lat' dir='ltr'><strong>ad</strong></span> <span class='ocrx_word' id='word_1_432' title='bbox 1032 4783 1081 4832; x_wconf 86' lang='lat' dir='ltr'><strong>eci.</strong></span> <span class='ocrx_word' id='word_1_433' title='bbox 1099 4781 1116 4831; x_wconf 88' lang='lat'><em>1</em></span> <span class='ocrx_word' id='word_1_434' title='bbox 1135 4784 1167 4831; x_wconf 83' lang='grc'><strong>19</strong></span> <span class='ocrx_word' id='word_1_435' title='bbox 1183 4800 1210 4847; x_wconf 87' lang='lat' dir='ltr'><strong>p.</strong></span> <span class='ocrx_word' id='word_1_436' title='bbox 1231 4786 1280 4833; x_wconf 83' lang='lat'><strong>751</strong></span> 
     </span>
    </p>
   </div>
   <div class='ocr_carea' id='block_1_9' title="bbox 115 4863 1184 4916">
    <p class='ocr_par' dir='ltr' id='par_1_9' title="bbox 115 4863 1184 4916">
     <span class='ocr_line' id='line_1_44' title="bbox 115 4863 1184 4916; baseline 0.009 -10"><span class='ocrx_word' id='word_1_437' title='bbox 115 4863 211 4906; x_wconf 75' lang='lat' dir='ltr'><strong>Genu.</strong></span> <span class='ocrx_word' id='word_1_438' title='bbox 223 4872 277 4909; x_wconf 78' lang='lat' dir='ltr'><strong>nar,</strong></span> <span class='ocrx_word' id='word_1_439' title='bbox 290 4866 373 4909; x_wconf 76' lang='lat' dir='ltr'><strong>surra.</strong></span> <span class='ocrx_word' id='word_1_440' title='bbox 1154 4868 1184 4916; x_wconf 83' lang='lat'><strong>14</strong></span> 
     </span>
    </p>
   </div>
   <div class='ocr_carea' id='block_1_10' title="bbox 0 0 1714 5378">
    <p class='ocr_par' dir='ltr' id='par_1_10' title="bbox 0 0 1714 5378">
     <span class='ocr_line' id='line_1_45' title="bbox 0 0 1714 5378; baseline 0 2"><span class='ocrx_word' id='word_1_441' title='bbox 0 0 1714 5378; x_wconf 95' lang='lat' dir='ltr'><strong> </strong></span> 
     </span>
    </p>
   </div>
  </div>
 </body>
</html>
