3420 5378
192 280 254 345 136
713 277 780 330 aas
798 277 973 331 anonrua

190 470 275 529 Sicut
296 474 356 529 est:
387 485 455 544 ego
477 469 573 546 ipse,
598 464 799 543 Virgilius,
829 468 890 542 qni
915 466 1094 543 quondam
1117 466 1252 544 gracili
1276 466 1498 529 modulatus

190 587 318 631 atiena.
364 567 437 630 ltern
460 571 559 630 minus
583 585 672 645 quam
694 567 825 637 linitura,
849 567 968 647 quando
990 566 1028 629 de
1044 566 1168 629 absente
1184 567 1306 629 dicitur:
1332 569 1497 648 ‘Virgilius

190 673 312 750 scripsit
334 668 487 740 bucolica,
511 672 575 747 ipse
597 671 719 748 scripsit
740 669 907 746 Georgica’.
939 670 1004 730 alia
1027 672 1203 748 pronomina
1225 672 1325 748 gentis
1348 677 1436 739 sunt,
1460 680 1494 732 ut

192 774 272 834 cuias
295 778 411 832 nostras
434 779 463 832 et
485 773 597 832 cuiates
620 771 780 839 nostrates,
812 769 848 830 de
876 768 985 850 quibus
1009 770 1231 831 Priscianus
1252 769 1341 833 dicit:
1380 789 1494 852 prono·

192 877 272 936 mina
300 881 371 935 sunt
397 874 566 933 communia
595 875 686 934 trium
715 890 859 951 generum
883 881 912 932 et
934 873 1041 933 tertiae
1069 870 1293 943 declinationis,
1323 879 1359 934 ut
1386 871 1439 934 bic
1465 882 1518 935 eta

191 977 265 1037 haec
294 982 324 1035 et
356 973 413 1034 boc
445 981 562 1034 nostras
591 976 734 1035 nostratis
757 980 786 1034 et
813 973 863 1034 liic
891 981 921 1032 ct
949 974 1021 1034 baec
1050 982 1079 1034 et
1108 971 1166 1033 boc
1192 981 1308 1034 uestras
1340 977 1492 1035 destruis

191 1078 313 1139 Nostras
336 1093 408 1152 ergo
432 1084 461 1136 et
483 1083 599 1136 uestras
623 1077 790 1135 commnnia
814 1083 883 1135 sunt
906 1076 994 1134 trium
1017 1090 1172 1151 generum.
1218 1075 1291 1134 ltem
1314 1077 1399 1137 cuias
1420 1095 1492 1156 pro·

192 1197 299 1241 nornen
322 1178 574 1257 praepositinum‚
599 1179 676 1238 sicut
700 1174 886 1253 Virgilius
908 1175 1046 1246 ostendit,
1065 1184 1109 1237 ut:
1134 1179 1230 1238 ‘cuias
1245 1184 1291 1238 est
1305 1179 1364 1238 iste
1379 1175 1492 1246 bomo’;

191 1281 442 1343 subiunclatiunm
473 1288 571 1338 autern
600 1296 766 1357 pronomen
795 1286 840 1338 est
867 1284 983 1338 nostras
1012 1285 1042 1337 et
1069 1286 1193 1339 uestras.
1237 1278 1373 1339 Dicimus
1395 1280 1490 1340 enlm:

193 1386 324 1442 ‘nostras
346 1389 391 1442 est
413 1382 470 1440 istc
494 1380 605 1440 lromo'.
650 1377 739 1440 Verbi
761 1379 870 1456 gratia,
893 1380 919 1438 si
942 1396 989 1438 me
1013 1381 1181 1458 interrogas
1202 1380 1239 1440 de
1253 1379 1374 1441 Latino:
1398 1382 1525 1441 ‘cuiaso

192 1485 259 1550 est',
276 1491 325 1543 ant
340 1482 376 1542 de
393 1482 503 1551 llauro,
519 1481 587 1543 dico
604 1480 672 1541 tibi:
696 1481 826 1540 ‘nostras
841 1489 886 1540 est
901 1483 957 1541 iste
973 1479 1115 1551 Latinus,
1135 1483 1264 1542 ‘arescas
1279 1489 1324 1542 cst
1339 1483 1398 1542 iste
1412 1481 1492 1542 blau·

192 1585 266 1645 rus’.
310 1583 382 1643 ltern
407 1582 615 1662 Papcrinus
637 1580 709 1642 dicit
731 1581 767 1641 de
783 1581 829 1643 his
844 1581 1086 1660 pronominibus:
1116 1585 1269 1644 ‘cuiatis
1291 1594 1382 1647 sunt
1404 1583 1493 1644 llaec

192 1684 408 1763 mancipial’
432 1683 720 1763 respondemus:
744 1685 948 1744 ‘nostratia
971 1687 1086 1744 sarnt’.
1109 1683 1181 1743 irem
1194 1683 1493 1762 Virgiliusdebis

193 1783 420 1866 pronominibus
436 1785 528 1848 dixit:
558 1794 644 1845 sunt
671 1787 890 1864 pronomina
918 1783 1116 1844 secundum
1146 1792 1347 1865 utrumque
1370 1803 1493 1847 nume·

194 1905 280 1955 rum,
297 1904 391 1966 quae
414 1905 479 1966 per
501 1894 678 1966 quattuor
700 1903 808 1947 casus
830 1885 1081 1954 declinantur,
1106 1894 1143 1946 ut
1165 1888 1271 1947 cuias
1293 1887 1439 1948 cuiatis
1461 1896 1524 1948 etti

195 1990 428 2049 nonrinatiuo
457 1987 600 2067 plurali
633 1989 776 2048 cuiates
803 1997 837 2048 et
865 1989 1005 2048 curialia
1034 1997 1068 2047 et
1095 1988 1315 2049 accusation
1354 1985 1495 2067 plurali

195 2093 355 2158 cuiatcs;
379 2090 432 2149 sic
449 2090 557 2150 etiam
574 2097 723 2149 nostras
740 2090 924 2150 nostratis
938 2098 973 2148 et
988 2097 1177 2150 nostrates
1192 2097 1396 2150 nostrates.
1421 2089 1496 2150 llinc

195 2191 539 2270 legiturr'nVirgilioz
565 2193 850 2252 nostrasomnis
873 2189 1029 2259 lamilia,
1053 2199 1243 2251 nostrates
1265 2207 1414 2269 quoque
1436 2208 1497 2269 pe·

197 2310 282 2353 cora
306 2291 467 2353 suadent
495 2291 720 2353 inminentia
748 2290 944 2354 hostilium
974 2290 1153 2370 pericula.
1198 2292 1386 2353 Garrinus
1408 2309 1497 2371 qno·

198 2411 267 2475 (pue
290 2396 557 2470 grammaticus
585 2395 723 2471 inquit:
748 2399 938 2454 nostrates
966 2391 1131 2454 salutate
1159 2393 1315 2463 iratres,
1349 2395 1442 2473 quia
1465 2401 1529 2454 eta

199 2503 392 2555 nostrates
414 2513 478 2554 uos
502 2493 677 2555 salutant.
721 2493 922 2554 Terentius
953 2511 1100 2574 quoque
1130 2493 1244 2554 dixit:
1273 2496 1382 2556 cuias
1408 2512 1500 2573 geos

199 2605 236 2656 et
258 2598 408 2657 cuiates
430 2594 558 2677 populi
580 2592 591 2677 ll
615 2595 636 2656 l.
654 2592 735 2655 114¹>
760 2592 772 2676 ΙΙ
793 2594 940 2656 litteris
962 2605 1035 2655 tam
1057 2603 1228 2675 prompte
1250 2594 1374 2656 dediti
1396 2604 1499 2666 sunt,

198 2715 302 2776 qoam
327 2690 455 2767 Tusci,
485 2715 640 2776 quorum
667 2704 799 2759 natura
829 2696 953 2758 lertnr
975 2696 1019 2758 ab
1047 2696 1210 2757 inlantia
1234 2696 1418 2775 usquead
1443 2715 1500 2758 ca·

199 2800 330 2859 nitianr
359 2801 571 2878 sapientiae
604 2797 676 2859 soli
709 2798 864 2860 studere
892 2806 927 2859 et
957 2796 1054 2858 nihil
1087 2797 1189 2858 aliud
1222 2815 1361 2868 amare,
1393 2816 1500 2878 qnam

199 2919 346 2979 semper
379 2899 664 2979 philosophari?
706 2900 745 2961 Et
776 2902 885 2960 iterum
909 2899 1096 2976 Virgilius
1128 2899 1165 2960 de
1192 2897 1238 2959 bis
1267 2896 1534 2977 pronominibnsas

201 3004 339 3063 tractauit
354 3003 469 3062 dicens:
494 3007 574 3062 ‘sunt
596 3002 770 3081 pronomina
792 3003 906 3080 ignota,
930 3018 1005 3080 quae
1027 2996 1190 3060 multilarie
1213 2999 1394 3061 delectation
1416 3008 1499 3069 sunt:

271 3307 284 3353 1
303 3319 351 3368 ego
370 3301 438 3369 ipsc]
458 3305 603 3354 Famulae
621 3306 707 3368 igitur,
726 3307 769 3369 qni
785 3307 907 3355 notissimi
924 3320 1014 3355 nerana
1028 3307 1183 3370 principium
1200 3307 1272 3370 ‘ipse
1291 3309 1355 3371 ego’
1375 3321 1435 3357 esse
1451 3308 1503 3356 areb

201 3374 271 3422 lent?
322 3373 431 3422 corrdam
483 3371 628 3421 rnodoletns
697 3372 845 3421 enocolica
912 3370 1105 3437 ll’riscianns]
1124 3373 1191 3435 εΗ
1200 3390 1226 3438 p.
1238 3375 1327 3432 586,5
1398 3377 1503 3425 scom-

203 3454 279 3488 muna
330 3440 549 3505 8propositiunm
594 3435 730 3504 Virgilius]
750 3439 897 3489 Nonacrini
916 3441 1229 3505 isloensnpudMniara.
1284 3443 1315 3490 12
1328 3438 1502 3506 pauperinus]

202 3510 237 3571 rs.
258 3508 289 3557 A.
310 3508 377 3558 Maii
393 3515 460 3562 cuer.
478 3509 553 3558 clera.
577 3509 635 3558 Vnt.
656 3515 713 3557 tom.
737 3507 762 3555 V
771 3524 798 3571 p.
813 3511 846 3556 27
858 3511 940 3558 noti
959 3525 993 3559 ere
1013 3508 1156 3571 Getasa-edo
1174 3516 1338 3573 excerpimus
1358 3510 1504 3574 Paperitins

202 3578 249 3625 nit:
268 3576 359 3625 eulatia
378 3587 438 3624 sunt
454 3576 504 3625 ista
523 3576 668 3639 mancipia?
688 3574 873 3639 respondemus
893 3578 1025 3626 nostratia.
1049 3576 1100 3625 Sed
1120 3576 1243 3641 Virgilius
1262 3577 1324 3624 dicit
1342 3576 1414 3639 qnod
1432 3576 1505 3626 cuias

202 3654 226 3693 et
245 3653 345 3692 orostrae
364 3653 471 3707 excepto
491 3644 647 3692 nominatiuo
666 3643 798 3704 utriusque
817 3644 913 3692 larameri
932 3643 1043 3706 reliquos
1064 3660 1114 3693 raon
1127 3643 1221 3693 liabent
1238 3658 1323 3704 casus,
1343 3655 1373 3693 ιιι
1389 3644 1463 3694 cuias
1482 3656 1507 3693 et

203 3722 304 3761 nostras
322 3721 348 3760 et
365 3710 495 3775 pluraliter
512 3711 608 3760 cuiatas
627 3721 764 3764 nostrates,
867 3713 898 3760 13
917 3712 1054 3776 respondit
1076 3727 1123 3762 nos
1142 3712 1291 3776 uostrallltla
1360 3709 1504 3777 Virgilius]

202 3780 236 3842 rs.
256 3779 289 3828 A.
304 3778 362 3827 Mai
376 3795 404 3841 p.
414 3780 456 3828 27.
468 3781 515 3828 28:
536 3777 583 3828 Est
599 3779 674 3827 etiam
693 3793 835 3843 pronomen
853 3780 993 3827 sesnandum
1012 3792 1148 3842 utrumque
1166 3793 1299 3829 numerum
1316 3794 1365 3845 per
1383 3790 1506 3842 quattuor

202 3862 278 3895 casus
297 3845 488 3905 declinandum,
508 3846 573 3896 dnos
592 3845 687 3894 scilicet
704 3847 878 3895 nominatiuos
897 3847 1054 3910 singularem
1073 3857 1097 3896 et
1116 3847 1251 3913 pluralem,
1274 3847 1341 3896 duos
1361 3863 1445 3910 aeque
1463 3862 1506 3897 ac-

202 3915 345 3971 cusatirros,
366 3926 392 3963 nt
411 3924 513 3963 nostras
532 3924 668 3975 nostrates,
687 3915 757 3962 cuias
776 3915 881 3963 calates.
952 3916 983 3964 14
1001 3921 1133 3977 unumque
1192 3918 1223 3965 ll>
1240 3929 1330 3964 cassus
1385 3916 1459 3965 cuias
1477 3931 1505 3965 as

203 3983 294 4031 coriatis
330 3981 514 4031 uomlnatlunm
569 3983 600 4030 16
618 3982 714 4030 cinates
767 3984 798 4032 17
818 3993 930 4030 nostram
949 3983 1070 4031 nostratis
1123 3984 1155 4033 18
1167 3983 1192 4030 in
1205 3980 1385 4048 om.Virgilio]
1399 3984 1508 4049 nirglo,

203 4051 238 4112 cf.
257 4050 314 4098 Mai
330 4066 357 4113 p.
377 4052 412 4099 28
498 4052 529 4099 19
549 4046 672 4113 ostillum]
698 4049 809 4098 lrostlnnr
833 4051 928 4099 emend.
947 4050 1040 4099 Petrus
1058 4051 1151 4100 Daniel
1218 4046 1353 4115 Garrinus]
1374 4050 1507 4100 Gabrltius

208 4117 331 4181 Virgilium
343 4118 410 4167 Maii
461 4120 493 4168 20
511 4118 666 4181 gramaticus
684 4119 745 4166 iacit
795 4119 826 4166 21
846 4115 944 4179 tertius]
963 4117 1094 4167 Terentius
1110 4118 1232 4181 Virgilius
1244 4119 1311 4168 Maii
1363 4121 1404 4167 cni
1424 4134 1507 4185 agens

204 4186 237 4234 22
256 4199 306 4246 qaia
324 4192 437 4249 promite
507 4187 540 4235 23
558 4186 589 4233 ab
608 4184 730 4233 inlanriae
748 4184 822 4234 aruris
840 4186 982 4250 sapientiae
1004 4186 1106 4234 studere
1123 4186 1170 4234 soli
1194 4186 1317 4250 Virgilius
1333 4185 1405 4236 Mati
1474 4188 1507 4237 24

205 4248 330 4317 sapientie
399 4255 432 4303 25
450 4252 639 4317 plrilosoplrnle,
658 4269 726 4301 corr.
745 4252 778 4300 ali
830 4250 967 4316 Virgilius]
985 4255 1020 4315 of.
1039 4255 1146 4316 epitome
1164 4253 1209 4303 IX
1226 4271 1252 4317 p.
1273 4255 1325 4303 138
1344 4253 1427 4304 Mass
1447 4265 1509 4304 sunt

207 4322 359 4386 pronomina
387 4321 488 4385 ignota,
517 4336 584 4382 qliae
606 4320 741 4369 rrrnlailmic
765 4319 890 4369 delectiua
913 4333 985 4372 surita
1016 4320 1138 4369 nonunlla
1166 4321 1232 4368 enirn
1261 4320 1317 4370 solo
1345 4322 1508 4373 nominatiuo

206 4390 348 4450 flectuntur,
369 4389 435 4437 uude
453 4399 492 4437 est
510 4389 619 4453 uspiam.
656 4386 720 4437 Sunt
738 4403 803 4449 qnae
821 4388 901 4436 tribus
920 4389 1021 4437 casibus
1041 4390 1174 4437 flectuntur
1192 4391 1275 4438 cuium
1295 4390 1335 4437 cni
1355 4391 1431 4454 cuin,
1450 4391 1509 4439 cuia

205 4459 277 4505 cuiae
295 4457 387 4505 culam.
424 4455 489 4504 Sunt
506 4471 572 4517 quae
590 4456 756 4505 tetraeasibns
774 4455 944 4516 declinantur,
974 4469 999 4504 ιιι
1021 4456 1091 4504 holus
1115 4455 1196 4506 helius
1223 4456 1272 4505 heli
1299 4455 1412 4513 bellum:
1441 4457 1509 4507 lrelia

207 4525 287 4573 lielins
306 4524 356 4573 heli
375 4523 469 4585 helam3
490 4523 572 4572 laelnm
592 4523 673 4573 lrelius
693 4523 742 4573 lrcli
759 4523 853 4573 helam.
891 4523 956 4572 Sunt
973 4539 1038 4585 (lirae
1056 4525 1235 4589 portuensibus
1251 4534 1363 4586 titulatur,
1379 4538 1409 4574 ιιι
1420 4541 1508 4575 eccam

207 4593 257 4640 ecci
276 4607 334 4641 ecco
353 4607 440 4640 eccum
459 4607 559 4654 eccum;
582 4607 641 4640 ecca
659 4607 731 4641 eccae
749 4607 833 4641 eccam
852 4607 910 4640 ecca
929 4608 999 4651 eccn;
1023 4592 1096 4640 ellum
1121 4592 1161 4641 elli
1188 4592 1236 4641 ello
1260 4592 1334 4641 ellnrn
1359 4592 1419 4646 ello.
1457 4592 1510 4643 Sed

208 4659 297 4724 plurali
315 4671 409 4709 carent.
478 4661 511 4708 26
529 4657 692 4722 delectatina]
712 4660 782 4709 Hinc
799 4661 916 4722 corrigas
932 4659 1065 4723 Virgilium
1078 4661 1144 4711 Maii
1158 4678 1185 4725 p.
1197 4660 1245 4710 27:
1265 4658 1331 4709 Sunt
1349 4663 1509 4725 pronomina

208 4728 301 4788 (paribus
319 4727 454 4776 declinatio
473 4726 614 4775 affectatitia
634 4727 673 4775 nol
691 4729 872 4777 conrmutatlua
889 4729 1020 4776 asseritur.
