3420 5378
658 285 862 339 excusent.
1132 281 1135 286 ’
1345 286 1403 349 191

109 474 217 534 uerint
264 474 322 534 Pro
345 473 400 535 ltac
422 491 493 552 ergo
517 475 632 534 ratione
655 492 820 553 pronomen
848 494 864 536 a
892 475 1011 535 nomine
1045 491 1208 535 secernere*
1236 474 1403 550 noluerunt,

106 576 183 636 sicut
204 591 261 634 nec
283 575 414 652 armiger
434 578 604 636 secernitur
625 593 641 636 a
664 593 745 653 rege.
783 576 952 636 Pronomen
975 584 1021 636 est
1043 575 1313 638 subministratoria
1337 595 1405 656 pars

107 677 264 743 orationis,
299 677 365 756 quia
399 676 536 757 quicquid
568 685 613 738 est
641 676 753 756 absque
786 678 915 738 nominis
946 676 1154 747 amminiculo,
1188 679 1303 739 infirma
1339 697 1404 739 osse

106 775 235 838 uidetur.

66 893 82 934 s
194 877 206 960 tl
224 878 244 938 l.
262 875 300 940 7Β
317 876 329 961 Η
354 880 391 940 Vt
412 880 605 958 Vergilius
628 880 713 941 dicit:
752 881 941 958 Interrogare
964 880 1074 949 debeo,
1099 900 1152 942 cur
1176 900 1283 943 nomen
1308 885 1403 943 omni·

107 979 162 1041 bus
190 980 326 1061 partibus
354 980 520 1042 Latinitatis
546 981 711 1061 praelatum
741 984 792 1052 sit,
823 1001 891 1043 cum
919 985 950 1042 in
977 980 1154 1062 †lriborum
1183 985 1350 1045 elocutione
1374 993 1404 1043 et

104 1083 320 1161 compositione
344 1085 536 1162 praecipuum
553 1084 737 1145 existimetur
753 1082 886 1144 uerbum.
933 1083 1031 1163 Super
1047 1085 1104 1146 lroc
1119 1088 1266 1146 teneas
1288 1088 1400 1164 inquit:

99 1183 221 1245 'Nomen
243 1184 406 1245 secundum
430 1202 598 1246 sermonem
621 1186 800 1265 principium
817 1195 874 1255 est,
899 1168 958 1246 nou
981 1185 1145 1246 secundum
1161 1186 1401 1267 appellationem.

106 1286 180 1348 Cum
203 1289 284 1348 enim
313 1288 447 1347 nascitur
476 1285 579 1357 bomo,
609 1289 782 1366 priusquam
811 1305 874 1347 rem
903 1285 1031 1366 aliquam
1060 1295 1128 1365 agat
1155 1286 1203 1348 uel
1233 1287 1327 1350 discat
1355 1287 1402 1348 uel

66 1389 195 1458 tosciat,
218 1406 327 1449 nomen
349 1388 391 1448 illi
413 1387 540 1458 inditur,
564 1405 661 1463 quare
683 1387 778 1448 uerbo
805 1388 972 1469 praecedit;
1002 1406 1111 1449 nornen
1139 1407 1210 1468 ergo
1239 1408 1308 1468 pars
1336 1408 1402 1452 ora·

105 1490 196 1551 tionis
218 1488 391 1570 principalis
412 1488 589 1550 latinitatis.

190 1593 271 1674 Ibid.
317 1592 353 1651 Vt
367 1591 564 1672 Pompeius
595 1637 728 1653 .......
743 1593 789 1652 nis
811 1600 948 1652 creatura
971 1612 1006 1653 ex
1029 1594 1150 1652 nomine
1172 1611 1225 1654 suo
1248 1594 1402 1670 cognosci·

105 1700 168 1753 tur:
198 1694 255 1755 nisi
280 1695 358 1754 enim
381 1695 486 1754 scieris
509 1710 632 1761 nomen,
656 1694 786 1770 cognitio
809 1711 909 1754 rerum
933 1694 1020 1774 perit.
1064 1692 1157 1754 aliter
1180 1712 1251 1754 uero
1277 1696 1402 1772 Vergi-

10 1848 17 1860 t
105 1793 182 1856 lius
209 1794 296 1855 dicit:
325 1795 396 1856 ldeo
418 1796 613 1874 praeponitur
636 1812 758 1869 nomen,
788 1793 867 1875 quod
890 1794 1009 1874 quando
1030 1841 1122 1856 .....
1144 1796 1255 1865 inians,
1279 1812 1401 1855 necesso

66 1910 93 1953 as
108 1903 170 1967 est,
193 1897 345 1959 utstatim
369 1895 477 1957 babeat
499 1914 622 1963 nomen;
651 1902 749 1956 actum
772 1913 844 1956 uero
868 1914 926 1957 non
949 1905 1047 1976 potest
1068 1898 1179 1958 lacere:
1202 1900 1331 1973 proprie
1344 1898 1402 1957 boc

107 1986 292 2060 monstratur
315 2016 369 2078 per
392 1998 529 2059 uerbum.

192 2095 205 2180 ll
224 2100 245 2161 i.
263 2096 321 2160 10⁵
337 2097 348 2182 ΙΙ
380 2101 541 2161 lliriuatiua
569 2098 676 2159 multas
697 2100 923 2160 terminationes
944 2097 1055 2161 habent
1081 2103 1113 2161 iu
1137 2100 1250 2162 nltimIs
1272 2098 1400 2179 sqliabis

104 2210 139 2263 ut
160 2200 351 2280 Vergilius
374 2201 458 2262 dicit:
498 2201 657 2261 liiriuatiua
687 2207 784 2260 autem
814 2219 874 2261 non
904 2202 991 2261 nnius
1012 2209 1081 2261 sunt
1103 2205 1205 2263 moris.
1251 2202 1401 2273 Quaedam
1472 2222 1475 2228 ·

105 2304 184 2364 enim
207 2304 237 2362 in
260 2321 297 2363 us
320 2300 461 2383 syllabam
486 2302 639 2372 desinunt,
663 2310 695 2362 ut
717 2301 754 2362 de
779 2309 857 2362 terra
881 2311 1027 2371 terrenus,
1048 2302 1087 2365 ‚do
1111 2313 1211 2363 monto
1235 2313 1400 2371 montanus,

63 2403 251 2482 acquaedam
279 2404 308 2464 in
338 2422 389 2464 cns
416 2408 559 2473 maxime,
588 2422 664 2483 quac
693 2402 729 2463 dc
757 2404 928 2482 regionibus
956 2413 983 2464 et
1011 2403 1149 2481 gentibus
1176 2405 1344 2466 diriuantur
1374 2411 1403 2464 et

104 2507 209 2576 sectis.
232 2515 265 2568 nt
286 2505 495 2566 Macedonicus
517 2506 698 2567 Sarnraticus
721 2507 913 2568 Germanicus
935 2506 1155 2584 grammaticus.
1199 2505 1349 2577 Quaedam
1370 2508 1400 2566 in

105 2608 159 2677 tis,
183 2616 216 2669 ut
238 2605 386 2670 caelestis.
431 2607 582 2678 Quaedam
610 2610 640 2668 in
669 2627 736 2677 eus,
766 2616 798 2668 nt
825 2609 939 2685 igneus.
984 2603 1133 2675 Quaedam
1156 2609 1185 2667 in
1209 2608 1268 2677 ius,
1293 2615 1324 2666 ut
1345 2610 1400 2668 de·

105 2710 232 2789 gyptius.
276 2707 426 2780 Quaedam
450 2710 481 2768 in
503 2707 554 2778 lis,
579 2717 611 2770 ut
632 2710 760 2772 carnalis
782 2709 925 2770 animalis.

184 2824 231 2909 lli.
250 2825 306 2888 11·
328 2823 340 2909 ΙΙ
371 2829 473 2888 Vtrum
502 2827 665 2888 obseruant
696 2827 872 2888 diminutiua
904 2843 1013 2904 genera
1045 2828 1213 2895 nominum,
1250 2846 1265 2886 a
1295 2826 1401 2906 quibus

66 2929 290 2992 nosscuntur?
333 2927 496 3007 Aliquando
534 2928 710 3004 obseruant,
744 2926 902 3006 aliquando
935 2946 1009 2997 non,
1044 2936 1077 2988 ut
1100 2927 1280 3006 Virgilius
1314 2928 1399 2990 dicit:

107 3030 287 3092 lllminutiua
311 3037 424 3100 autem,
449 3032 584 3109 quamuis
607 3037 636 3090 et
658 3032 722 3110 ipsa
744 3028 897 3090 inmobilia
920 3036 1003 3098 sunt,
1028 3028 1145 3107 quando
1165 3028 1254 3091 nullis
1268 3030 1423 3092 saliatur·-

104 3139 164 3203 tur,
193 3131 230 3192 ab
254 3132 300 3192 his
322 3141 421 3192 umen
444 3129 627 3198 nominibus.
660 3131 768 3210 quibus
795 3131 933 3201 haerent,
962 3149 1051 3210 saepe
1081 3147 1192 3207 genere
1221 3131 1399 3211 discrepant.
1496 3115 1498 3119 ¹

104 3233 334 3315 Nonnumquam
358 3241 456 3294 tantm
480 3232 674 3295 concordant.
718 3233 797 3294 Dicis
820 3235 898 3293 enim
928 3231 1095 3303 <taberna’,
1127 3252 1160 3294 ax
1189 3252 1246 3313 qua
1275 3234 1400 3296 diminu-

175 3523 188 3570 1
208 3520 256 3570 ltao
273 3536 291 3585 g
309 3522 415 3579 ratione,
435 3537 504 3572 corr.
523 3537 571 3587 pro
590 3520 637 3569 bac
656 3536 717 3586 crgo
736 3537 756 3573 r.
773 3538 805 3573 m.
823 3520 857 3570 I]
926 3523 942 3571 2
961 3536 1005 3569 ricc
1024 3524 1115 3583 stacius
1138 3537 1152 3569 a
1172 3536 1244 3586 rege,
1266 3538 1399 3585 suprascr.

105 3589 216 3654 armiger
232 3590 372 3637 secernitur
389 3606 417 3637 rn.
439 3590 473 3638 II
559 3592 663 3651 3qnae
732 3589 808 3653 qnid,
835 3605 904 3644 eorm.
923 3588 1045 3652 quicquid
1066 3604 1097 3636 an.
1117 3589 1149 3637 II
1218 3589 1399 3652 ammirandum,

104 3671 238 3722 suprascr.
256 3656 383 3705 adiutorio
401 3673 431 3706 m.
452 3657 485 3706 II
554 3655 668 3714 infirma,
691 3672 823 3720 suprascr.
847 3672 896 3706 non
920 3655 1121 3706 stabilisset!
1223 3654 1398 3721 5Vergilins]

104 3740 132 3789 p.
151 3726 204 3775 132
222 3725 290 3775 Mol:
310 3723 346 3772 De
365 3726 467 3774 nomine
485 3725 636 3774 breuiarium
656 3726 793 3789 epitomum
812 3726 926 3773 editurus
947 3738 1064 3789 rerogaie
1083 3726 1154 3789 prius
1174 3725 1254 3774 debeo
1271 3727 1400 3786 qucrimo-

105 3793 224 3841 nantibns
248 3806 299 3854 qun
321 3792 353 3841 de
375 3807 452 3842 caiisa
476 3806 568 3840 ttamen
587 3794 704 3842 omnibus
723 3792 838 3857 partibus
857 3792 988 3841 latinitatis
1006 3791 1147 3857 praelatum
1165 3794 1207 3842 sit.
1244 3790 1339 3842 Nomen
1360 3808 1399 3841 se-

104 3859 217 3910 cundum
234 3874 339 3908 sensnm
357 3868 405 3913 etc.
425 3859 492 3909 Moli
508 3867 635 3923 excerpta
739 3862 753 3910 7
776 3857 947 3925 existimetur]
972 3862 1089 3925 estiatur,
1115 3876 1247 3924 suprascr.
1267 3861 1347 3910 sitm.
1367 3859 1401 3909 II

104 3927 280 3978 8secnndnm
298 3942 401 3976 sensnm
421 3927 507 3977 Mutus
558 3927 736 3992 apellationem
789 3927 899 3978 9lromo
917 3944 1002 3992 cuum,
1019 3930 1137 3991 suppleat
1153 3944 1188 3978 ear
1206 3928 1278 3979 Maio
1330 3938 1400 3977 onte-

105 4010 184 4057 qnnm
201 3995 288 4045 Maius
356 3996 394 4044 trel
413 3995 495 4044 discat
514 3994 636 4044 uel‘sciat
653 4012 699 4046 om.
717 3995 803 4044 Maius
881 3997 913 4044 10
930 3997 1049 4046 indicitur
1102 3995 1400 4060 itrditur:rrorne11ergo

105 4063 192 4114 Multas
243 4059 333 4126 qnare]
357 4063 437 4112 Vnum
454 4063 599 4113 uocabulum
617 4065 728 4125 saluauit,
747 4064 816 4128 quod
830 4064 1210 4127 sectandumaensurnsupplesti.
1281 4065 1310 4112 11
1331 4065 1401 4128 prin-

104 4130 196 4196 cipalis
216 4145 276 4195 pars
295 4130 426 4180 latinitatis
445 4141 484 4180 est
502 4131 588 4180 Maius
691 4132 722 4179 12
741 4127 891 4195 l'ompeins]
912 4132 988 4182 Hunc
1005 4135 1083 4182 locunt
1102 4133 1172 4194 apud
1188 4131 1333 4195 Pompeium
1351 4148 1401 4181 nora

104 4199 214 4258 intumo,
232 4199 281 4248 aed
296 4197 330 4260 rs.
347 4215 376 4263 p.
396 4202 437 4262 tu,
448 4201 489 4248 27.
501 4201 535 4247 29
547 4198 581 4250 K.
617 4198 747 4248 Lacunam
763 4199 801 4247 sie
819 4200 941 4262 expleas:
959 4199 1131 4250 dicitzomnis
1202 4201 1233 4249 13
1252 4199 1301 4249 nisi
1319 4196 1398 4264 enini]

104 4265 138 4329 η’,
157 4281 203 4316 ars
220 4281 345 4331 anortgma
363 4265 443 4316 Bern.
461 4284 487 4331 p.
499 4269 542 4326 63,
555 4270 592 4315 33
644 4261 787 4332 Vergilius]
807 4267 865 4316 Non
882 4274 955 4318 extol
974 4268 1045 4333 apud
1061 4265 1166 4320 Maium.
1237 4269 1269 4318 14
1286 4265 1400 4332 quando]

105 4332 246 4398 suppleas:
266 4335 379 4382 nascitur
461 4337 491 4384 to
509 4334 635 4398 sollllltnm
706 4335 809 4399 proprie
827 4333 876 4383 lroc
894 4351 928 4385 ex
946 4339 1093 4386 coniectura
1110 4335 1184 4385 dedi:
1203 4352 1260 4385 nam
1277 4337 1326 4386 duo
1342 4336 1400 4400 fere

104 4400 229 4452 uocabula
246 4409 409 4452 uocauerunt.
490 4402 521 4451 18
541 4399 680 4466 Vergilius]
699 4419 725 4465 p.
745 4403 874 4452 133Μαί
941 4405 1019 4453 moris
1043 4413 1103 4451 stant
1121 4403 1206 4453 Maius
1275 4404 1400 4464 quaedam

108 4494 135 4504 -
156 4469 277 4519 desinunt
293 4486 341 4520 om.
359 4471 446 4520 Maius
518 4470 551 4521 20
569 4470 594 4517 in
613 4484 658 4518 cus
677 4469 789 4518 maxime
806 4485 872 4532 quae
890 4487 936 4521 om.
956 4473 1041 4522 Maius
1127 4473 1157 4519 21
1177 4469 1358 4519 mnclreonicus
1377 4481 1401 4519 et

105 4538 288 4602 grammaticus
307 4537 394 4587 Maius
495 4535 623 4607 Quaedam
642 4562 675 4572 —
693 4537 811 4585 animalis
830 4553 876 4586 om.
896 4539 994 4591 Maius.
1034 4539 1072 4587 lle
1090 4544 1143 4587 toto
1162 4539 1209 4588 doc
1227 4541 1282 4588 loco
1300 4539 1336 4601 cs.
1355 4555 1401 4587 ars

105 4637 231 4687 anonyma
248 4620 391 4672 Beruensia
407 4638 434 4685 p.
454 4624 494 4679 69,
513 4623 617 4671 27-31
697 4622 729 4669 22
748 4621 773 4669 in
792 4604 837 4669 ebs
908 4623 1027 4687 egyptius
1096 4623 1129 4670 25
1147 4618 1284 4687 Virgilius]
1303 4623 1400 4672 Desunt

105 4689 301 4754 spitametam,
320 4705 385 4755 quine
403 4704 487 4738 esocem
505 4688 587 4754 ‘lapis
606 4698 693 4737 estex
712 4703 763 4750 qua
781 4688 1058 4753 lrabes’prneeednnt.
1143 4691 1176 4740 27
1195 4689 1283 4739 herent
1367 4690 1401 4739 28
1448 4725 1449 4730 ,

106 4772 298 4819 nonmunqnmn
318 4770 356 4806 est
374 4769 455 4805 carnion
527 4755 641 4822 mberna]
663 4757 697 4819 rs.
714 4773 760 4805 urs
778 4774 902 4822 anonymo
920 4758 1060 4808 dernensis
1075 4774 1101 4822 p.
1121 4761 1161 4819 71,
1176 4760 1192 4806 t
1208 4774 1263 4824 aeq.
