<?xml version="1.0" encoding="UTF-8"?>
<!DOCTYPE html PUBLIC "-//W3C//DTD XHTML 1.0 Transitional//EN"
    "http://www.w3.org/TR/xhtml1/DTD/xhtml1-transitional.dtd">
<html xmlns="http://www.w3.org/1999/xhtml" xml:lang="en" lang="en">
 <head>
  <title>
</title>
<meta http-equiv="Content-Type" content="text/html;charset=utf-8" />
  <meta name='ocr-system' content='tesseract 3.04.00' />
  <meta name='ocr-capabilities' content='ocr_page ocr_carea ocr_par ocr_line ocrx_word'/>
</head>
<body>
  <div class='ocr_page' id='page_1' title='image "./grammaticilatin04keilgoog/grammaticilatin04keilgoog_0176.png"; bbox 0 0 3420 5378; ppageno 0'>
   <div class='ocr_carea' id='block_1_1' title="bbox 648 296 1417 364">
    <p class='ocr_par' dir='ltr' id='par_1_1' title="bbox 648 296 1417 364">
     <span class='ocr_line' id='line_1_1' title="bbox 648 296 1417 364; baseline -0.001 -13"><span class='ocrx_word' id='word_1_1' title='bbox 648 296 872 351; x_wconf 65' lang='lat' dir='ltr'>auscultat.</span> <span class='ocrx_word' id='word_1_2' title='bbox 1300 308 1417 364; x_wconf 65' lang='lat' dir='ltr'>01,va</span> 
     </span>
    </p>
   </div>
   <div class='ocr_carea' id='block_1_2' title="bbox 118 487 1416 679">
    <p class='ocr_par' dir='ltr' id='par_1_2' title="bbox 118 487 1416 679">
     <span class='ocr_line' id='line_1_2' title="bbox 118 487 1416 573; baseline -0.003 -20"><span class='ocrx_word' id='word_1_3' title='bbox 118 489 325 572; x_wconf 86' lang='lat' dir='ltr'>scrupulosus,</span> <span class='ocrx_word' id='word_1_4' title='bbox 355 491 433 573; x_wconf 75' lang='lat' dir='ltr'>quael</span> <span class='ocrx_word' id='word_1_5' title='bbox 460 489 535 571; x_wconf 90' lang='lat' dir='ltr'>lapis</span> <span class='ocrx_word' id='word_1_6' title='bbox 558 490 686 551; x_wconf 90' lang='lat' dir='ltr'>calcatus</span> <span class='ocrx_word' id='word_1_7' title='bbox 709 487 935 550; x_wconf 79' lang='lat' dir='ltr'>sollicitudinem</span> <span class='ocrx_word' id='word_1_8' title='bbox 960 500 1051 550; x_wconf 85' lang='lat' dir='ltr'>creat.</span> <span class='ocrx_word' id='word_1_9' title='bbox 1096 487 1145 549; x_wconf 91' lang='lat' dir='ltr'>Sic</span> <span class='ocrx_word' id='word_1_10' title='bbox 1169 497 1197 550; x_wconf 90' lang='lat' dir='ltr'>et</span> <span class='ocrx_word' id='word_1_11' title='bbox 1221 488 1416 569; x_wconf 80' lang='lat' dir='ltr'><strong>scrupulosae</strong></span> 
     </span>
     <span class='ocr_line' id='line_1_3' title="bbox 118 589 1236 679; baseline -0.004 -24"><span class='ocrx_word' id='word_1_12' title='bbox 118 595 284 655; x_wconf 88' lang='lat' dir='ltr'>sententiae</span> <span class='ocrx_word' id='word_1_13' title='bbox 306 611 410 670; x_wconf 79' lang='lat' dir='ltr'>magna</span> <span class='ocrx_word' id='word_1_14' title='bbox 435 590 600 653; x_wconf 79' lang='lat' dir='ltr'>sollicitudo</span> <span class='ocrx_word' id='word_1_15' title='bbox 623 589 847 679; x_wconf 73' lang='lat' dir='ltr'>adhibelunut</span> <span class='ocrx_word' id='word_1_16' title='bbox 869 591 1014 651; x_wconf 84' lang='lat' dir='ltr'>euorletur</span> <span class='ocrx_word' id='word_1_17' title='bbox 1037 594 1122 669; x_wconf 77' lang='lat' dir='ltr'>laeu—</span> <span class='ocrx_word' id='word_1_18' title='bbox 1144 591 1236 669; x_wconf 63' lang='lat' dir='ltr'>aaa).</span> 
     </span>
    </p>
   </div>
   <div class='ocr_carea' id='block_1_3' title="bbox 119 708 1415 875">
    <p class='ocr_par' dir='ltr' id='par_1_3' title="bbox 119 708 1415 875">
     <span class='ocr_line' id='line_1_4' title="bbox 204 708 1415 792; baseline -0.001 -20"><span class='ocrx_word' id='word_1_19' title='bbox 204 731 233 792; x_wconf 89' lang='lat' dir='ltr'>p.</span> <span class='ocrx_word' id='word_1_20' title='bbox 260 710 287 781; x_wconf 91' lang='lat'>1,</span> <span class='ocrx_word' id='word_1_21' title='bbox 313 708 562 772; x_wconf 73' lang='lat' dir='ltr'>launomarus</span> <span class='ocrx_word' id='word_1_22' title='bbox 584 708 695 789; x_wconf 66' lang='lat' dir='ltr'>(aen-ss</span> <span class='ocrx_word' id='word_1_23' title='bbox 719 711 866 789; x_wconf 84' lang='lat' dir='ltr'>apertius,</span> <span class='ocrx_word' id='word_1_24' title='bbox 891 717 1017 770; x_wconf 87' lang='lat' dir='ltr'>tractum</span> <span class='ocrx_word' id='word_1_25' title='bbox 1041 719 1088 770; x_wconf 89' lang='grc' dir='ltr'>εει</span> <span class='ocrx_word' id='word_1_26' title='bbox 1110 727 1126 769; x_wconf 89' lang='lat' dir='ltr'>a</span> <span class='ocrx_word' id='word_1_27' title='bbox 1149 709 1325 770; x_wconf 90' lang='lat' dir='ltr'>tenuissimo</span> <span class='ocrx_word' id='word_1_28' title='bbox 1350 727 1415 771; x_wconf 86' lang='lat' dir='ltr'>nor·</span> 
     </span>
     <span class='ocr_line' id='line_1_5' title="bbox 119 815 319 875; baseline -0.01 0"><span class='ocrx_word' id='word_1_29' title='bbox 119 815 177 875; x_wconf 89' lang='lat' dir='ltr'>tice</span> <span class='ocrx_word' id='word_1_30' title='bbox 200 831 319 874; x_wconf 90' lang='lat' dir='ltr'>nucum.</span> 
     </span>
    </p>
   </div>
   <div class='ocr_carea' id='block_1_4' title="bbox 203 914 1413 1010">
    <p class='ocr_par' dir='ltr' id='par_1_4' title="bbox 203 914 1413 1010">
     <span class='ocr_line' id='line_1_6' title="bbox 203 914 1413 1010; baseline -0.001 -19"><span class='ocrx_word' id='word_1_31' title='bbox 203 949 232 1010; x_wconf 95' lang='lat' dir='ltr'>p.</span> <span class='ocrx_word' id='word_1_32' title='bbox 251 928 299 1002; x_wconf 88' lang='grc'>10,</span> <span class='ocrx_word' id='word_1_33' title='bbox 318 928 357 992; x_wconf 83' lang='grc'>15</span> <span class='ocrx_word' id='word_1_34' title='bbox 379 949 434 991; x_wconf 89' lang='lat' dir='ltr'>acc</span> <span class='ocrx_word' id='word_1_35' title='bbox 449 930 583 1010; x_wconf 72' lang='lat' dir='ltr'>produci</span> <span class='ocrx_word' id='word_1_36' title='bbox 605 915 626 990; x_wconf 79' lang='grc' dir='ltr'><strong>Ᾰ</strong></span> <span class='ocrx_word' id='word_1_37' title='bbox 651 914 680 991; x_wconf 76' lang='lat' dir='ltr'>S.</span> <span class='ocrx_word' id='word_1_38' title='bbox 704 915 753 1010; x_wconf 79' lang='lat' dir='ltr'>l’.]</span> <span class='ocrx_word' id='word_1_39' title='bbox 776 930 838 991; x_wconf 86' lang='lat' dir='ltr'>lioc</span> <span class='ocrx_word' id='word_1_40' title='bbox 855 930 957 1005; x_wconf 88' lang='lat' dir='ltr'>sciant,</span> <span class='ocrx_word' id='word_1_41' title='bbox 981 931 1032 1009; x_wconf 92' lang='lat' dir='ltr'>qui</span> <span class='ocrx_word' id='word_1_42' title='bbox 1048 929 1161 990; x_wconf 85' lang='lat' dir='ltr'>addunt</span> <span class='ocrx_word' id='word_1_43' title='bbox 1181 931 1268 990; x_wconf 89' lang='lat' dir='ltr'>istam</span> <span class='ocrx_word' id='word_1_44' title='bbox 1285 929 1413 1010; x_wconf 85' lang='lat' dir='ltr'>liquidis.</span> 
     </span>
    </p>
   </div>
   <div class='ocr_carea' id='block_1_5' title="bbox 205 1033 1413 1131">
    <p class='ocr_par' dir='ltr' id='par_1_5' title="bbox 205 1033 1413 1131">
     <span class='ocr_line' id='line_1_7' title="bbox 205 1033 1413 1131; baseline -0.002 -21"><span class='ocrx_word' id='word_1_45' title='bbox 205 1069 234 1129; x_wconf 88' lang='lat' dir='ltr'>p.</span> <span class='ocrx_word' id='word_1_46' title='bbox 259 1048 307 1121; x_wconf 91' lang='grc'>11,</span> <span class='ocrx_word' id='word_1_47' title='bbox 331 1046 351 1110; x_wconf 90' lang='lat'><strong>6</strong></span> <span class='ocrx_word' id='word_1_48' title='bbox 374 1050 468 1121; x_wconf 84' lang='lat' dir='ltr'>Quam</span> <span class='ocrx_word' id='word_1_49' title='bbox 492 1049 569 1130; x_wconf 86' lang='lat' dir='ltr'>apud</span> <span class='ocrx_word' id='word_1_50' title='bbox 593 1033 699 1109; x_wconf 75' lang='lat' dir='ltr'>AEOl..</span> <span class='ocrx_word' id='word_1_51' title='bbox 723 1047 775 1131; x_wconf 93' lang='lat' dir='ltr'>ll.]</span> <span class='ocrx_word' id='word_1_52' title='bbox 807 1049 864 1110; x_wconf 84' lang='lat' dir='ltr'>Sea</span> <span class='ocrx_word' id='word_1_53' title='bbox 888 1069 945 1110; x_wconf 91' lang='lat' dir='ltr'>uau</span> <span class='ocrx_word' id='word_1_54' title='bbox 968 1046 1172 1129; x_wconf 77' lang='lat' dir='ltr'>appellabatur</span> <span class='ocrx_word' id='word_1_55' title='bbox 1196 1047 1413 1127; x_wconf 58' lang='lat' dir='ltr'>patrarent).</span> 
     </span>
    </p>
   </div>
   <div class='ocr_carea' id='block_1_6' title="bbox 119 1164 1415 1862">
    <p class='ocr_par' dir='ltr' id='par_1_6' title="bbox 119 1164 1415 1454">
     <span class='ocr_line' id='line_1_8' title="bbox 205 1164 1413 1249; baseline -0.002 -20"><span class='ocrx_word' id='word_1_56' title='bbox 205 1188 234 1249; x_wconf 90' lang='lat' dir='ltr'>p.</span> <span class='ocrx_word' id='word_1_57' title='bbox 249 1165 301 1240; x_wconf 87' lang='grc'>24,</span> <span class='ocrx_word' id='word_1_58' title='bbox 318 1164 468 1248; x_wconf 80' lang='lat' dir='ltr'>9Pytisso</span> <span class='ocrx_word' id='word_1_59' title='bbox 490 1168 638 1247; x_wconf 79' lang='lat' dir='ltr'>quidam</span> <span class='ocrx_word' id='word_1_60' title='bbox 662 1167 766 1228; x_wconf 92' lang='lat' dir='ltr'>uolunt</span> <span class='ocrx_word' id='word_1_61' title='bbox 781 1168 965 1245; x_wconf 73' lang='lat' dir='ltr'>‘frequenter</span> <span class='ocrx_word' id='word_1_62' title='bbox 980 1171 1074 1247; x_wconf 89' lang='lat' dir='ltr'>spun&#39;,</span> <span class='ocrx_word' id='word_1_63' title='bbox 1097 1166 1242 1244; x_wconf 85' lang='lat' dir='ltr'>quidam</span> <span class='ocrx_word' id='word_1_64' title='bbox 1264 1168 1413 1246; x_wconf 80' lang='lat' dir='ltr'>‘frequen-</span> 
     </span>
     <span class='ocr_line' id='line_1_9' title="bbox 119 1268 1415 1352; baseline -0.002 -19"><span class='ocrx_word' id='word_1_65' title='bbox 119 1282 167 1333; x_wconf 89' lang='lat' dir='ltr'>ter</span> <span class='ocrx_word' id='word_1_66' title='bbox 194 1276 277 1352; x_wconf 88' lang='lat' dir='ltr'>poto&#39;</span> <span class='ocrx_word' id='word_1_67' title='bbox 302 1273 366 1333; x_wconf 90' lang='lat' dir='ltr'>siue</span> <span class='ocrx_word' id='word_1_68' title='bbox 389 1276 504 1351; x_wconf 81' lang='lat' dir='ltr'>‘polum</span> <span class='ocrx_word' id='word_1_69' title='bbox 526 1270 656 1350; x_wconf 79' lang='lat' dir='ltr'>potando</span> <span class='ocrx_word' id='word_1_70' title='bbox 679 1274 834 1330; x_wconf 89' lang='lat' dir='ltr'>consumo&#39;</span> <span class='ocrx_word' id='word_1_71' title='bbox 856 1289 908 1331; x_wconf 91' lang='lat' dir='ltr'>seu</span> <span class='ocrx_word' id='word_1_72' title='bbox 931 1271 1060 1349; x_wconf 78' lang='lat' dir='ltr'>‘saepius</span> <span class='ocrx_word' id='word_1_73' title='bbox 1084 1268 1181 1330; x_wconf 91' lang='lat' dir='ltr'>bibo&#39;:</span> <span class='ocrx_word' id='word_1_74' title='bbox 1209 1269 1278 1329; x_wconf 89' lang='lat' dir='ltr'>iude</span> <span class='ocrx_word' id='word_1_75' title='bbox 1306 1268 1415 1330; x_wconf 89' lang='lat' dir='ltr'>dicitur</span> 
     </span>
     <span class='ocr_line' id='line_1_10' title="bbox 120 1373 472 1454; baseline 0.011 -21"><span class='ocrx_word' id='word_1_76' title='bbox 120 1374 234 1454; x_wconf 89' lang='lat' dir='ltr'>pituita,</span> <span class='ocrx_word' id='word_1_77' title='bbox 257 1373 334 1435; x_wconf 75' lang='lat' dir='ltr'>illest</span> <span class='ocrx_word' id='word_1_78' title='bbox 356 1373 472 1452; x_wconf 81' lang='lat' dir='ltr'>llegma.</span> 
     </span>
    </p>

    <p class='ocr_par' dir='ltr' id='par_1_7' title="bbox 119 1471 1413 1862">
     <span class='ocr_line' id='line_1_11' title="bbox 207 1471 1409 1556; baseline -0.002 -19"><span class='ocrx_word' id='word_1_79' title='bbox 207 1495 236 1556; x_wconf 93' lang='lat' dir='ltr'>p.</span> <span class='ocrx_word' id='word_1_80' title='bbox 256 1473 307 1547; x_wconf 86' lang='grc'>32,</span> <span class='ocrx_word' id='word_1_81' title='bbox 330 1474 352 1537; x_wconf 80' lang='grc'>5</span> <span class='ocrx_word' id='word_1_82' title='bbox 372 1474 454 1535; x_wconf 89' lang='lat' dir='ltr'>lnter</span> <span class='ocrx_word' id='word_1_83' title='bbox 476 1494 508 1537; x_wconf 90' lang='grc' dir='ltr'>εε</span> <span class='ocrx_word' id='word_1_84' title='bbox 531 1477 625 1535; x_wconf 87' lang='lat' dir='ltr'>coisse</span> <span class='ocrx_word' id='word_1_85' title='bbox 648 1477 730 1535; x_wconf 90' lang='lat' dir='ltr'>uiros</span> <span class='ocrx_word' id='word_1_86' title='bbox 746 1473 780 1544; x_wconf 85' lang='grc'>0.</span> <span class='ocrx_word' id='word_1_87' title='bbox 799 1471 846 1555; x_wconf 88' lang='grc'>0.]</span> <span class='ocrx_word' id='word_1_88' title='bbox 870 1472 996 1545; x_wconf 82' lang='lat' dir='ltr'>Quidam</span> <span class='ocrx_word' id='word_1_89' title='bbox 1020 1473 1137 1534; x_wconf 85' lang='lat' dir='ltr'>codices</span> <span class='ocrx_word' id='word_1_90' title='bbox 1159 1476 1249 1552; x_wconf 74' lang='lat' dir='ltr'>‘que&#39;,</span> <span class='ocrx_word' id='word_1_91' title='bbox 1272 1472 1324 1534; x_wconf 91' lang='grc' dir='ltr'><strong>εεο</strong></span> <span class='ocrx_word' id='word_1_92' title='bbox 1348 1491 1409 1534; x_wconf 90' lang='lat' dir='ltr'>me·</span> 
     </span>
     <span class='ocr_line' id='line_1_12' title="bbox 119 1575 1412 1653; baseline -0.002 -17"><span class='ocrx_word' id='word_1_93' title='bbox 119 1575 177 1639; x_wconf 90' lang='lat' dir='ltr'>lius</span> <span class='ocrx_word' id='word_1_94' title='bbox 199 1579 253 1638; x_wconf 73' lang='lat' dir='ltr'>‘ct&#39;</span> <span class='ocrx_word' id='word_1_95' title='bbox 275 1576 436 1638; x_wconf 80' lang='lat' dir='ltr'>secundum</span> <span class='ocrx_word' id='word_1_96' title='bbox 462 1576 539 1637; x_wconf 88' lang='lat' dir='ltr'>lruno</span> <span class='ocrx_word' id='word_1_97' title='bbox 563 1585 592 1636; x_wconf 92' lang='lat' dir='ltr'>et</span> <span class='ocrx_word' id='word_1_98' title='bbox 614 1576 800 1645; x_wconf 88' lang='lat' dir='ltr'>Seruium,</span> <span class='ocrx_word' id='word_1_99' title='bbox 825 1576 913 1653; x_wconf 81' lang='lat' dir='ltr'>(larrrrc</span> <span class='ocrx_word' id='word_1_100' title='bbox 935 1594 1054 1636; x_wconf 88' lang='lat' dir='ltr'>seruum</span> <span class='ocrx_word' id='word_1_101' title='bbox 1077 1576 1161 1650; x_wconf 66' lang='lat' dir='ltr'>aad„</span> <span class='ocrx_word' id='word_1_102' title='bbox 1188 1576 1233 1651; x_wconf 79' lang='lat' dir='ltr'>cf.</span> <span class='ocrx_word' id='word_1_103' title='bbox 1256 1575 1345 1636; x_wconf 87' lang='lat' dir='ltr'>Seru.</span> <span class='ocrx_word' id='word_1_104' title='bbox 1369 1576 1412 1635; x_wconf 83' lang='lat' dir='ltr'>ad</span> 
     </span>
     <span class='ocr_line' id='line_1_13' title="bbox 128 1676 1413 1765; baseline -0.001 -25"><span class='ocrx_word' id='word_1_105' title='bbox 128 1682 219 1755; x_wconf 79' lang='lat' dir='ltr'>Verp.</span> <span class='ocrx_word' id='word_1_106' title='bbox 233 1680 317 1765; x_wconf 24' lang='lat' dir='ltr'>&#39;Aen</span> <span class='ocrx_word' id='word_1_107' title='bbox 339 1681 416 1749; x_wconf 83' lang='lat' dir='ltr'><em>XII,</em></span> <span class='ocrx_word' id='word_1_108' title='bbox 442 1680 506 1758; x_wconf 73' lang='lat'><em>709)</em></span> <span class='ocrx_word' id='word_1_109' title='bbox 529 1688 561 1739; x_wconf 94' lang='lat' dir='ltr'>ut</span> <span class='ocrx_word' id='word_1_110' title='bbox 585 1680 674 1739; x_wconf 91' lang='lat' dir='ltr'>uiros.</span> <span class='ocrx_word' id='word_1_111' title='bbox 698 1697 721 1737; x_wconf 90' lang='lat' dir='ltr'>s.</span> <span class='ocrx_word' id='word_1_112' title='bbox 745 1677 898 1758; x_wconf 81' lang='lat' dir='ltr'>liquescat.</span> <span class='ocrx_word' id='word_1_113' title='bbox 943 1678 1014 1739; x_wconf 87' lang='lat' dir='ltr'>Cum</span> <span class='ocrx_word' id='word_1_114' title='bbox 1037 1677 1219 1757; x_wconf 79' lang='lat' dir='ltr'>apostropha</span> <span class='ocrx_word' id='word_1_115' title='bbox 1240 1677 1348 1739; x_wconf 89' lang='lat' dir='ltr'>dicitur</span> <span class='ocrx_word' id='word_1_116' title='bbox 1363 1676 1413 1739; x_wconf 88' lang='lat' dir='ltr'>illa</span> 
     </span>
     <span class='ocr_line' id='line_1_14' title="bbox 123 1773 1261 1862; baseline 0.003 -21"><span class='ocrx_word' id='word_1_117' title='bbox 123 1773 327 1862; x_wconf 55' lang='lat' dir='ltr'>ligura,‘quae</span> <span class='ocrx_word' id='word_1_118' title='bbox 350 1790 395 1842; x_wconf 86' lang='lat' dir='ltr'>est</span> <span class='ocrx_word' id='word_1_119' title='bbox 416 1783 465 1852; x_wconf 90' lang='lat' dir='ltr'>ita,</span> <span class='ocrx_word' id='word_1_120' title='bbox 488 1789 520 1841; x_wconf 94' lang='lat' dir='ltr'>ut</span> <span class='ocrx_word' id='word_1_121' title='bbox 541 1789 571 1841; x_wconf 91' lang='grc' dir='ltr'><strong>ει</strong></span> <span class='ocrx_word' id='word_1_122' title='bbox 594 1781 635 1859; x_wconf 92' lang='lat' dir='ltr'>(ut</span> <span class='ocrx_word' id='word_1_123' title='bbox 657 1784 697 1858; x_wconf 88' lang='lat' dir='ltr'>ut)</span> <span class='ocrx_word' id='word_1_124' title='bbox 714 1780 846 1848; x_wconf 77' lang='lat' dir='ltr'>,‘uiden’,</span> <span class='ocrx_word' id='word_1_125' title='bbox 870 1780 944 1841; x_wconf 84' lang='lat' dir='ltr'>idest</span> <span class='ocrx_word' id='word_1_126' title='bbox 967 1798 1032 1839; x_wconf 91' lang='lat' dir='ltr'>cum</span> <span class='ocrx_word' id='word_1_127' title='bbox 1055 1780 1261 1844; x_wconf 88' lang='lat' dir='ltr'>conuersione.</span> 
     </span>
    </p>
   </div>
   <div class='ocr_carea' id='block_1_7' title="bbox 124 1895 1414 2285">
    <p class='ocr_par' dir='ltr' id='par_1_8' title="bbox 124 1895 1414 2285">
     <span class='ocr_line' id='line_1_15' title="bbox 208 1895 1412 1979; baseline -0.002 -18"><span class='ocrx_word' id='word_1_128' title='bbox 208 1918 237 1979; x_wconf 94' lang='lat' dir='ltr'>p.</span> <span class='ocrx_word' id='word_1_129' title='bbox 260 1895 312 1971; x_wconf 80' lang='lat'>58,</span> <span class='ocrx_word' id='word_1_130' title='bbox 335 1896 376 1960; x_wconf 88' lang='grc'>23</span> <span class='ocrx_word' id='word_1_131' title='bbox 400 1906 429 1959; x_wconf 81' lang='grc' dir='ltr'>ιιι</span> <span class='ocrx_word' id='word_1_132' title='bbox 446 1898 556 1959; x_wconf 89' lang='lat' dir='ltr'>bonum</span> <span class='ocrx_word' id='word_1_133' title='bbox 572 1896 704 1978; x_wconf 82' lang='lat' dir='ltr'>animal]</span> <span class='ocrx_word' id='word_1_134' title='bbox 734 1898 807 1959; x_wconf 85' lang='lat' dir='ltr'>Nam</span> <span class='ocrx_word' id='word_1_135' title='bbox 823 1896 930 1959; x_wconf 91' lang='lat' dir='ltr'>animal</span> <span class='ocrx_word' id='word_1_136' title='bbox 946 1897 1054 1959; x_wconf 87' lang='lat' dir='ltr'>animal</span> <span class='ocrx_word' id='word_1_137' title='bbox 1071 1897 1216 1979; x_wconf 82' lang='lat' dir='ltr'>(animale)</span> <span class='ocrx_word' id='word_1_138' title='bbox 1234 1907 1287 1968; x_wconf 87' lang='grc' dir='ltr'><strong>εει,</strong></span> <span class='ocrx_word' id='word_1_139' title='bbox 1311 1916 1412 1976; x_wconf 87' lang='lat' dir='ltr'>quam·</span> 
     </span>
     <span class='ocr_line' id='line_1_16' title="bbox 125 1999 1414 2079; baseline -0.001 -17"><span class='ocrx_word' id='word_1_140' title='bbox 125 2018 215 2079; x_wconf 89' lang='lat' dir='ltr'>quam</span> <span class='ocrx_word' id='word_1_141' title='bbox 236 1999 347 2062; x_wconf 93' lang='lat' dir='ltr'>bonum</span> <span class='ocrx_word' id='word_1_142' title='bbox 370 2008 421 2062; x_wconf 88' lang='lat' dir='ltr'>aut</span> <span class='ocrx_word' id='word_1_143' title='bbox 442 1999 551 2061; x_wconf 89' lang='lat' dir='ltr'>malum</span> <span class='ocrx_word' id='word_1_144' title='bbox 580 2000 719 2071; x_wconf 82' lang='lat' dir='ltr'>addatur,</span> <span class='ocrx_word' id='word_1_145' title='bbox 748 2019 808 2063; x_wconf 91' lang='lat' dir='ltr'>non</span> <span class='ocrx_word' id='word_1_146' title='bbox 836 2002 1020 2061; x_wconf 90' lang='lat' dir='ltr'>consumitur</span> <span class='ocrx_word' id='word_1_147' title='bbox 1047 2001 1193 2077; x_wconf 89' lang='lat' dir='ltr'>priuatam</span> <span class='ocrx_word' id='word_1_148' title='bbox 1222 1999 1414 2061; x_wconf 84' lang='lat' dir='ltr'>substantiam</span> 
     </span>
     <span class='ocr_line' id='line_1_17' title="bbox 124 2101 1412 2183; baseline 0 -20"><span class='ocrx_word' id='word_1_149' title='bbox 124 2101 239 2181; x_wconf 87' lang='lat' dir='ltr'>(-ciam)</span> <span class='ocrx_word' id='word_1_150' title='bbox 255 2102 503 2181; x_wconf 87' lang='lat' dir='ltr'>singularitatem:</span> <span class='ocrx_word' id='word_1_151' title='bbox 526 2110 555 2163; x_wconf 89' lang='lat' dir='ltr'>et</span> <span class='ocrx_word' id='word_1_152' title='bbox 571 2103 731 2173; x_wconf 83' lang='lat' dir='ltr'>hominem,</span> <span class='ocrx_word' id='word_1_153' title='bbox 748 2101 825 2181; x_wconf 87' lang='lat' dir='ltr'>quod</span> <span class='ocrx_word' id='word_1_154' title='bbox 842 2111 887 2163; x_wconf 89' lang='lat' dir='ltr'>est</span> <span class='ocrx_word' id='word_1_155' title='bbox 901 2101 1082 2165; x_wconf 87' lang='lat' dir='ltr'>substantiae</span> <span class='ocrx_word' id='word_1_156' title='bbox 1100 2101 1218 2182; x_wconf 79' lang='lat' dir='ltr'>l-ciae),</span> <span class='ocrx_word' id='word_1_157' title='bbox 1242 2111 1270 2163; x_wconf 88' lang='lat' dir='ltr'>et</span> <span class='ocrx_word' id='word_1_158' title='bbox 1284 2111 1412 2183; x_wconf 82' lang='lat' dir='ltr'>poetam,</span> 
     </span>
     <span class='ocr_line' id='line_1_18' title="bbox 125 2202 930 2285; baseline 0 -20"><span class='ocrx_word' id='word_1_159' title='bbox 125 2205 204 2285; x_wconf 83' lang='lat' dir='ltr'>quau</span> <span class='ocrx_word' id='word_1_160' title='bbox 227 2213 272 2266; x_wconf 92' lang='grc' dir='ltr'>εει</span> <span class='ocrx_word' id='word_1_161' title='bbox 292 2203 448 2285; x_wconf 83' lang='lat' dir='ltr'>qualitatis,</span> <span class='ocrx_word' id='word_1_162' title='bbox 471 2203 595 2264; x_wconf 88' lang='lat' dir='ltr'>ostendo</span> <span class='ocrx_word' id='word_1_163' title='bbox 618 2203 720 2265; x_wconf 88' lang='lat' dir='ltr'>dicens</span> <span class='ocrx_word' id='word_1_164' title='bbox 743 2202 930 2283; x_wconf 78' lang='lat' dir='ltr'>‘Virgilium&#39;.</span> 
     </span>
    </p>
   </div>
   <div class='ocr_carea' id='block_1_8' title="bbox 81 2320 1414 4855">
    <p class='ocr_par' dir='ltr' id='par_1_9' title="bbox 122 2320 1414 3014">
     <span class='ocr_line' id='line_1_19' title="bbox 209 2320 1414 2404; baseline 0 -20"><span class='ocrx_word' id='word_1_165' title='bbox 209 2342 238 2403; x_wconf 92' lang='lat' dir='ltr'>p.</span> <span class='ocrx_word' id='word_1_166' title='bbox 261 2320 313 2392; x_wconf 80' lang='lat'>58,</span> <span class='ocrx_word' id='word_1_167' title='bbox 335 2320 378 2383; x_wconf 90' lang='grc'>26</span> <span class='ocrx_word' id='word_1_168' title='bbox 400 2341 474 2403; x_wconf 82' lang='lat' dir='ltr'>quac</span> <span class='ocrx_word' id='word_1_169' title='bbox 497 2320 663 2402; x_wconf 85' lang='lat' dir='ltr'>philosophi</span> <span class='ocrx_word' id='word_1_170' title='bbox 686 2333 782 2384; x_wconf 86' lang='lat' dir='ltr'>atoma</span> <span class='ocrx_word' id='word_1_171' title='bbox 804 2322 937 2404; x_wconf 66' lang='lat' dir='ltr'>uocant}</span> <span class='ocrx_word' id='word_1_172' title='bbox 976 2324 1019 2384; x_wconf 81' lang='lat' dir='ltr'>hd</span> <span class='ocrx_word' id='word_1_173' title='bbox 1043 2333 1181 2386; x_wconf 90' lang='lat' dir='ltr'>neutrum</span> <span class='ocrx_word' id='word_1_174' title='bbox 1203 2341 1312 2402; x_wconf 79' lang='lat' dir='ltr'>genus,</span> <span class='ocrx_word' id='word_1_175' title='bbox 1335 2323 1414 2403; x_wconf 89' lang='lat' dir='ltr'>quad</span> 
     </span>
     <span class='ocr_line' id='line_1_20' title="bbox 124 2425 1414 2506; baseline -0.001 -20"><span class='ocrx_word' id='word_1_176' title='bbox 124 2432 172 2487; x_wconf 91' lang='grc' dir='ltr'>εει</span> <span class='ocrx_word' id='word_1_177' title='bbox 199 2434 344 2495; x_wconf 88' lang='lat' dir='ltr'>atomum,</span> <span class='ocrx_word' id='word_1_178' title='bbox 373 2443 406 2485; x_wconf 91' lang='lat' dir='ltr'>se</span> <span class='ocrx_word' id='word_1_179' title='bbox 435 2425 550 2486; x_wconf 89' lang='lat' dir='ltr'>conlert</span> <span class='ocrx_word' id='word_1_180' title='bbox 577 2425 679 2485; x_wconf 87' lang='lat' dir='ltr'>dicens</span> <span class='ocrx_word' id='word_1_181' title='bbox 708 2427 817 2506; x_wconf 80' lang='lat' dir='ltr'>‘quae&#39;.</span> <span class='ocrx_word' id='word_1_182' title='bbox 862 2425 920 2486; x_wconf 87' lang='lat' dir='ltr'>Sed</span> <span class='ocrx_word' id='word_1_183' title='bbox 951 2425 1016 2506; x_wconf 90' lang='lat' dir='ltr'>(que</span> <span class='ocrx_word' id='word_1_184' title='bbox 1040 2425 1082 2504; x_wconf 90' lang='lat' dir='ltr'>se)</span> <span class='ocrx_word' id='word_1_185' title='bbox 1112 2434 1228 2486; x_wconf 90' lang='lat' dir='ltr'>atomus</span> <span class='ocrx_word' id='word_1_186' title='bbox 1250 2425 1414 2486; x_wconf 90' lang='lat' dir='ltr'>secundum</span> 
     </span>
     <span class='ocr_line' id='line_1_21' title="bbox 122 2527 1414 2606; baseline -0.002 -17"><span class='ocrx_word' id='word_1_187' title='bbox 122 2527 292 2589; x_wconf 89' lang='lat' dir='ltr'>Seruium</span> <span class='ocrx_word' id='word_1_188' title='bbox 322 2528 381 2601; x_wconf 76' lang='lat' dir='ltr'>(aa</span> <span class='ocrx_word' id='word_1_189' title='bbox 400 2529 466 2588; x_wconf 85' lang='lat' dir='ltr'>Eat.</span> <span class='ocrx_word' id='word_1_190' title='bbox 499 2528 556 2603; x_wconf 88' lang='lat' dir='ltr'>VI,</span> <span class='ocrx_word' id='word_1_191' title='bbox 581 2532 633 2605; x_wconf 79' lang='lat'>31)</span> <span class='ocrx_word' id='word_1_192' title='bbox 663 2529 796 2588; x_wconf 82' lang='lat' dir='ltr'>seminini</span> <span class='ocrx_word' id='word_1_193' title='bbox 823 2528 940 2606; x_wconf 78' lang='lat' dir='ltr'>generis</span> <span class='ocrx_word' id='word_1_194' title='bbox 962 2535 1015 2588; x_wconf 90' lang='lat' dir='ltr'>est.</span> <span class='ocrx_word' id='word_1_195' title='bbox 1059 2529 1154 2589; x_wconf 69' lang='lat' dir='ltr'>atomi</span> <span class='ocrx_word' id='word_1_196' title='bbox 1184 2527 1254 2587; x_wconf 87' lang='lat' dir='ltr'>dicti</span> <span class='ocrx_word' id='word_1_197' title='bbox 1282 2537 1350 2588; x_wconf 91' lang='lat' dir='ltr'>sunt</span> <span class='ocrx_word' id='word_1_198' title='bbox 1379 2545 1414 2586; x_wconf 93' lang='lat' dir='ltr'>eo</span> 
     </span>
     <span class='ocr_line' id='line_1_22' title="bbox 124 2627 1412 2710; baseline -0.002 -20"><span class='ocrx_word' id='word_1_199' title='bbox 124 2629 203 2709; x_wconf 82' lang='lat' dir='ltr'>quorl</span> <span class='ocrx_word' id='word_1_200' title='bbox 225 2628 311 2710; x_wconf 75' lang='grc' dir='ltr'><strong><em>τομῇ</em></strong></span> <span class='ocrx_word' id='word_1_201' title='bbox 335 2630 432 2709; x_wconf 86' lang='lat' dir='ltr'>(temo)</span> <span class='ocrx_word' id='word_1_202' title='bbox 457 2628 534 2689; x_wconf 89' lang='lat' dir='ltr'>idest</span> <span class='ocrx_word' id='word_1_203' title='bbox 554 2631 686 2690; x_wconf 85' lang='lat' dir='ltr'>sectione</span> <span class='ocrx_word' id='word_1_204' title='bbox 709 2639 838 2690; x_wconf 86' lang='lat' dir='ltr'>careant.</span> <span class='ocrx_word' id='word_1_205' title='bbox 884 2629 958 2690; x_wconf 90' lang='lat' dir='ltr'>Sunt</span> <span class='ocrx_word' id='word_1_206' title='bbox 982 2631 1060 2691; x_wconf 89' lang='lat' dir='ltr'>enim</span> <span class='ocrx_word' id='word_1_207' title='bbox 1084 2627 1225 2707; x_wconf 85' lang='lat' dir='ltr'>quaedam</span> <span class='ocrx_word' id='word_1_208' title='bbox 1249 2630 1412 2689; x_wconf 85' lang='lat' dir='ltr'>minutissi-</span> 
     </span>
     <span class='ocr_line' id='line_1_23' title="bbox 123 2730 1414 2811; baseline -0.001 -20"><span class='ocrx_word' id='word_1_209' title='bbox 123 2749 189 2792; x_wconf 86' lang='lat' dir='ltr'>mae</span> <span class='ocrx_word' id='word_1_210' title='bbox 217 2741 316 2810; x_wconf 86' lang='lat' dir='ltr'>partes</span> <span class='ocrx_word' id='word_1_211' title='bbox 344 2730 434 2800; x_wconf 81' lang='lat' dir='ltr'>atleo,</span> <span class='ocrx_word' id='word_1_212' title='bbox 462 2739 494 2791; x_wconf 90' lang='lat' dir='ltr'>ut</span> <span class='ocrx_word' id='word_1_213' title='bbox 522 2749 578 2791; x_wconf 89' lang='lat' dir='ltr'>nec</span> <span class='ocrx_word' id='word_1_214' title='bbox 605 2733 688 2791; x_wconf 88' lang='lat' dir='ltr'>uisus</span> <span class='ocrx_word' id='word_1_215' title='bbox 715 2731 756 2791; x_wconf 91' lang='lat' dir='ltr'>eis</span> <span class='ocrx_word' id='word_1_216' title='bbox 784 2731 848 2792; x_wconf 81' lang='lat' dir='ltr'>uari</span> <span class='ocrx_word' id='word_1_217' title='bbox 869 2732 977 2810; x_wconf 87' lang='lat' dir='ltr'>possit,</span> <span class='ocrx_word' id='word_1_218' title='bbox 1007 2748 1081 2811; x_wconf 91' lang='lat' dir='ltr'>quas</span> <span class='ocrx_word' id='word_1_219' title='bbox 1103 2734 1190 2791; x_wconf 85' lang='lat' dir='ltr'>etiam</span> <span class='ocrx_word' id='word_1_220' title='bbox 1214 2731 1414 2792; x_wconf 86' lang='lat' dir='ltr'>Lucretius</span> 
     </span>
     <span class='ocr_line' id='line_1_24' title="bbox 125 2831 1411 2913; baseline 0 -21"><span class='ocrx_word' id='word_1_221' title='bbox 125 2831 308 2912; x_wconf 80' lang='lat' dir='ltr'>(lucrecium)</span> <span class='ocrx_word' id='word_1_222' title='bbox 340 2834 472 2894; x_wconf 89' lang='lat' dir='ltr'>minores</span> <span class='ocrx_word' id='word_1_223' title='bbox 500 2850 564 2893; x_wconf 88' lang='lat' dir='ltr'>esse</span> <span class='ocrx_word' id='word_1_224' title='bbox 592 2833 663 2892; x_wconf 85' lang='lat' dir='ltr'>dicit</span> <span class='ocrx_word' id='word_1_225' title='bbox 689 2831 748 2892; x_wconf 92' lang='lat' dir='ltr'>illis</span> <span class='ocrx_word' id='word_1_226' title='bbox 770 2831 955 2911; x_wconf 83' lang='lat' dir='ltr'>corpusculis</span> <span class='ocrx_word' id='word_1_227' title='bbox 978 2833 1088 2913; x_wconf 76' lang='lat' dir='ltr'>(cop-l,</span> <span class='ocrx_word' id='word_1_228' title='bbox 1117 2852 1191 2912; x_wconf 87' lang='lat' dir='ltr'>quac</span> <span class='ocrx_word' id='word_1_229' title='bbox 1223 2833 1360 2894; x_wconf 81' lang='lat' dir='ltr'>rrirleutur</span> <span class='ocrx_word' id='word_1_230' title='bbox 1382 2835 1411 2893; x_wconf 94' lang='lat' dir='ltr'>ia</span> 
     </span>
     <span class='ocr_line' id='line_1_25' title="bbox 124 2934 971 3014; baseline 0 -19"><span class='ocrx_word' id='word_1_231' title='bbox 124 2934 215 2996; x_wconf 85' lang='lat' dir='ltr'>radiis</span> <span class='ocrx_word' id='word_1_232' title='bbox 237 2934 308 2995; x_wconf 89' lang='lat' dir='ltr'>solis</span> <span class='ocrx_word' id='word_1_233' title='bbox 330 2953 384 3014; x_wconf 90' lang='lat' dir='ltr'>per</span> <span class='ocrx_word' id='word_1_234' title='bbox 407 2934 568 2997; x_wconf 82' lang='lat' dir='ltr'>fenestram</span> <span class='ocrx_word' id='word_1_235' title='bbox 589 2935 702 3002; x_wconf 88' lang='lat' dir='ltr'>inlusis,</span> <span class='ocrx_word' id='word_1_236' title='bbox 725 2934 770 3007; x_wconf 84' lang='lat' dir='ltr'>cs.</span> <span class='ocrx_word' id='word_1_237' title='bbox 794 2935 881 2996; x_wconf 87' lang='lat' dir='ltr'>Seru.</span> <span class='ocrx_word' id='word_1_238' title='bbox 905 2937 926 2994; x_wconf 89' lang='lat' dir='ltr'>l.</span> <span class='ocrx_word' id='word_1_239' title='bbox 949 2937 971 2995; x_wconf 89' lang='lat' dir='ltr'>l.</span> 
     </span>
    </p>

    <p class='ocr_par' dir='ltr' id='par_1_10' title="bbox 209 3034 847 3117">
     <span class='ocr_line' id='line_1_26' title="bbox 209 3034 847 3117; baseline -0.003 -20"><span class='ocrx_word' id='word_1_240' title='bbox 209 3055 238 3117; x_wconf 90' lang='lat' dir='ltr'>p.</span> <span class='ocrx_word' id='word_1_241' title='bbox 263 3034 332 3107; x_wconf 80' lang='lat'>150,</span> <span class='ocrx_word' id='word_1_242' title='bbox 359 3035 397 3099; x_wconf 88' lang='lat'>13</span> <span class='ocrx_word' id='word_1_243' title='bbox 420 3036 495 3099; x_wconf 92' lang='lat' dir='ltr'>liber</span> <span class='ocrx_word' id='word_1_244' title='bbox 517 3035 624 3097; x_wconf 88' lang='lat' dir='ltr'>animal</span> <span class='ocrx_word' id='word_1_245' title='bbox 648 3036 723 3097; x_wconf 85' lang='lat' dir='ltr'>idest</span> <span class='ocrx_word' id='word_1_246' title='bbox 745 3035 847 3098; x_wconf 89' lang='lat' dir='ltr'>beuer.</span> 
     </span>
    </p>

    <p class='ocr_par' dir='ltr' id='par_1_11' title="bbox 209 3135 1348 3219">
     <span class='ocr_line' id='line_1_27' title="bbox 209 3135 1348 3219; baseline 0.001 -20"><span class='ocrx_word' id='word_1_247' title='bbox 209 3158 238 3219; x_wconf 94' lang='lat' dir='ltr'>p.</span> <span class='ocrx_word' id='word_1_248' title='bbox 261 3135 333 3209; x_wconf 79' lang='grc'><strong>207,</strong></span> <span class='ocrx_word' id='word_1_249' title='bbox 360 3135 399 3200; x_wconf 92' lang='grc'>10</span> <span class='ocrx_word' id='word_1_250' title='bbox 420 3139 581 3200; x_wconf 86' lang='lat' dir='ltr'>Titinnius:</span> <span class='ocrx_word' id='word_1_251' title='bbox 605 3137 675 3218; x_wconf 89' lang='lat' dir='ltr'>quid</span> <span class='ocrx_word' id='word_1_252' title='bbox 697 3137 809 3219; x_wconf 80' lang='lat' dir='ltr'>rogas]</span> <span class='ocrx_word' id='word_1_253' title='bbox 845 3137 980 3200; x_wconf 84' lang='lat' dir='ltr'>Fortasse</span> <span class='ocrx_word' id='word_1_254' title='bbox 1003 3140 1193 3201; x_wconf 87' lang='lat' dir='ltr'>concubitum</span> <span class='ocrx_word' id='word_1_255' title='bbox 1216 3139 1348 3219; x_wconf 79' lang='lat' dir='ltr'>rogabat.</span> 
     </span>
    </p>

    <p class='ocr_par' dir='ltr' id='par_1_12' title="bbox 81 3237 1411 3425">
     <span class='ocr_line' id='line_1_28' title="bbox 209 3237 1411 3323; baseline 0.004 -24"><span class='ocrx_word' id='word_1_256' title='bbox 209 3258 238 3319; x_wconf 91' lang='lat' dir='ltr'>p.</span> <span class='ocrx_word' id='word_1_257' title='bbox 261 3237 332 3309; x_wconf 90' lang='grc'>221,</span> <span class='ocrx_word' id='word_1_258' title='bbox 360 3238 398 3301; x_wconf 89' lang='grc'>14</span> <span class='ocrx_word' id='word_1_259' title='bbox 419 3241 492 3302; x_wconf 79' lang='lat' dir='ltr'>ltien</span> <span class='ocrx_word' id='word_1_260' title='bbox 508 3241 669 3309; x_wconf 87' lang='lat' dir='ltr'>testiculus,</span> <span class='ocrx_word' id='word_1_261' title='bbox 686 3241 764 3301; x_wconf 89' lang='lat' dir='ltr'>unde</span> <span class='ocrx_word' id='word_1_262' title='bbox 782 3239 953 3303; x_wconf 82' lang='lat' dir='ltr'>Plautus:</span> <span class='ocrx_word' id='word_1_263' title='bbox 976 3241 1078 3320; x_wconf 79' lang='lat' dir='ltr'>glaber</span> <span class='ocrx_word' id='word_1_264' title='bbox 1094 3251 1158 3304; x_wconf 89' lang='lat' dir='ltr'>crat</span> <span class='ocrx_word' id='word_1_265' title='bbox 1172 3250 1318 3323; x_wconf 88' lang='lat' dir='ltr'>tamquam</span> <span class='ocrx_word' id='word_1_266' title='bbox 1335 3244 1411 3304; x_wconf 90' lang='lat' dir='ltr'>rien.</span> 
     </span>
     <span class='ocr_line' id='line_1_29' title="bbox 81 3338 1254 3425; baseline 0.002 -24"><span class='ocrx_word' id='word_1_267' title='bbox 81 3394 90 3413; x_wconf 81' lang='grc'><strong>,</strong></span> <span class='ocrx_word' id='word_1_268' title='bbox 209 3361 238 3423; x_wconf 90' lang='lat' dir='ltr'>p.</span> <span class='ocrx_word' id='word_1_269' title='bbox 260 3338 332 3412; x_wconf 91' lang='grc'><strong>222,</strong></span> <span class='ocrx_word' id='word_1_270' title='bbox 354 3339 397 3403; x_wconf 89' lang='grc'>20</span> <span class='ocrx_word' id='word_1_271' title='bbox 417 3340 569 3422; x_wconf 67' lang='lat' dir='ltr'>aduncae]</span> <span class='ocrx_word' id='word_1_272' title='bbox 597 3343 659 3403; x_wconf 89' lang='lat' dir='ltr'>Vna</span> <span class='ocrx_word' id='word_1_273' title='bbox 681 3360 748 3420; x_wconf 85' lang='lat' dir='ltr'>pars</span> <span class='ocrx_word' id='word_1_274' title='bbox 771 3352 800 3403; x_wconf 92' lang='lat' dir='ltr'>et</span> <span class='ocrx_word' id='word_1_275' title='bbox 822 3341 1008 3420; x_wconf 85' lang='lat' dir='ltr'>interlegitur</span> <span class='ocrx_word' id='word_1_276' title='bbox 1031 3362 1142 3405; x_wconf 89' lang='lat' dir='ltr'>curaae</span> <span class='ocrx_word' id='word_1_277' title='bbox 1165 3345 1254 3425; x_wconf 79' lang='lat' dir='ltr'>l-ue).</span> 
     </span>
    </p>

    <p class='ocr_par' dir='ltr' id='par_1_13' title="bbox 124 3440 1411 3625">
     <span class='ocr_line' id='line_1_30' title="bbox 210 3440 1411 3526; baseline 0.002 -23"><span class='ocrx_word' id='word_1_278' title='bbox 210 3462 238 3523; x_wconf 93' lang='lat' dir='ltr'>p.</span> <span class='ocrx_word' id='word_1_279' title='bbox 262 3440 333 3512; x_wconf 76' lang='lat'><strong>297,</strong></span> <span class='ocrx_word' id='word_1_280' title='bbox 360 3440 398 3504; x_wconf 89' lang='lat'>16</span> <span class='ocrx_word' id='word_1_281' title='bbox 420 3443 589 3524; x_wconf 88' lang='lat' dir='ltr'>hlncstbeo]</span> <span class='ocrx_word' id='word_1_282' title='bbox 618 3444 776 3505; x_wconf 87' lang='lat' dir='ltr'>Seruius</span> <span class='ocrx_word' id='word_1_283' title='bbox 806 3444 899 3505; x_wconf 92' lang='lat' dir='ltr'>uoluit</span> <span class='ocrx_word' id='word_1_284' title='bbox 926 3446 1131 3507; x_wconf 81' lang='lat' dir='ltr'>‘Menestheo&#39;</span> <span class='ocrx_word' id='word_1_285' title='bbox 1155 3455 1277 3526; x_wconf 87' lang='lat' dir='ltr'>propter</span> <span class='ocrx_word' id='word_1_286' title='bbox 1300 3458 1411 3507; x_wconf 89' lang='lat' dir='ltr'>rectam</span> 
     </span>
     <span class='ocr_line' id='line_1_31' title="bbox 124 3545 940 3625; baseline 0.004 -20"><span class='ocrx_word' id='word_1_287' title='bbox 124 3547 313 3606; x_wconf 90' lang='lat' dir='ltr'>scansionem</span> <span class='ocrx_word' id='word_1_288' title='bbox 335 3546 422 3606; x_wconf 89' lang='lat' dir='ltr'>metri</span> <span class='ocrx_word' id='word_1_289' title='bbox 445 3546 500 3618; x_wconf 80' lang='lat' dir='ltr'>(cs.</span> <span class='ocrx_word' id='word_1_290' title='bbox 522 3545 609 3606; x_wconf 87' lang='lat' dir='ltr'>Sera.</span> <span class='ocrx_word' id='word_1_291' title='bbox 634 3549 677 3606; x_wconf 79' lang='lat' dir='ltr'>aa</span> <span class='ocrx_word' id='word_1_292' title='bbox 697 3546 771 3606; x_wconf 84' lang='lat' dir='ltr'>Aea.</span> <span class='ocrx_word' id='word_1_293' title='bbox 794 3549 836 3617; x_wconf 83' lang='grc' dir='ltr'>Χ,</span> <span class='ocrx_word' id='word_1_294' title='bbox 862 3552 940 3625; x_wconf 74' lang='grc'>129).</span> 
     </span>
    </p>

    <p class='ocr_par' dir='ltr' id='par_1_14' title="bbox 125 3643 1412 3830">
     <span class='ocr_line' id='line_1_32' title="bbox 206 3643 1412 3725; baseline 0.001 -17"><span class='ocrx_word' id='word_1_295' title='bbox 206 3664 235 3725; x_wconf 94' lang='lat' dir='ltr'>p.</span> <span class='ocrx_word' id='word_1_296' title='bbox 251 3643 323 3717; x_wconf 86' lang='grc'><strong>322,</strong></span> <span class='ocrx_word' id='word_1_297' title='bbox 342 3644 382 3708; x_wconf 88' lang='grc'>19</span> <span class='ocrx_word' id='word_1_298' title='bbox 404 3646 492 3708; x_wconf 83' lang='lat' dir='ltr'>Lelex</span> <span class='ocrx_word' id='word_1_299' title='bbox 508 3648 653 3708; x_wconf 89' lang='lat' dir='ltr'>Graecum</span> <span class='ocrx_word' id='word_1_300' title='bbox 670 3656 714 3708; x_wconf 88' lang='lat' dir='ltr'>cst</span> <span class='ocrx_word' id='word_1_301' title='bbox 730 3647 846 3709; x_wconf 89' lang='lat' dir='ltr'>Siculus</span> <span class='ocrx_word' id='word_1_302' title='bbox 862 3667 939 3723; x_wconf 79' lang='lat' dir='ltr'>uuus</span> <span class='ocrx_word' id='word_1_303' title='bbox 962 3668 997 3709; x_wconf 85' lang='lat' dir='ltr'>ex</span> <span class='ocrx_word' id='word_1_304' title='bbox 1012 3649 1110 3711; x_wconf 89' lang='lat' dir='ltr'>Sicilia</span> <span class='ocrx_word' id='word_1_305' title='bbox 1127 3657 1156 3709; x_wconf 89' lang='lat' dir='ltr'>et</span> <span class='ocrx_word' id='word_1_306' title='bbox 1171 3648 1292 3711; x_wconf 78' lang='lat' dir='ltr'>forsitan</span> <span class='ocrx_word' id='word_1_307' title='bbox 1309 3651 1412 3711; x_wconf 86' lang='lat' dir='ltr'>Graeci</span> 
     </span>
     <span class='ocr_line' id='line_1_33' title="bbox 125 3748 1155 3830; baseline 0.003 -20"><span class='ocrx_word' id='word_1_308' title='bbox 125 3748 212 3810; x_wconf 81' lang='lat' dir='ltr'>aliam</span> <span class='ocrx_word' id='word_1_309' title='bbox 237 3750 474 3811; x_wconf 88' lang='lat' dir='ltr'>terminationem</span> <span class='ocrx_word' id='word_1_310' title='bbox 498 3748 606 3809; x_wconf 90' lang='lat' dir='ltr'>habent</span> <span class='ocrx_word' id='word_1_311' title='bbox 627 3751 657 3809; x_wconf 93' lang='lat' dir='ltr'>in</span> <span class='ocrx_word' id='word_1_312' title='bbox 680 3750 821 3811; x_wconf 79' lang='lat' dir='ltr'>feminino</span> <span class='ocrx_word' id='word_1_313' title='bbox 844 3768 954 3828; x_wconf 78' lang='lat' dir='ltr'>genere</span> <span class='ocrx_word' id='word_1_314' title='bbox 976 3769 1067 3830; x_wconf 88' lang='lat' dir='ltr'>super</span> <span class='ocrx_word' id='word_1_315' title='bbox 1089 3749 1155 3813; x_wconf 92' lang='lat' dir='ltr'>boc.</span> 
     </span>
    </p>

    <p class='ocr_par' dir='ltr' id='par_1_15' title="bbox 121 3848 1413 4034">
     <span class='ocr_line' id='line_1_34' title="bbox 207 3848 1413 3933; baseline 0 -21"><span class='ocrx_word' id='word_1_316' title='bbox 207 3869 236 3930; x_wconf 94' lang='lat' dir='ltr'>p.</span> <span class='ocrx_word' id='word_1_317' title='bbox 259 3848 374 3920; x_wconf 83' lang='lat'>418‚8</span> <span class='ocrx_word' id='word_1_318' title='bbox 404 3848 551 3919; x_wconf 83' lang='lat' dir='ltr'>Quantum</span> <span class='ocrx_word' id='word_1_319' title='bbox 579 3851 614 3910; x_wconf 84' lang='lat' dir='ltr'>ad</span> <span class='ocrx_word' id='word_1_320' title='bbox 644 3869 730 3912; x_wconf 90' lang='lat' dir='ltr'>usum</span> <span class='ocrx_word' id='word_1_321' title='bbox 759 3853 908 3913; x_wconf 92' lang='lat' dir='ltr'>iuniorum</span> <span class='ocrx_word' id='word_1_322' title='bbox 938 3852 1140 3931; x_wconf 82' lang='lat' dir='ltr'>(ionicorum),</span> <span class='ocrx_word' id='word_1_323' title='bbox 1169 3852 1246 3932; x_wconf 90' lang='lat' dir='ltr'>apud</span> <span class='ocrx_word' id='word_1_324' title='bbox 1276 3855 1413 3933; x_wconf 78' lang='lat' dir='ltr'>antiquos</span> 
     </span>
     <span class='ocr_line' id='line_1_35' title="bbox 121 3951 820 4034; baseline -0.004 -20"><span class='ocrx_word' id='word_1_325' title='bbox 121 3952 234 4034; x_wconf 90' lang='lat' dir='ltr'>lupiter</span> <span class='ocrx_word' id='word_1_326' title='bbox 257 3952 345 4015; x_wconf 92' lang='lat' dir='ltr'>huius</span> <span class='ocrx_word' id='word_1_327' title='bbox 367 3954 506 4031; x_wconf 89' lang='lat' dir='ltr'>luppilris</span> <span class='ocrx_word' id='word_1_328' title='bbox 529 3952 577 4012; x_wconf 89' lang='lat' dir='ltr'>uel</span> <span class='ocrx_word' id='word_1_329' title='bbox 599 3951 737 4032; x_wconf 89' lang='lat' dir='ltr'>lrrpiteris</span> <span class='ocrx_word' id='word_1_330' title='bbox 758 3954 820 4014; x_wconf 88' lang='lat' dir='ltr'>luit.</span> 
     </span>
    </p>

    <p class='ocr_par' dir='ltr' id='par_1_16' title="bbox 123 4052 1414 4338">
     <span class='ocr_line' id='line_1_36' title="bbox 207 4052 1414 4135; baseline 0.001 -19"><span class='ocrx_word' id='word_1_331' title='bbox 207 4074 237 4135; x_wconf 92' lang='lat' dir='ltr'>p.</span> <span class='ocrx_word' id='word_1_332' title='bbox 259 4053 332 4126; x_wconf 88' lang='grc'><strong>438,</strong></span> <span class='ocrx_word' id='word_1_333' title='bbox 359 4054 397 4117; x_wconf 82' lang='grc'>15</span> <span class='ocrx_word' id='word_1_334' title='bbox 419 4053 504 4115; x_wconf 92' lang='lat' dir='ltr'>labor</span> <span class='ocrx_word' id='word_1_335' title='bbox 526 4052 617 4134; x_wconf 70' lang='lat' dir='ltr'>uallo]</span> <span class='ocrx_word' id='word_1_336' title='bbox 645 4054 725 4115; x_wconf 88' lang='lat' dir='ltr'>llaec</span> <span class='ocrx_word' id='word_1_337' title='bbox 747 4056 806 4115; x_wconf 89' lang='lat' dir='ltr'>dua</span> <span class='ocrx_word' id='word_1_338' title='bbox 829 4057 1005 4135; x_wconf 85' lang='lat' dir='ltr'>interposuit</span> <span class='ocrx_word' id='word_1_339' title='bbox 1034 4057 1137 4116; x_wconf 87' lang='lat' dir='ltr'>tertiae</span> <span class='ocrx_word' id='word_1_340' title='bbox 1160 4055 1251 4116; x_wconf 91' lang='lat' dir='ltr'>uerba</span> <span class='ocrx_word' id='word_1_341' title='bbox 1274 4059 1414 4133; x_wconf 86' lang='lat' dir='ltr'>coniuga-</span> 
     </span>
     <span class='ocr_line' id='line_1_37' title="bbox 124 4157 1411 4239; baseline -0.001 -20"><span class='ocrx_word' id='word_1_342' title='bbox 124 4159 214 4219; x_wconf 88' lang='lat' dir='ltr'>tioais</span> <span class='ocrx_word' id='word_1_343' title='bbox 236 4168 265 4218; x_wconf 89' lang='lat' dir='ltr'>et</span> <span class='ocrx_word' id='word_1_344' title='bbox 288 4175 390 4219; x_wconf 88' lang='lat' dir='ltr'>eorum</span> <span class='ocrx_word' id='word_1_345' title='bbox 407 4159 579 4235; x_wconf 88' lang='lat' dir='ltr'>composita,</span> <span class='ocrx_word' id='word_1_346' title='bbox 602 4167 635 4217; x_wconf 93' lang='lat' dir='ltr'>ut</span> <span class='ocrx_word' id='word_1_347' title='bbox 649 4175 741 4236; x_wconf 88' lang='lat' dir='ltr'>pauca</span> <span class='ocrx_word' id='word_1_348' title='bbox 759 4160 845 4217; x_wconf 89' lang='lat' dir='ltr'>etiam</span> <span class='ocrx_word' id='word_1_349' title='bbox 862 4157 993 4232; x_wconf 86' lang='lat' dir='ltr'>alterius,</span> <span class='ocrx_word' id='word_1_350' title='bbox 1015 4175 1102 4236; x_wconf 87' lang='lat' dir='ltr'>qnam</span> <span class='ocrx_word' id='word_1_351' title='bbox 1126 4159 1238 4239; x_wconf 89' lang='lat' dir='ltr'>primae</span> <span class='ocrx_word' id='word_1_352' title='bbox 1262 4167 1291 4218; x_wconf 90' lang='lat' dir='ltr'>et</span> <span class='ocrx_word' id='word_1_353' title='bbox 1305 4176 1411 4218; x_wconf 87' lang='lat' dir='ltr'>sccun-</span> 
     </span>
     <span class='ocr_line' id='line_1_38' title="bbox 123 4259 1048 4338; baseline 0.001 -18"><span class='ocrx_word' id='word_1_354' title='bbox 123 4259 178 4320; x_wconf 82' lang='lat' dir='ltr'>‹lae</span> <span class='ocrx_word' id='word_1_355' title='bbox 200 4279 265 4321; x_wconf 88' lang='lat' dir='ltr'>esse</span> <span class='ocrx_word' id='word_1_356' title='bbox 287 4262 317 4320; x_wconf 93' lang='lat' dir='ltr'>in</span> <span class='ocrx_word' id='word_1_357' title='bbox 340 4259 553 4338; x_wconf 88' lang='lat' dir='ltr'>compositione</span> <span class='ocrx_word' id='word_1_358' title='bbox 576 4276 636 4318; x_wconf 91' lang='lat' dir='ltr'>nou</span> <span class='ocrx_word' id='word_1_359' title='bbox 659 4260 799 4319; x_wconf 89' lang='lat' dir='ltr'>mutantia</span> <span class='ocrx_word' id='word_1_360' title='bbox 821 4277 836 4319; x_wconf 91' lang='lat' dir='ltr'>a</span> <span class='ocrx_word' id='word_1_361' title='bbox 861 4267 1048 4324; x_wconf 90' lang='lat' dir='ltr'>monstraret.</span> 
     </span>
    </p>

    <p class='ocr_par' dir='ltr' id='par_1_17' title="bbox 124 4356 1410 4543">
     <span class='ocr_line' id='line_1_39' title="bbox 208 4356 1410 4441; baseline 0.001 -20"><span class='ocrx_word' id='word_1_362' title='bbox 208 4381 236 4440; x_wconf 96' lang='lat' dir='ltr'>p.</span> <span class='ocrx_word' id='word_1_363' title='bbox 259 4357 339 4431; x_wconf 83' lang='lat'>438,</span> <span class='ocrx_word' id='word_1_364' title='bbox 361 4356 403 4420; x_wconf 91' lang='grc'>22</span> <span class='ocrx_word' id='word_1_365' title='bbox 431 4358 583 4438; x_wconf 79' lang='lat' dir='ltr'>l‘aciscor]</span> <span class='ocrx_word' id='word_1_366' title='bbox 612 4378 714 4438; x_wconf 89' lang='lat' dir='ltr'>pacem</span> <span class='ocrx_word' id='word_1_367' title='bbox 738 4361 824 4421; x_wconf 89' lang='lat' dir='ltr'>lacio.</span> <span class='ocrx_word' id='word_1_368' title='bbox 853 4361 1065 4439; x_wconf 73' lang='lat' dir='ltr'>‘Depeciscor&#39;</span> <span class='ocrx_word' id='word_1_369' title='bbox 1095 4361 1174 4422; x_wconf 73' lang='lat' dir='ltr'>illem</span> <span class='ocrx_word' id='word_1_370' title='bbox 1202 4361 1279 4440; x_wconf 86' lang='lat' dir='ltr'>quod</span> <span class='ocrx_word' id='word_1_371' title='bbox 1309 4370 1339 4422; x_wconf 90' lang='grc' dir='ltr'><strong>ει</strong></span> <span class='ocrx_word' id='word_1_372' title='bbox 1360 4381 1410 4441; x_wconf 88' lang='lat' dir='ltr'>pa·</span> 
     </span>
     <span class='ocr_line' id='line_1_40' title="bbox 124 4461 1320 4543; baseline 0 -20"><span class='ocrx_word' id='word_1_373' title='bbox 124 4466 232 4534; x_wconf 88' lang='lat' dir='ltr'>cisoor,</span> <span class='ocrx_word' id='word_1_374' title='bbox 256 4480 433 4542; x_wconf 86' lang='lat' dir='ltr'>quamquam</span> <span class='ocrx_word' id='word_1_375' title='bbox 457 4462 576 4522; x_wconf 89' lang='lat' dir='ltr'>Scotti</span> <span class='ocrx_word' id='word_1_376' title='bbox 599 4461 730 4521; x_wconf 84' lang='lat' dir='ltr'>tradant:</span> <span class='ocrx_word' id='word_1_377' title='bbox 754 4462 937 4541; x_wconf 77' lang='lat' dir='ltr'>‘depeciscor</span> <span class='ocrx_word' id='word_1_378' title='bbox 961 4464 1141 4523; x_wconf 89' lang='lat' dir='ltr'>contrarium</span> <span class='ocrx_word' id='word_1_379' title='bbox 1164 4465 1320 4543; x_wconf 85' lang='lat' dir='ltr'>paciscor’.</span> 
     </span>
    </p>

    <p class='ocr_par' dir='ltr' id='par_1_18' title="bbox 96 4561 1413 4746">
     <span class='ocr_line' id='line_1_41' title="bbox 208 4561 1413 4644; baseline -0.001 -18"><span class='ocrx_word' id='word_1_380' title='bbox 208 4584 236 4644; x_wconf 93' lang='lat' dir='ltr'>p.</span> <span class='ocrx_word' id='word_1_381' title='bbox 260 4562 336 4634; x_wconf 85' lang='lat'><em>488,</em></span> <span class='ocrx_word' id='word_1_382' title='bbox 364 4561 402 4625; x_wconf 87' lang='grc'>19</span> <span class='ocrx_word' id='word_1_383' title='bbox 430 4562 508 4643; x_wconf 90' lang='lat' dir='ltr'>clco]</span> <span class='ocrx_word' id='word_1_384' title='bbox 538 4564 632 4632; x_wconf 89' lang='lat' dir='ltr'>socio,</span> <span class='ocrx_word' id='word_1_385' title='bbox 664 4563 734 4624; x_wconf 87' lang='lat' dir='ltr'>inde</span> <span class='ocrx_word' id='word_1_386' title='bbox 762 4564 856 4625; x_wconf 87' lang='lat' dir='ltr'>aliens</span> <span class='ocrx_word' id='word_1_387' title='bbox 882 4566 994 4625; x_wconf 90' lang='lat' dir='ltr'>socius:</span> <span class='ocrx_word' id='word_1_388' title='bbox 1022 4566 1065 4625; x_wconf 91' lang='lat' dir='ltr'>sic</span> <span class='ocrx_word' id='word_1_389' title='bbox 1094 4565 1214 4626; x_wconf 89' lang='lat' dir='ltr'>Scotti</span> <span class='ocrx_word' id='word_1_390' title='bbox 1242 4565 1306 4640; x_wconf 80' lang='lat' dir='ltr'>(cf.</span> <span class='ocrx_word' id='word_1_391' title='bbox 1335 4582 1413 4642; x_wconf 84' lang='lat' dir='ltr'>quae</span> 
     </span>
     <span class='ocr_line' id='line_1_42' title="bbox 96 4664 1413 4746; baseline -0.001 -18"><span class='ocrx_word' id='word_1_392' title='bbox 96 4710 99 4715; x_wconf 89' lang='lat'><em>-</em></span> <span class='ocrx_word' id='word_1_393' title='bbox 123 4668 267 4729; x_wconf 83' lang='lat' dir='ltr'>Hertzius</span> <span class='ocrx_word' id='word_1_394' title='bbox 287 4686 327 4728; x_wconf 78' lang='lat' dir='ltr'>ea</span> <span class='ocrx_word' id='word_1_395' title='bbox 347 4669 449 4727; x_wconf 79' lang='lat' dir='ltr'>eodem</span> <span class='ocrx_word' id='word_1_396' title='bbox 471 4665 577 4727; x_wconf 74' lang='lat' dir='ltr'>coelice</span> <span class='ocrx_word' id='word_1_397' title='bbox 594 4664 781 4727; x_wconf 82' lang='lat' dir='ltr'>Er‘rtsidlensr&#39;</span> <span class='ocrx_word' id='word_1_398' title='bbox 798 4665 962 4746; x_wconf 83' lang='lat' dir='ltr'>proposuit</span> <span class='ocrx_word' id='word_1_399' title='bbox 977 4665 1086 4743; x_wconf 82' lang='lat' dir='ltr'>praes.</span> <span class='ocrx_word' id='word_1_400' title='bbox 1100 4684 1133 4743; x_wconf 90' lang='lat' dir='ltr'>p.</span> <span class='ocrx_word' id='word_1_401' title='bbox 1151 4667 1264 4726; x_wconf 78' lang='lat' dir='ltr'><em>XXIX</em></span> <span class='ocrx_word' id='word_1_402' title='bbox 1278 4675 1340 4728; x_wconf 87' lang='lat' dir='ltr'>nal.</span> <span class='ocrx_word' id='word_1_403' title='bbox 1362 4673 1413 4727; x_wconf 80' lang='lat'>109</span> 
     </span>
    </p>

    <p class='ocr_par' dir='ltr' id='par_1_19' title="bbox 125 4769 969 4855">
     <span class='ocr_line' id='line_1_43' title="bbox 125 4769 969 4855; baseline -0.006 -20"><span class='ocrx_word' id='word_1_404' title='bbox 125 4781 153 4835; x_wconf 86' lang='lat' dir='ltr'>et</span> <span class='ocrx_word' id='word_1_405' title='bbox 173 4771 213 4837; x_wconf 81' lang='lat' dir='ltr'>II.</span> <span class='ocrx_word' id='word_1_406' title='bbox 236 4769 366 4837; x_wconf 82' lang='lat' dir='ltr'>Keillum</span> <span class='ocrx_word' id='word_1_407' title='bbox 386 4788 492 4855; x_wconf 77' lang='lat' dir='ltr'>propr.</span> <span class='ocrx_word' id='word_1_408' title='bbox 516 4772 644 4850; x_wconf 76' lang='lat' dir='ltr'>Ertanp.</span> <span class='ocrx_word' id='word_1_409' title='bbox 672 4776 746 4829; x_wconf 68' lang='lat'>1305</span> <span class='ocrx_word' id='word_1_410' title='bbox 762 4787 800 4849; x_wconf 87' lang='lat' dir='ltr'>p.</span> <span class='ocrx_word' id='word_1_411' title='bbox 822 4770 873 4832; x_wconf 80' lang='lat' dir='ltr'>IX</span> <span class='ocrx_word' id='word_1_412' title='bbox 892 4773 969 4849; x_wconf 77' lang='lat' dir='ltr'>sep.)</span> 
     </span>
    </p>
   </div>
   <div class='ocr_carea' id='block_1_9' title="bbox 0 0 1720 5378">
    <p class='ocr_par' dir='ltr' id='par_1_20' title="bbox 0 0 1720 5378">
     <span class='ocr_line' id='line_1_44' title="bbox 0 0 1720 5378; baseline 0 0"><span class='ocrx_word' id='word_1_413' title='bbox 0 0 1720 5378; x_wconf 95' lang='lat' dir='ltr'> </span> 
     </span>
    </p>
   </div>
  </div>
 </body>
</html>
