3420 5378
555 256 604 307 DE
624 255 746 308 LIBRIS
765 254 1041 307 TVRICENSIBVS.

388 446 529 503 Pentiresis
551 447 604 504 hoc
626 446 716 503 reddit
737 447 854 504 medinm
878 448 951 522 qnod
974 447 1086 520 sincopa
1109 447 1183 503 tollit

458 531 553 588 aucit
576 548 728 606 paragoge,
753 532 870 606 subripit
892 548 1024 606 apocope.
1256 522 1259 533 '

143 615 368 690 dmplriboloicon
404 625 447 672 cst
470 616 564 690 'figura
600 617 698 673 dubiae
732 620 865 675 orationis
896 619 968 673 sicut
998 634 1057 673 cram
1091 617 1192 691 aliquid
1225 616 1337 673 dicimus
1365 617 1438 690 ipmd

142 701 261 757 diuersis
288 701 376 757 rnodis
404 701 520 773 intelligi
547 711 640 776 potest
663 712 690 757 ct
712 704 820 777 quando
843 702 909 757 illud
932 719 963 757 ex
987 703 1119 759 inriustria
1141 702 1241 759 dicitur
1262 702 1363 758 tronum
1386 710 1439 772 est,

143 788 166 842 si
194 795 285 843 autem
313 803 345 841 ea
374 786 472 842 iudicio
501 788 614 843 dicimus
642 788 743 843 rrraium
765 797 816 843 est.
861 788 1015 843 l‘arentesis
1039 786 1124 861 figura
1148 789 1321 861 interpositio
1344 796 1388 843 est
1409 797 1440 843 ut

143 872 170 926 in
194 872 403 928 auctoribus
426 872 591 945 assignatur.
634 872 777 929 Periirasis
800 872 885 945 figura
908 880 950 926 est
979 873 1260 947 circumloquendum.
1306 872 1440 947 Yperbole

145 955 233 1029 ligura
257 965 299 1013 esi
321 959 442 1013 excessio
465 956 535 1014 sulci.
580 958 711 1032 Epilogus
734 957 819 1030 figura
842 965 885 1014 est
907 956 1001 1015 crebra
1025 959 1156 1032 repeticio
1179 957 1340 1014 sententiae.
1385 958 1442 1012 ilia·

140 1043 237 1098 sirtica
260 1042 347 1115 tigano
370 1051 413 1098 est
435 1043 523 1099 oratio
546 1043 709 1118 deceptoria.
753 1042 908 1100 Sinodoche
938 1043 1023 1116 dgirra
1049 1040 1089 1116 (i.)
1112 1051 1153 1098 est
1176 1043 1283 1117 quando
1305 1060 1368 1116 pars
1391 1060 1441 1115 pro

144 1135 204 1183 toto
234 1129 356 1201 ponitur.
407 1128 610 1202 Apostropliat‚
644 1129 690 1202 spiri
724 1127 756 1183 de
784 1129 894 1184 absente
921 1136 1057 1202 tamquam
1086 1144 1215 1202 praesens
1244 1129 1280 1183 sit
1308 1128 1440 1201 loquitur.

143 1213 272 1286 Apinosis
296 1210 460 1288 (lapidosis)
482 1222 527 1268 est
555 1211 639 1287 ingrana
669 1229 781 1286 magnae
804 1215 842 1270 rei
866 1214 975 1270 humilis
998 1214 1147 1287 descriptio
1170 1213 1213 1269 ιιοΙ
1237 1213 1317 1269 etiam
1341 1229 1441 1285 paruae

143 1298 182 1353 rei
206 1314 303 1370 magna
326 1297 485 1371 descriptio.

229 1420 394 1496 Sequitur:
422 1415 994 1508 oepuscbmuoucommacur.st

228 1550 359 1624 Reliqua
374 1556 472 1608 cettan
493 1549 566 1609 libri
581 1567 659 1625 pars
669 1549 741 1623 sere
755 1542 818 1611 tota
832 1551 963 1611 tremiliis
979 1546 1157 1610 Germanico
1170 1566 1306 1611 sermone
1320 1551 1443 1625 scriptis

144 1652 384 1725 tractatibusque
405 1652 535 1710 eiusdem
556 1655 677 1725 perieris
697 1655 821 1713 medicis
835 1656 950 1729 repleta
965 1660 1018 1712 est.
1049 1653 1173 1711 Iiierrim
1189 1653 1444 1729 Aeayptincormn
1468 1646 1470 1651 ’

144 1757 305 1828 carminis,
330 1755 412 1828 picoti
433 1760 519 1813 extant
535 1772 569 1829 p.
596 1762 664 1823 284,
689 1757 850 1814 Guilelmus
872 1754 1053 1814 Salaminius
1075 1757 1144 1813 olim
1171 1756 1346 1813 mentionem
1365 1753 1445 1826 fecit

144 1872 219 1915 mus.
245 1856 342 1915 Rlien.
370 1863 445 1913 tadi
464 1874 498 1932 p.
524 1863 590 1915 521.

233 1958 317 2028 {lirae
338 1974 410 2017 uero
433 1959 477 2016 ad
495 1961 727 2033 preunnmticam
748 1965 899 2034 spectant,
925 1960 1001 2017 testea
1022 1965 1108 2018 saud:

189 2098 215 2153 p.
233 2078 293 2136 285
310 2079 362 2136 coi.
380 2081 413 2134 1:
522 2080 641 2153 Regulae
664 2089 691 2136 et
714 2097 810 2137 uersus
833 2080 866 2136 de
890 2079 984 2135 formis
1007 2080 1226 2154 praeteriturum.

148 2200 242 2255 Omnia
271 2197 354 2253 uerba
383 2201 486 2272 primae
515 2200 718 2272 coniugationis
746 2207 773 2255 et
801 2199 906 2255 actiuae
929 2196 1128 2256 terminationis
1151 2217 1165 2254 a
1188 2199 1304 2255 secunda
1327 2214 1445 2272 persona

148 2284 301 2358 praesentis
332 2285 463 2358 ternporis
495 2283 613 2339 iormaut
641 2284 818 2357 paracteritum
846 2284 997 2359 perfectum
1027 2284 1131 2342 abiecta
1153 2303 1165 2339 s
1188 2284 1278 2341 littera
1307 2292 1335 2339 et
1357 2283 1444 2338 addita

149 2369 174 2424 ui
192 2367 298 2440 sillaba,
322 2377 352 2423 ut
374 2385 447 2425 antas
469 2371 558 2424 arriani
582 2370 699 2442 exceptis
716 2368 759 2423 XV
775 2388 835 2426 cum
859 2387 954 2426 eorum
977 2372 1127 2444 conpositis
1150 2370 1296 2443 plerisque.
1334 2367 1445 2424 ‘Pleris-

149 2470 202 2528 que
225 2453 388 2527 conpositis'
410 2454 471 2510 dico
495 2455 555 2510 ideo
579 2455 641 2528 quia
669 2457 812 2528 conposita
835 2473 848 2509 a
872 2455 944 2529 plico
973 2472 1033 2510 cum
1063 2454 1314 2529 praepusicionilms
1345 2454 1447 2509 iaciunt

148 2541 325 2613 plraeteritum
349 2541 375 2594 iu
399 2539 427 2594 ui
450 2540 553 2596 diuisas
576 2547 607 2595 ut
628 2539 759 2614 implicui.
804 2539 950 2612 Conposita
974 2557 1034 2595 cum
1057 2540 1212 2595 nominibus
1241 2540 1342 2596 iaciunt
1369 2555 1445 2612 prae·

84 2680 88 2691 ,
149 2625 258 2679 teritum
275 2625 300 2679 in
317 2626 380 2694 aui,
403 2633 434 2679 ut
449 2624 637 2697 multiplicaui.
675 2624 768 2680 omnia
785 2624 868 2680 ucria
885 2626 987 2698 primae
1002 2626 1203 2697 coniugationis
1220 2620 1258 2696 (in
1275 2641 1364 2695 marp.
1382 2622 1446 2693 ·ll·)‚

149 2726 219 2782 quae
248 2709 409 2779 regrrlariter
438 2709 555 2765 iornrani
583 2709 760 2783 praeteritum
784 2712 810 2765 in
834 2709 876 2764 aui
901 2711 929 2764 ui
952 2719 1054 2765 mutata
1079 2710 1105 2764 in
1128 2718 1185 2765 tum
1210 2710 1310 2765 iaciunt
1338 2709 1445 2780 supina,

149 2801 180 2850 ut
201 2796 288 2849 amnui
311 2803 438 2849 amatum.
481 2793 610 2851 Sinriliter
632 2811 702 2868 qrrae
725 2796 752 2848 in
776 2795 801 2849 ui
826 2794 927 2849 diuisas
951 2796 976 2849 in
1001 2798 1086 2865 itum,
1111 2803 1140 2849 ut
1162 2797 1238 2849 uettd
1261 2794 1376 2847 arctitum
1400 2808 1445 2845 es·

150 2880 236 2952 ceptis
259 2879 286 2932 in
309 2896 341 2936 co
365 2878 563 2949 desinentibus,
587 2895 655 2952 qtrae
678 2880 768 2933 omnia
792 2881 817 2933 in
842 2888 914 2935 ctum
932 2879 1043 2941 iaciunt,
1067 2889 1097 2935 ut
1113 2879 1186 2935 secui
1203 2888 1317 2948 sectum,
1340 2885 1448 2951 praeter

149 2963 236 3037 plico,
259 2963 332 3037 quod
357 2963 421 3019 iacit
443 2963 566 3038 plicitum
590 2974 617 3018 et
639 2962 724 3034 mico,
748 2964 821 3037 quod
844 2981 899 3020 non
922 2964 1004 3021 habet
1025 2964 1163 3039 supinum.
1208 2963 1270 3020 lledi
1293 2980 1358 3019 uero
1383 2962 1447 3016 lacit

150 3048 254 3119 datum,
271 3048 324 3103 laui
340 3047 426 3105 lutum
444 3049 488 3104 uel
512 3048 625 3119 lautum,
649 3050 705 3104 iuni
729 3051 826 3119 lutum,
850 3053 912 3105 steti
937 3059 1049 3121 statum,
1073 3049 1146 3124 quod
1169 3049 1316 3106 secundum
1341 3064 1447 3121 quos·

150 3133 219 3189 dam
243 3134 420 3207 producitur,
443 3143 474 3189 ut
496 3135 524 3190 in
546 3133 681 3189 Lucano
703 3133 754 3206 (cs.
769 3135 862 3191 Prisc.
879 3135 899 3189 Ι
915 3152 946 3207 p.
963 3139 1038 3200 474,
1056 3131 1179 3210 9-15);

502 3220 714 3275 Constatura
738 3219 830 3275 tides
854 3237 1027 3294 superum.

150 3302 303 3360 Secundum
326 3302 419 3360 alios
442 3306 601 3377 corripitur,
624 3305 709 3360 unde:

506 3405 649 3462 qnorum
673 3397 769 3445 stata
793 3399 948 3462 tempora
972 3389 1091 3447 ilatus.

147 3466 203 3529 ¹Sed
218 3473 424 3530 Priscianus
447 3473 555 3529 uidetur
576 3473 664 3545 nelle,
687 3474 758 3548 quod
775 3476 812 3529 sit
827 3483 953 3548 correpta
975 3474 1008 3529 de
1023 3475 1075 3530 hoc
1090 3475 1189 3547 supino
1205 3481 1303 3530 statum
1320 3470 1445 3545 loquens.

236 3556 328 3614 Omnia
351 3558 434 3614 uerba
457 3558 590 3615 secundae
612 3558 813 3631 coniugationis
837 3560 863 3615 in
887 3575 938 3615 ueo
963 3559 1113 3615 desinentia
1136 3576 1168 3614 eo
1185 3567 1286 3614 mirtata
1302 3556 1341 3629 (in
1357 3572 1447 3627 maru.

152 3643 216 3714 ·ttt·)
239 3645 266 3699 in
282 3661 297 3699 c
316 3643 418 3700 iaciunt
442 3646 617 3717 praeteritum
640 3644 789 3718 penultima
813 3645 957 3718 producta,
979 3653 1011 3699 ut
1033 3660 1131 3700 moueo
1155 3646 1228 3701 moui
1250 3653 1278 3699 et
1300 3642 1447 3698 securrdum

151 3728 205 3785 lroc
227 3730 363 3786 conniueo
386 3729 495 3786 conniui
518 3738 545 3784 et
568 3728 662 3785 terueo
686 3729 754 3785 ierui
778 3737 805 3785 et
827 3747 882 3786 non
906 3729 1009 3797 ierlrni3
1033 3730 1085 3785 hoc
1107 3730 1177 3784 enim
1200 3737 1277 3783 esta
1303 3726 1405 3782 terreo.

236 3813 331 3870 Omnia
358 3814 455 3879 uerba,
487 3830 555 3888 quae
584 3814 685 3870 iaciunt
713 3817 890 3888 praeteritum
913 3817 940 3870 in
962 3816 1007 3886 ui,
1036 3816 1063 3870 ui
1087 3823 1188 3870 niutata
1212 3816 1238 3869 in
1262 3821 1318 3869 tum
1347 3812 1449 3867 iaciunt

151 3901 278 3973 supinum
311 3900 431 3973 exceptis
461 3916 543 3972 pasco
571 3907 599 3953 et
627 3900 741 3969 ceteris,
776 3917 845 3973 quiae
874 3902 901 3956 in
930 3902 1068 3974 praesenti
1097 3899 1233 3955 uersicuio
1263 3898 1447 3954 continentur.

151 3984 220 4041 Nota
247 3984 319 4058 quod
349 3985 394 4041 iila
422 3983 526 4040 scilicet
549 4000 631 4057 pasco
654 3992 682 4039 et
704 3992 794 4040 cetera
818 3985 1005 4059 excipiuntur,
1035 4002 1089 4041 non
1113 3987 1174 4057 qnia
1198 3984 1299 4040 iaciunt
1322 3984 1448 4056 supinum

151 4071 179 4126 in
204 4077 259 4126 tum
284 4066 350 4143 (tion
374 4070 448 4141 cod.)
472 4068 518 4125 sed
543 4072 605 4142 quia
629 4071 654 4124 in
680 4068 891 4127 sormacionibus
920 4087 1015 4125 eorum
1038 4070 1139 4143 aliquid
1162 4068 1270 4125 additur
1292 4066 1335 4122 uel
1359 4074 1448 4121 muta-

153 4162 236 4226 tatur,
258 4155 330 4228 quod
353 4157 380 4211 in
404 4154 519 4229 singuiis
541 4161 616 4228 patet
638 4155 665 4208 in
688 4155 761 4210 omni
784 4155 984 4228 coniugatione.
1029 4153 1097 4209 Nota
1120 4153 1193 4228 quod
1215 4168 1295 4209 omne
1318 4154 1446 4225 supinum

153 4239 295 4296 formatum
319 4242 346 4297 ui
369 4248 457 4295 mutat
479 4240 505 4295 in
530 4248 603 4309 tum,
631 4239 758 4312 producit
787 4241 962 4313 penultimam
994 4248 1103 4313 praeter
1126 4257 1188 4308 ser,
1217 4238 1322 4294 scilicet
1343 4237 1449 4310 quitum

154 4325 235 4381 situm
263 4327 346 4381 citum
374 4334 462 4381 satum
492 4324 570 4380 litum
598 4327 672 4381 itum.
724 4323 870 4399 Propterea
899 4342 1020 4397 agnosce
1048 4333 1075 4380 ct
1104 4341 1241 4397 cognosco
1270 4325 1393 4396 agnitum
1423 4330 1450 4376 et

153 4411 294 4482 cognitum
316 4410 428 4466 iaciunt.

217 4525 368 4586 Secuntur
383 4543 488 4587 uersus·
500 4528 537 4585 de
551 4527 656 4584 eudem
668 4543 711 4599 re,
726 4542 852 4600 uteorum
865 4542 956 4599 sapien
966 4526 1092 4600 sinpulis
1103 4524 1259 4583 uocabulis
1268 4526 1451 4598 adossemnta

150 4632 253 4705 posita
267 4638 337 4689 sinu
351 4632 471 4701 eaedem,
496 4645 557 4702 qaia
573 4644 685 4700 uersus,
703 4643 807 4697 monae,
825 4643 913 4701 uitae,
932 4628 1004 4700 piria
1021 4627 1159 4701 ptierimn
1173 4628 1347 4685 necessaria
1361 4631 1452 4685 erant

155 4734 198 4791 cad
212 4749 329 4791 retusum
345 4732 440 4806 ipsium
461 4732 709 4805 intellependum,
735 4732 766 4789 in
783 4729 981 4789 describendo
996 4726 1117 4802 tteutepi
1131 4726 1239 4786 uertere
1254 4745 1314 4788 reon
1323 4728 1451 4803 paratoni:

230 4828 326 4870 (inan.
339 4837 392 4870 aar.
406 4830 489 4871 Sanan.
1232 4844 1247 4879 Θ
