3420 5378
674 280 729 349 *nu
748 277 935 331 suessent
953 280 1056 330 nuru.
1159 300 1160 305 =
1399 266 1565 343 ccxcv'
1660 338 1663 345 .

219 488 275 549 pro
297 471 423 532 inlinitio
447 467 545 549 (inti-l,
570 474 600 527 ut
622 465 710 528 illud:
734 467 890 529 ‘llonrinus
904 466 1041 545 regnabit
1062 469 1091 528 in
1108 476 1261 529 aeternum
1286 477 1315 528 et
1337 468 1436 539 ultra’,
1460 488 1515 548 pro

217 556 376 634 ‘semper';
399 572 453 633 pro
477 553 547 622 loci,
572 551 716 614 utillud:
738 556 840 633 ‘porro
862 552 936 613 ttllra
960 562 989 614 te
1012 560 1081 613 sunt
1095 554 1249 630 sagittae';
1272 572 1327 632 pro
1351 553 1512 633 ‘amplius’,

217 638 359 700 utillud:
383 639 465 718 ‘quid
490 652 549 708 est,
573 636 652 717 quod
676 637 780 699 debuit
802 638 877 699 ultra
902 639 1000 698 lacere
1023 639 1129 700 uineae
1146 644 1253 706 meae',
1277 646 1306 698 et
1328 636 1418 700 illud:
1442 641 1514 700 ‘non

215 722 374 786 uocaberis
405 723 482 784 ultra
512 720 673 792 derelicta',
704 731 747 783 et:
779 726 849 783 ‘non
879 721 995 782 discent
1024 721 1099 783 ultra
1129 721 1318 801 belligerari’.
1365 723 1512 784 ‘Praeter’

215 827 284 871 cum
307 809 346 870 sit
368 810 527 869 accusatiui
550 825 635 870 casus
661 809 853 887 praepositio,
875 809 996 887 ponitur
1018 806 1173 888 aliquoties
1196 827 1250 887 pro
1273 806 1402 870 ablatiua
1425 809 1512 869 ‘sine‘

215 894 265 956 uel
287 911 342 975 pro
365 896 532 971 ‘excepto';
561 911 616 973 pro
644 901 802 955 accusatuo
830 895 883 953 ita:
914 896 986 953 ‘non
1016 900 1060 954 est
1087 891 1159 953 deus
1186 901 1306 971 praeter
1330 893 1511 962 Dominum,

215 997 271 1060 pro
293 977 421 1041 ablatiuo
443 980 498 1039 ita:
527 977 643 1039 ‘similis
671 979 764 1040 lactus
794 987 839 1039 est
860 977 947 1040 nobis
969 984 1087 1057 praeter
1116 979 1294 1057 peccatum’,
1325 977 1402 1039 idest
1424 980 1512 1040 ‘sine‘

216 1062 264 1125 uel
287 1065 425 1144 ‘excepto
447 1065 593 1143 peccato’.
1318 1088 1327 1105 ·

298 1148 380 1209 luter
401 1147 514 1227 ‘super’
539 1155 568 1208 et
590 1149 703 1229 ‘supra'
726 1148 783 1208 boc
805 1146 901 1218 distat,
925 1148 1003 1226 quod
1021 1149 1136 1228 ‘super'
1159 1146 1313 1229 aliquoties
1335 1147 1383 1208 ‘ad
1400 1148 1511 1209 locunr'

214 1235 369 1313 significat,
393 1243 440 1295 ut:
464 1233 609 1294 ‘ascendit
630 1253 721 1314 super
742 1232 838 1294 caelos
854 1233 1008 1295 Dominus’
1033 1230 1078 1311 (di
1099 1232 1257 1312 dominus),
1281 1233 1396 1313 ‘supra'
1413 1232 1510 1295 locum

215 1327 346 1389 tanturn,
370 1328 417 1379 ut:
442 1319 554 1380 ‘statuit
577 1335 664 1397 supra
687 1327 802 1399 petram
826 1319 918 1398 pedes
941 1320 1044 1379 meos!
1090 1318 1211 1398 ‘Vsque'
1236 1319 1418 1398 praepositio
1441 1336 1510 1379 raro

213 1405 278 1464 sine
299 1405 395 1485 aliqua
420 1405 539 1483 ponitur
560 1405 780 1484 praepositione
809 1413 837 1464 ot
865 1403 1021 1483 aliquoties
1044 1402 1116 1471 loci,
1146 1401 1304 1483 aliquoties
1332 1422 1405 1464 uero
1433 1414 1509 1466 tem-

214 1488 296 1568 poris
318 1487 408 1551 babet
429 1489 690 1567 significationem,
723 1489 793 1557 loci,
823 1497 854 1550 ut
882 1487 970 1549 illud:
1000 1493 1029 1548 ‘a
1059 1489 1134 1549 mari
1156 1506 1250 1569 usque
1272 1489 1308 1549 ad
1331 1492 1436 1559 urard,
1461 1499 1507 1551 et:

214 1577 242 1635 ‘a
264 1573 384 1635 flumine
413 1592 506 1654 usque
535 1574 571 1634 ad
600 1575 743 1635 terminos
773 1576 900 1642 terrae';
934 1575 1092 1653 temporie,
1122 1573 1267 1634 utillud:
1298 1574 1457 1635 ‘descende
1479 1577 1507 1636 in

212 1661 375 1739 Aegyptum
399 1668 429 1720 et
451 1666 515 1720 esto
537 1658 580 1719 ibi
602 1677 701 1737 usque
723 1658 793 1720 dum
824 1659 918 1719 (licant
947 1658 1025 1719 tibi!
1070 1659 1189 1720 ‘Penes’
1220 1660 1401 1739 praepositio
1429 1659 1508 1722 idem

215 1761 333 1823 semper
356 1745 510 1821 significat,
535 1743 613 1824 quod
637 1753 666 1805 et
688 1744 800 1824 ‘apud’,
824 1743 967 1805 utillud:
991 1745 1034 1805 ‘tu
1057 1743 1154 1814 noem,
1178 1762 1265 1825 quam
1289 1743 1391 1813 babes,
1414 1763 1508 1824 penes

212 1836 242 1891 te
266 1827 364 1899 lrabe',
389 1829 464 1889 idest
486 1829 575 1908 ‘apud
598 1833 650 1890 te!

681 1965 726 2026 De
749 1964 928 2027 ablatiuis
951 1984 1026 2027 sex.

296 2082 426 2145 tutariet
451 2101 537 2146 casus
560 2086 796 2163 praepositiones
818 2084 874 2146 ltoc
903 2085 990 2146 modo
1018 2082 1135 2145 casibus
1163 2093 1394 2164 praeponuntur.
1441 2089 1505 2148 ‘A’z

214 2171 241 2240 ‘a
266 2169 390 2230 Domino
413 2167 523 2229 lactum
547 2178 591 2231 est
614 2170 708 2230 rituu’
754 2169 837 2232 ‘Ab’z
868 2169 917 2230 ‘ab
941 2171 1003 2249 ipso
1026 2170 1103 2230 enim
1127 2165 1248 2229 salutari
1272 2176 1362 2230 meo!
1407 2170 1504 2233 ‘Abs':

214 2253 332 2316 ‘beatus
354 2255 410 2324 uir,
434 2256 519 2315 curius
542 2265 585 2314 est
608 2255 747 2316 sterilium
769 2254 821 2316 abs
844 2261 895 2323 ιε’,
920 2263 950 2316 et
971 2254 1054 2316 illud:
1080 2255 1189 2314 ‘omnia
1213 2272 1288 2334 quae
1311 2254 1416 2316 dedisti
1434 2257 1506 2318 milri

213 2339 267 2401 abs
295 2349 323 2400 tc
351 2343 441 2408 sunt’,
470 2358 525 2418 pro
548 2340 595 2401 ‘dc
625 2345 666 2401 te’
688 2348 766 2401 sunt
812 2340 909 2401 ‘Cum'
933 2339 1049 2420 quando
1073 2337 1249 2400 aduerbium
1274 2349 1333 2408 est.
1358 2359 1413 2421 per
1435 2362 1453 2422 q
1477 2351 1507 2402 et

210 2423 270 2484 duo
291 2442 331 2484 uu
360 2423 549 2485 scribendum
579 2434 638 2493 est,
668 2444 735 2485 cum
762 2443 835 2486 uero
864 2426 1058 2504 praepositio,
1088 2442 1141 2501 per
1163 2443 1180 2485 c
1202 2431 1330 2493 tantum,
1361 2433 1392 2485 ut
1418 2425 1504 2486 illud:

211 2509 373 2590 ‘rapiemur
396 2511 426 2569 in
449 2507 580 2570 nubibus
597 2513 626 2570 in
643 2528 711 2571 acra
727 2517 756 2569 et
771 2512 813 2570 sic
828 2528 946 2586 semper
962 2528 1027 2569 cum
1044 2510 1170 2570 Domino
1187 2511 1319 2573 erimus’
1357 2511 1503 2572 ‘Coram':

210 2594 273 2671 ‘qui
295 2613 342 2655 me
364 2595 519 2655 conlessus
542 2595 631 2655 luerit
653 2613 754 2656 coram
778 2594 963 2663 bominibus,
992 2592 1156 2655 confitebor
1185 2603 1213 2654 et
1236 2612 1290 2671 ego
1313 2612 1382 2655 cum
1405 2614 1503 2657 coram

211 2691 295 2758 patre
319 2698 396 2748 men,
420 2681 470 2756 qui
495 2689 540 2740 est
562 2682 590 2738 in
614 2680 727 2740 caelis'
772 2680 892 2741 l‘onitur
916 2688 1012 2740 autem
1036 2685 1065 2738 et
1085 2696 1140 2758 pro
1156 2677 1276 2756 ‘palam'
1301 2687 1331 2741 et
1353 2698 1407 2758 pro
1431 2683 1504 2742 ‘ma-

211 2765 341 2833 nileste’,
372 2772 418 2824 nt:
450 2765 560 2825 ‘coram
590 2763 765 2844 loquebatur
794 2773 822 2824 et
850 2783 950 2825 coram
983 2762 1100 2823 adluit?
1151 2763 1257 2824 ‘Clam'
1292 2766 1413 2844 ponitur
1448 2785 1502 2844 pro

209 2847 351 2911 aduerbio
374 2847 525 2918 ‘occulte',
555 2848 633 2913 unde
662 2858 691 2909 et
719 2848 873 2910 ‘clancule’
903 2847 1096 2910 diminuendo
1124 2848 1279 2909 diriuatur.
1324 2849 1448 2909 Ponitur
1472 2859 1501 2909 et

207 2952 264 3015 pro
292 2935 512 3012 praepositione
540 2952 626 2995 casus
653 2934 786 3004 attactui,
818 2944 863 2995 ut:
893 2934 979 2996 ‘clani
1009 2932 1192 2994 custodibus'
1221 2943 1250 2992 ct
1280 2933 1366 2994 ‘clam
1389 2937 1502 2995 uocatis

207 3020 323 3097 magis'.
369 3019 451 3079 ‘lle’z
482 3019 531 3080 ‘de
554 3018 635 3080 caelo
664 3019 794 3080 auditum
825 3021 917 3079 iecisti
945 3018 1109 3078 indicium?
1155 3018 1227 3078 ‘E'z
1258 3020 1286 3077 ‘e
1308 3020 1402 3088 iure';
1432 3021 1500 3081 ‘ius’

207 3106 286 3167 enirn
322 3105 530 3186 uniuscuisque
564 3106 678 3185 priuata
711 3103 894 3183 intellegitur
928 3111 1070 3181 potestas,
1102 3122 1157 3165 nos
1184 3102 1325 3164 dicimus:
1363 3105 1392 3164 ‘e
1420 3103 1502 3166 eaelo

209 3191 292 3250 uenlt
320 3187 405 3250 nobis
433 3189 596 3250 auxilium!
646 3190 736 3251 ‘Ex':
766 3193 813 3250 ‘ex
841 3190 1052 3267 praefectura!
1098 3188 1287 3250 Praefectura
1317 3189 1423 3250 dicitur
1451 3209 1501 3251 res

207 3273 350 3344 oillcialis,
374 3294 391 3335 a
413 3293 470 3354 qua
494 3277 636 3352 praelecti
659 3283 803 3337 uocantur
825 3275 1033 3335 Rornanorum.
1078 3272 1139 3335 Nos
1162 3280 1259 3335 autern
1283 3293 1351 3335 cum
1368 3275 1500 3354 apostolo

208 3358 349 3420 dicimus:
380 3361 488 3420 ‘omnis
516 3362 594 3421 enim
622 3361 754 3438 pontifex
783 3378 818 3420 ex
846 3358 1015 3421 bominibus
1044 3358 1216 3438 adsumptus
1245 3378 1300 3437 pro
1330 3359 1498 3421 bominibus

207 3445 420 3507 constituitur.'
471 3443 568 3505 ‘l'ro':
597 3446 663 3524 ‘pro
690 3444 822 3506 cliente!
866 3443 989 3506 ‘Cliens’
1018 3446 1098 3505 euim
1127 3451 1157 3504 et
1185 3462 1289 3505 seruus
1317 3443 1498 3523 intellegitur

207 3537 237 3591 et
258 3530 379 3600 amicus,
408 3547 462 3590 nos
484 3548 557 3591 uero
580 3549 645 3590 cum
668 3529 816 3611 psalmista
840 3529 982 3591 dicimus:
1012 3531 1078 3610 ‘pro
1107 3526 1241 3608 patribus
1265 3531 1322 3589 tuis
1345 3530 1405 3589 nati
1427 3539 1498 3591 sunt

208 3612 264 3677 tibi
286 3613 361 3675 lllli.’
405 3615 520 3676 ‘Prae’z
544 3615 709 3677 ‘custodes
723 3663 729 3677 .
745 3664 772 3677 ..

291 3753 399 3813 Restat
415 3751 528 3824 solium
549 3749 678 3826 tertium,
703 3755 735 3813 in
758 3770 825 3828 quo,
847 3759 1006 3828 postquam
1028 3752 1066 3810 de
1086 3749 1293 3811 interiectione
1314 3758 1500 3812 transactum

206 3859 259 3927 est,
284 3856 345 3915 ium
365 3856 435 3926 finis
456 3857 512 3915 toti
532 3856 674 3930 opusculo
697 3856 862 3931 inponitur.
907 3855 1007 3929 Ipsius
1034 3871 1108 3914 uero
1130 3854 1168 3912 de
1189 3857 1398 3914 interiectione
1419 3861 1498 3915 troc-

205 3961 303 4030 totus‚
337 3959 391 4031 qui
421 3959 551 4032 quinque
583 3959 733 4033 capitibus
759 3955 981 4030 continebatur,
1012 3958 1129 4017 tertium
1156 3975 1198 4017 ex
1220 3963 1329 4033 purte,
1358 3964 1500 4031 quartum

205 4059 341 4134 quintum
362 4065 507 4135 superest.

289 4158 351 4221 rot.
380 4158 453 4220 lll³:
494 4159 727 4220 .....deratunr
761 4158 868 4238 aliquid
897 4161 1026 4228 uiderit,
1061 4159 1145 4220 dicit:
1182 4161 1254 4221 ‘Deo
1285 4160 1419 4238 gratiasl'
1467 4161 1498 4221 ln

171 4252 175 4259 '
205 4246 362 4323 scripturis
384 4246 462 4305 enim
486 4245 663 4305 inuenimus.
709 4244 871 4305 Laetantis:
902 4245 972 4306 ‘bun
995 4243 1156 4306 calefactus
1178 4265 1253 4313 sum,
1283 4245 1341 4305 uidi
1371 4244 1496 4306 locuml’

205 4329 383 4392 Gaudentis:
409 4333 497 4407 ‘euge
520 4327 596 4389 bone
618 4347 706 4390 serua
722 4337 752 4389 et
767 4328 885 4389 ildelisl’
931 4330 1066 4408 Optantis
1082 4348 1100 4389 o
1116 4339 1145 4390 et
1168 4333 1295 4398 utinam;
1320 4349 1347 4398 o,
1366 4327 1496 4389 utillud:

204 4414 236 4473 ‘o
259 4417 370 4476 retinam
395 4415 422 4494 (o
442 4423 453 4494 t
472 4414 597 4494 utinam)
621 4416 650 4474 in
667 4414 811 4474 thalamos
828 4416 916 4475 inuisi
933 4416 1066 4477 Caesaris
1080 4417 1168 4475 issem
1178 4416 1211 4483 !';
1236 4416 1356 4483 utinam,
1380 4415 1498 4495 quando

205 4499 331 4561 uerbum
356 4518 413 4560 non
437 4501 580 4579 seqnitur,
604 4500 768 4560 interiectio
791 4508 844 4566 est,
865 4500 949 4560 ‘sicut
971 4499 1101 4561 solemus
1125 4498 1200 4559 bona
1224 4499 1308 4560 nobis
1325 4501 1497 4580 promitten-

204 4584 283 4646 tibus
306 4584 502 4664 responderc:
526 4585 651 4645 ‘utinam
676 4585 811 4644 utinanrl’
856 4584 1003 4654 diluentis,
1029 4592 1075 4644 ut:
1100 4585 1156 4645 ‘eia
1180 4592 1209 4645 tu
1234 4587 1278 4646 eia
1301 4585 1346 4645 lac
1369 4592 1400 4646 tu
1424 4584 1495 4645 lacl'

204 4669 253 4731 Sic
275 4672 353 4730 enirn
377 4670 514 4751 inquietis
543 4668 702 4730 iuuenibus
731 4671 876 4729 urinantes
897 4671 998 4730 dicere
1021 4669 1165 4730 solemus:
1195 4672 1252 4732 ‘ela
1275 4679 1305 4730 tu
1329 4672 1373 4730 eia
1396 4670 1442 4730 lac
1465 4679 1496 4731 tu

204 4755 276 4816 lact’
329 4754 410 4815 Vnde
440 4764 468 4815 ct
496 4756 635 4816 minantis
663 4763 745 4815 reete
773 4752 909 4816 obtinent
937 4756 1191 4834 significationem.
1236 4754 1435 4825 blandientis,
1465 4764 1497 4815 ut
