3420 5378
675 309 903 363 Pulsffltnua.
1300 325 1434 379 cnxxtu

143 504 204 562 ires
226 495 349 560 dactilos
412 494 451 559 31
483 507 529 559 est
550 516 607 560 om.
673 495 716 561 34
730 461 822 560 §XXX
886 499 921 561 Et
944 508 976 561 ut
998 502 1069 562 s⁰ias
1090 502 1176 564 aliam
1240 501 1433 573 461‚1nu·

106 615 258 661 ·merum
288 616 376 678 quem
404 601 554 680 accipiunt
613 602 712 680 priora
741 601 776 662 ad
806 620 962 663 numerum
1027 601 1240 666 3daetiiicum
1261 603 1266 688 Ι
1286 606 1433 668 secundus

315 694 327 755 l

142 768 216 830 duos
238 769 285 831 bis
304 713 378 832 lllll.
403 768 521 831 Tertius
574 767 647 831 bin
666 771 766 832 iambo
819 771 913 852 pedes
935 774 1066 852 quinque
1117 771 1285 836 8ducenta
1340 773 1433 837 9ΧΧ

142 863 216 957 etl’
303 895 354 958 llll
376 863 449 959 etl’
538 894 578 959 10
604 898 645 958 sie
668 905 698 957 et
719 899 749 958 in
772 901 852 959 omni
918 895 959 959 14
986 899 1204 962 endecasillabo
1226 909 1256 962 et
1277 902 1431 964 similibus,

142 1016 224 1059 arma
246 1000 410 1080 uirumque.

226 1102 394 1163 Praetereo
415 1105 552 1178 morpini
571 1105 707 1164 adiectae
727 1112 797 1165 sent
818 1107 930 1180 aliquot
948 1108 1075 1180 plenae,
1098 1124 1226 1182 quornm
1248 1124 1288 1168 ee
1309 1124 1433 1169 onmem
1471 1102 1475 1110 '

141 1204 198 1264 bos
215 1222 388 1281 proponere
406 1205 543 1280 placuit:

226 1325 256 1386 p.
278 1301 350 1376 459,
374 1302 395 1366 4
416 1306 588 1387 uniformis]
618 1308 743 1369 lletrum
766 1309 905 1387 generale
929 1328 1036 1370 nomen
1060 1318 1113 1370 est.
1152 1310 1246 1371 Omne
1269 1312 1347 1371 euim
1372 1329 1431 1370 ute·

141 1417 227 1470 trum.
243 1416 293 1469 aut
314 1409 462 1470 uniforme
485 1415 601 1471 estant
622 1409 811 1475 multiforme.
855 1412 1006 1471 Vnilorme
1028 1430 1086 1472 non
1103 1414 1211 1493 accipit
1233 1415 1264 1472 in
1287 1397 1342 1473 suo
1364 1430 1431 1473 car·

142 1512 223 1571 mine
245 1511 362 1572 diuersa
384 1519 487 1581 metra,
510 1513 585 1573 sicut
608 1521 654 1573 est
675 1510 839 1573 dactilicus.
878 1511 1058 1573 Multiiorme
1080 1532 1153 1574 nero
1183 1515 1290 1593 accipit
1311 1514 1430 1576 diuersa

141 1637 235 1690 metra
257 1631 334 1691 sicut
356 1639 401 1691 est
423 1630 605 1692 coriambum
628 1629 787 1709 gliconium
810 1600 871 1690 eallia
894 1630 1010 1692 similia.

225 1750 254 1812 p.
276 1728 354 1804 459,
378 1729 398 1793 6
426 1732 656 1812 Semiquinaria]
685 1732 902 1809 semiquinaria
932 1751 1036 1793 cesura
1066 1742 1112 1793 est
1139 1750 1215 1810 quae
1243 1734 1356 1795 Graece
1385 1733 1429 1813 (g)

141 1833 249 1895 dicitur
270 1836 503 1914 pentimemeris‚
526 1835 603 1912 quod
627 1841 694 1914 post
715 1833 789 1894 duos
811 1835 986 1914 spondaicos
1009 1846 1199 1897 enumeratos
1220 1836 1312 1915 pedes
1326 1834 1429 1897 sillaba

141 1945 283 2007 remanet,
306 1956 363 2017 qua
385 1937 527 2016 incipitur
542 1939 653 1998 tercius
668 1955 730 2016 pes.
775 1938 1024 2016 Semisepteuaria
1047 1937 1138 2014 (corr.
1155 1955 1195 1997 ex
1210 1936 1429 2017 semiquinaria)

141 2058 214 2101 uero
235 2057 311 2120 quae
333 2040 446 2099 Graece
468 2037 670 2118 eptimimeris
692 2036 837 2117 apellatur
853 2045 919 2118 post
939 2046 999 2099 tres
1015 2057 1150 2100 emensos
1166 2039 1257 2118 pedes
1270 2039 1429 2119 incipiente

141 2148 246 2219 quarto
267 2140 342 2221 pede
364 2142 474 2202 finitur.

224 2262 255 2324 p.
276 2240 348 2314 459,
374 2239 414 2303 10
435 2240 602 2322 Colophon]
626 2240 776 2322 Colophon
799 2242 910 2302 dictum
934 2252 979 2302 est
1001 2250 1128 2303 metrum
1145 2261 1160 2302 a
1177 2242 1309 2322 Colopho
1324 2243 1429 2304 inuen-

141 2355 206 2406 tore
228 2346 313 2406 huius
336 2347 486 2412 carminis.

224 2465 254 2526 p.
276 2444 348 2518 459,
374 2445 411 2508 lt
435 2446 603 2526 dactilicus]
628 2445 770 2518 Queritnr
792 2465 846 2508 cur
869 2466 989 2508 carmen
1013 2447 1165 2508 heroicum
1188 2445 1391 2509 tantummodo
1413 2464 1429 2507 a

140 2548 246 2610 dactilo
270 2550 438 2610 nominetur
460 2549 628 2611 dactilicum
657 2556 687 2609 et
713 2567 773 2610 non
795 2569 810 2610 a
833 2549 965 2629 spondeo
988 2549 1198 2629 spondaicum,
1228 2548 1299 2611 dum
1328 2566 1429 2609 eomm

139 2649 227 2712 simul
249 2653 456 2713 coniunctione
472 2651 654 2730 praedictum
676 2652 829 2732 perficitur
851 2670 983 2712 carmen.
1028 2650 1085 2711 Sed
1108 2652 1261 2712 sciendum
1284 2659 1336 2719 est,
1359 2651 1428 2730 qiiia

140 2751 170 2812 hi
186 2752 244 2813 duo
262 2801 269 2814 .
284 2801 291 2816 .
305 2800 333 2814 ..

222 2874 251 2935 p.
272 2852 345 2925 459,
368 2851 411 2915 20
432 2854 541 2925 liricos,
563 2873 720 2938 suprascr.
737 2854 851 2935 uarios]
876 2855 942 2916 Lira
959 2855 1065 2915 dicitur
1083 2873 1139 2934 apo
1156 2862 1187 2914 tu
1204 2835 1273 2915 lirin
1296 2854 1314 2912 i·
1339 2872 1354 2914 a
1378 2872 1428 2914 ua-

139 2958 266 3019 riatione
288 2956 447 3018 cordarum
464 3003 556 3019 .....
803 2976 805 2981 ·

222 3078 252 3139 p.
275 3055 348 3129 460,
371 3055 413 3119 23
435 3057 587 3138 heroicus]
617 3060 742 3120 bletrum
766 3056 935 3119 dactilicum
959 3057 1059 3120 multis
1082 3057 1252 3119 nominibus
1275 3055 1427 3138 apellatur.

139 3160 253 3223 Dicitur
276 3160 444 3230 heroicum,
475 3162 542 3240 quia
565 3160 712 3221 homerus
733 3161 848 3240 primus
871 3178 906 3221 eo
929 3170 1024 3222 metro
1047 3159 1186 3230 heroum,
1210 3161 1285 3222 idest
1307 3161 1427 3221 tortium

138 3265 275 3325 uirorum
299 3264 373 3323 lacta
397 3262 565 3341 descripsit.
612 3263 738 3324 Vocatur
760 3261 942 3342 Delphicum,
966 3264 1034 3343 quia
1058 3281 1093 3323 ex
1116 3282 1151 3323 eo
1174 3260 1428 3343 componebantur

139 3383 279 3444 responsa
309 3373 337 3425 et
364 3365 496 3424 carmina
525 3363 662 3443 Delphici
688 3367 709 3426 i·
732 3363 890 3445 Apollinis,
919 3365 969 3443 qui
998 3363 1156 3444 Delphicus
1187 3365 1294 3426 dicitur
1316 3383 1332 3424 a
1356 3362 1428 3425 llelo

138 3466 245 3537 insula,
268 3468 298 3528 in
321 3484 377 3547 qua
401 3474 487 3534 natus
510 3474 563 3527 est.
607 3465 799 3545 Teologieum
823 3468 910 3526 etiam
933 3465 1041 3528 dicitur
1059 3466 1135 3527 istud
1152 3473 1278 3527 metrum
1295 3484 1311 3525 a
1327 3464 1427 3525 lluseo

137 3577 234 3650 poeta,
258 3571 309 3648 qui
332 3587 367 3629 co
389 3567 489 3629 diuina
512 3570 679 3657 composuit
701 3568 875 3648 carmina.*)

221 3719 252 3802 4)
286 3723 422 3798 Denique
449 3725 479 3782 in
503 3721 750 3798 fragmentorum
774 3723 928 3796 fasciculo
956 3727 982 3784 A
1010 3730 1047 3783 92
1078 3742 1127 3784 nr.
1159 3729 1192 3782 19
1223 3729 1309 3783 extet
1335 3737 1426 3783 unum

132 3824 244 3898 solium
265 3841 343 3886 saec.
367 3825 458 3885 XI·
472 3824 543 3885 XII
559 3828 719 3902 seriptum,
744 3826 826 3902 qnod
852 3826 1008 3886 Prisciani
1021 3823 1223 3902 partitionum
1240 3826 1426 3904 perticulam

137 3925 210 3988 inde
231 3943 250 3986 o
267 3945 302 4003 p.
328 3933 395 4000 507,
421 3934 456 3984 15
479 3930 518 3987 K.
542 3926 705 3988 ‘certamen
728 3929 778 3988 nel
799 3924 928 4003 olinpie’
951 3926 1098 4003 continet,
1121 3929 1176 3988 sed
1191 3930 1289 4004 perui
1308 3924 1428 4011 omnino

131 4032 231 4107 pretii
249 4037 302 4102 est,
327 4036 359 4088 nt
379 4032 527 4104 specimen
549 4028 667 4090 dedisse
680 4028 833 4103 sufficiat:
855 4048 883 4108 p.
900 4026 971 4098 507,
990 4026 1029 4089 15
1044 4026 1232 4090 celebrantur
1277 4025 1316 4090 16
1338 4029 1427 4107 pissia

137 4131 288 4212 conposita
347 4129 560 4209 olimpiodorus
617 4130 820 4211 olimpionices
841 4140 896 4191 etc.
951 4128 994 4191 22
1016 4149 1088 4208 quas
1110 4149 1165 4191 om.
1215 4126 1256 4191 23
1279 4129 1426 4208 quomodo

138 4251 194 4296 om.
250 4230 292 4295 25
314 4231 445 4312 singulos
467 4250 524 4294 om.
580 4252 650 4295 occa
673 4232 806 4295 dactilus.
831 4232 910 4303 Quot
931 4242 1030 4313 partes
1051 4242 1106 4294 etc.
1164 4230 1204 4293 tt
1228 4249 1373 4294 oceanum
1397 4239 1427 4291 et

204 4520 232 4587 1)
256 4522 325 4582 Quae
347 4521 451 4587 glossae
474 4537 533 4570 num
557 4523 590 4572 od
612 4522 721 4588 Remigii
739 4537 769 4570 sn
790 4538 817 4572 er
833 4521 883 4571 hoc
900 4521 1025 4572 Prisciani
1043 4520 1107 4571 libro
1130 4520 1330 4587 expositionem,
1352 4521 1426 4571 euius
1450 4579 1454 4585 Δ

137 4606 219 4656 nuper
236 4591 389 4640 mentionem
407 4591 466 4639 lecit
483 4589 589 4640 Carolus
607 4591 735 4640 Thurotus
777 4592 853 4640 otiees
870 4603 895 4640 et
912 4590 1024 4639 Extruits
1042 4590 1087 4639 des
1105 4590 1257 4639 blanuscrits
1276 4601 1322 4641 ete.
1341 4589 1425 4647 xxii,

137 4670 203 4726 part.
222 4661 238 4708 2
257 4676 282 4724 p.
300 4662 328 4720 9,
357 4661 514 4723 pertineant,
541 4674 588 4723 pro
611 4660 780 4724 speciminum
799 4676 814 4708 a
833 4660 888 4708 uiro
911 4659 1061 4708 doctissimo
1084 4658 1275 4724 propositorum
1299 4659 1426 4723 paucitate

137 4727 256 4792 colligere
274 4742 324 4775 nou
343 4726 408 4779 licet,
443 4727 526 4776 Alium
549 4727 662 4776 eiusdem
686 4728 802 4792 opusculi
825 4729 1014 4793 expositionem
1037 4728 1166 4790 antiquam
1190 4726 1222 4789 (s.
1241 4726 1277 4790 Χ)
1297 4725 1426 4776 amelinni

138 4806 224 4846 extare
241 4796 277 4861 (bl
295 4796 357 4858 215)
374 4796 503 4846 'llturotus
521 4795 598 4845 relect
616 4796 632 4846 l.
652 4796 669 4847 l.
687 4811 713 4863 p.
733 4798 773 4849 15.
