3420 5378
303 322 360 369 xCil
690 305 941 368 QVAESTIONES
961 302 1227 355 Gnnrtnnrlcnn

313 513 392 570 quoe
418 498 461 554 nel
487 495 604 578 Sucrnc
630 495 813 569 Scripturne
839 498 920 555 locos
954 496 1070 569 aliquot
1103 497 1215 554 rectius
1241 496 1462 567 ecrpnoscencios
1488 497 1615 571 scripto

312 605 394 671 sunt,
425 615 484 672 oceo
512 601 543 656 in
568 614 681 671 penore
709 597 742 655 id
768 599 842 655 sertis
869 597 1060 655 memorabile
1091 604 1149 669 cst,
1185 598 1342 669 tenetentum
1371 613 1461 671 orium
1492 605 1616 656 erocum

312 701 493 776 Scripturoc
519 701 747 758 translationem
777 698 916 757 Lutincnn
943 700 1032 773 quusi
1056 701 1257 773 protrimentice
1285 700 1431 773 scrr'ptom
1453 704 1549 772 oluere
1574 700 1616 757 alr

312 807 378 878 ipso
406 802 524 877 Spiritu
553 801 667 861 Suncto
696 808 840 860 ciccroute
873 802 1038 859 institutum
1072 804 1221 859 acerrime
1254 803 1292 859 ul)
1321 803 1404 859 istius
1427 797 1618 874 surrupinis

314 911 438 964 uectore
460 902 595 975 eiep'encli,
620 919 705 977 nerem
728 905 900 976 ceteroquin
922 904 1188 974 prorrnnotieornm
1205 909 1336 961 ueterum
1348 905 1527 977 praeceptis
1550 920 1616 961 non

313 1007 508 1065 mediocriter
537 1004 670 1063 inlutum
695 1003 793 1075 fuisse
819 1004 918 1063 miultis
951 1005 1025 1061 loeis
1048 1003 1210 1077 prolrutnr.
1268 1004 1365 1078 Atque
1392 1011 1424 1062 ut
1453 1007 1618 1079 excerptis

314 1125 393 1183 pune
409 1109 476 1166 usin
494 1106 567 1177 sore
581 1106 773 1177 uidebuntur,
797 1113 899 1163 cetero
922 1107 1132 1178 relinquerem,
1157 1122 1191 1162 eo
1210 1104 1337 1177 sncilius
1359 1105 1397 1163 uli
1420 1107 1523 1163 urtimo
1545 1122 1618 1165 ineo

315 1211 486 1284 impetroni,
506 1217 668 1283 postquem
696 1208 816 1266 minime
844 1210 922 1265 inter
945 1223 976 1264 se
997 1207 1162 1265 colruerere
1183 1208 1304 1280 sinpulo
1327 1208 1408 1278 iiiiii,
1440 1207 1523 1279 quod
1551 1224 1620 1283 quo

313 1315 417 1371 melius
446 1312 686 1383 intelleperctur,
720 1311 838 1384 prioris
871 1315 1020 1368 tructotns
1048 1311 1182 1383 pnqirrus
1210 1317 1271 1367 tres
1298 1310 1434 1382 inteprus
1457 1312 1622 1384 proposui

311 1433 343 1489 p.
372 1419 536 1484 tre-trs,
565 1417 608 1469 17.
655 1410 732 1469 Nom
755 1411 839 1469 nidlo
860 1411 936 1469 lruec
950 1412 1167 1469 sententiarum
1190 1426 1308 1470 coercente
1330 1412 1535 1470 intercedente
1559 1430 1619 1473 ex·

309 1518 412 1591 positu
433 1531 496 1574 esse
517 1514 611 1572 rudes.
657 1512 741 1572 Idem
761 1528 888 1586 prorsus
910 1513 948 1569 de
970 1513 1068 1570 ultero
1083 1519 1220 1573 troctntu
1233 1514 1426 1572 statuendum
1445 1519 1498 1585 est,
1523 1515 1622 1575 cuius

315 1619 430 1676 initium
453 1617 509 1675 ime
536 1623 596 1674 est:

400 1716 571 1776 {Beatus
595 1713 831 1774 llieroninrns
853 1714 887 1773 in
911 1712 1008 1772 libro
1030 1711 1299 1774 lleirraicorum
1323 1717 1512 1775 nominum
1536 1734 1620 1795 quo·

315 1820 394 1879 tiens
417 1818 447 1877 in
471 1818 566 1877 ueteri
587 1823 764 1876 testamento
788 1832 896 1874 rronren
920 1816 1051 1894 repperit
1073 1815 1162 1875 isaiae
1185 1795 1315 1895 (isaie),
1351 1835 1405 1895 per
1432 1804 1619 1895 i'protulit;

314 1920 418 1982 stubi
442 1920 523 1979 uerrit
546 1917 582 1979 ad
605 1938 714 1978 nouom
739 1924 959 1986 testamentum,
983 1916 1058 1984 idest
1080 1916 1116 1977 ad
1139 1918 1332 1996 euangelium,
1357 1920 1493 1997 protinus
1518 1939 1574 1998 per
1601 1942 1620 1983 e-

315 2022 389 2083 dixit
412 2021 566 2081 ‘Esaiam'
589 2029 618 2080 et
640 2023 740 2080 statim
763 2017 934 2079 subintulit:
963 2020 1105 2078 ‘nerum
1135 2018 1229 2098 apnd
1253 2017 1417 2080 liebreos
1445 2019 1486 2082 ab
1512 2023 1522 2080 i
1547 2021 1620 2083 lit·

316 2132 396 2183 tera
420 2124 530 2183 sumit
553 2121 776 2183 exordium’.
823 2120 904 2181 Vnde
927 2121 1092 2181 certissime
1116 2121 1269 2181 sciendnnr
1292 2122 1388 2201 plane,
1412 2121 1490 2202 quod
1515 2142 1573 2202 per
1600 2147 1619 2186 e

317 2226 366 2301 lori
390 2243 443 2303 per
465 2224 504 2300 il)
535 2223 675 2284 debemus
704 2222 732 2283 id
764 2240 882 2302 semper
910 2223 1026 2282 elicere.
1070 2221 1130 2283 Nec
1154 2225 1276 2291 mirem,
1306 2242 1373 2284 cum
1404 2234 1433 2285 et
1455 2224 1491 2284 ah
1515 2210 1617 2289 Edoni

315 2345 374 2388 non
399 2324 520 2385 Edonrei
544 2326 594 2385 sed
619 2324 732 2385 ldnrnei
756 2327 795 2384 sit
817 2323 1037 2403 proferendum.
1085 2325 1110 2384 11
1133 2325 1197 2385 Non
1222 2327 1300 2385 eninr
1323 2334 1484 2387 coutuntur
1507 2326 1617 2391 ludaei

316 2426 533 2505 Samaritanis].
579 2426 661 2486 Licet
689 2428 784 2496 eninr,
813 2427 891 2485 sient
913 2425 1029 2495 ‘irnor’‚
1059 2427 1102 2485 sic
1125 2436 1154 2487 et
1176 2427 1268 2487 ‘utor'
1295 2431 1435 2504 iungatur
1465 2426 1612 2501 ablatino,

316 2540 412 2591 tannen
443 2529 491 2590 iric
519 2529 746 2590 ‘Samaritanis'
776 2529 908 2597 daturus,
943 2537 975 2588 ιιι
1004 2532 1123 2590 ‘coutor
1152 2530 1233 2591 tibi’.
1284 2530 1322 2591 ill
1356 2531 1462 2610 Figura
1492 2530 1615 2596 heroici

316 2652 421 2695 uersus
445 2641 511 2702 etc„
534 2632 579 2706 cs.
600 2651 634 2708 p.
659 2640 723 2706 13¹3,
751 2640 792 2692 tt.

399 2738 443 2797 lli
469 2739 564 2812 initur
590 2743 757 2808 troctutus,
794 2751 975 2810 utrumquem
1008 2752 1061 2794 suo
1090 2742 1214 2810 uterque
1239 2738 1328 2797 rrrodo
1356 2738 1527 2812 conpositus
1556 2747 1613 2813 est,

315 2848 386 2900 sind
413 2847 512 2900 tomen
540 2839 703 2911 nonriullo,
739 2854 817 2911 ptrue
850 2839 881 2895 in
913 2845 1041 2911 utroque
1073 2838 1179 2896 crudem
1211 2840 1330 2898 cutione
1356 2841 1513 2914 explicatu
1546 2856 1614 2901 esse

316 2943 431 3002 uiciens.
477 2942 585 3015 Itnqeee
608 2943 639 2999 in
663 2940 759 2998 altero
777 2938 806 3010 s.
833 2944 890 2996 63⁰
910 2939 986 2998 mue
1006 2941 1165 3013 tenuntur:

402 3040 486 3111 Quod
510 3040 682 3101 Priscianus
704 3039 785 3107 dixit,
809 3038 886 3117 quod
910 3042 985 3099 sient
1007 3058 1022 3098 a
1046 3059 1118 3119 rege
1140 3041 1203 3100 rexi
1226 3040 1342 3120 dempta
1365 3042 1374 3100 i
1397 3050 1532 3102 remanet
1554 3061 1614 3105 rex

318 3152 348 3203 et
371 3163 386 3203 a
411 3143 482 3202 dirui
506 3141 624 3217 (adduxi
647 3142 726 3220 eod.)
750 3140 807 3201 dux
832 3150 861 3201 et
883 3160 898 3200 a
922 3140 1006 3201 luceo
1030 3140 1088 3202 luxi
1112 3140 1169 3210 lrrx,
1194 3143 1235 3202 sie
1258 3161 1273 3202 a
1297 3144 1445 3221 coniunge
1468 3145 1614 3206 coniunxi

317 3247 446 3306 coniunx
471 3242 577 3303 debeat
593 3243 664 3311 dici,
687 3243 840 3302 sciendum
864 3243 1042 3311 certissime,
1067 3242 1233 3305 nullatenus
1255 3245 1283 3304 id
1307 3264 1413 3306 uerum
1437 3263 1516 3314 esse,
1540 3248 1614 3324 quia

317 3346 458 3408 uidelicet
480 3347 509 3405 in
533 3343 738 3422 superioribus
760 3343 861 3405 uerbis
891 3342 1008 3403 uocales
1031 3342 1176 3404 habentur
1203 3354 1271 3406 arrte
1300 3346 1433 3408 nltimam
1456 3344 1612 3426 syllabam,

317 3467 376 3509 non
400 3449 487 3508 etiam
511 3455 722 3512 consonantes,
753 3453 785 3504 ut
813 3444 902 3504 hebet
925 3445 1097 3505 ‘coniunxi’.
1144 3446 1180 3506 Vt
1207 3456 1302 3508 oedem
1326 3447 1435 3509 clareat
1458 3459 1487 3509 et
1509 3457 1615 3527 pateat

317 3553 411 3612 iorrne
434 3549 597 3610 coniornris
619 3557 647 3609 et
671 3565 774 3607 norma
803 3545 962 3625 regularis,
991 3545 1144 3607 consimile
1174 3548 1298 3609 uerbum
1327 3552 1469 3628 competit
1496 3556 1612 3630 quaeri,

317 3672 376 3733 qno
399 3651 524 3712 ueritate
548 3649 633 3709 sienni
657 3657 746 3726 atque
768 3648 946 3709 certitudine
975 3651 1019 3708 roi
1047 3650 1150 3727 possit,
1182 3659 1213 3710 nt
1236 3649 1370 3729 expedit,
1399 3650 1615 3730 qnisqueuult

318 3754 442 3815 intueri:
474 3754 600 3828 ningen,
630 3753 706 3811 sicut
729 3760 759 3811 et
780 3753 946 3829 coniung0‚
977 3749 1064 3810 habet
1085 3771 1104 3811 n
1128 3753 1156 3810 in
1180 3751 1360 3831 penultirno;
1384 3755 1508 3833 proinde
1531 3757 1614 3818 sicut

318 3876 333 3916 a
358 3857 447 3932 ningo
471 3862 500 3912 et
523 3854 604 3913 ninri
628 3871 686 3913 non
710 3854 742 3912 lit
765 3855 845 3920 ninx,
869 3852 920 3912 sed
945 3854 1004 3921 nix,
1028 3855 1066 3912 ita
1083 3871 1207 3931 prorsus
1230 3863 1259 3914 et
1274 3873 1289 3913 a
1306 3856 1453 3933 coniungo
1469 3858 1613 3920 coniunxi

319 3976 377 4016 non
413 3958 445 4015 fit
479 3955 538 4015 nilo
572 3955 659 4015 modo
688 3951 865 4030 regulariter
901 3955 1043 4022 coniunx,
1074 3954 1125 4014 sed
1155 3956 1327 4016 omnimodo
1356 3959 1473 4018 coniux.
1526 3958 1612 4021 Vnde

320 4059 480 4117 Sanctus
508 4058 740 4135 Augustinus
768 4057 803 4114 in
838 4056 931 4114 artis
961 4059 1223 4130 grenrmnticae
1254 4058 1500 4135 (grannnaticicoc
1527 4061 1610 4145 coci)

321 4159 413 4229 libro,
444 4162 529 4221 sicuti
552 4158 609 4218 dux
633 4166 664 4217 ct
686 4156 749 4225 lux,
779 4159 821 4217 sic
851 4156 937 4215 docet
960 4157 1062 4222 etiinn.
1087 4158 1164 4233 quod
1189 4162 1219 4218 in
1243 4179 1279 4218 iix
1304 4159 1418 4219 desinet
1442 4160 1533 4236 llicit:
1556 4160 1610 4221 de·

318 4264 423 4338 signat)
447 4264 563 4320 «tortior.

403 4366 463 4424 llic
491 4366 651 4436 drrpcrstini
676 4366 758 4422 locus
785 4365 814 4421 in
843 4365 906 4422 eius
938 4364 1060 4437 scriptis
1086 4367 1292 4436 preerrnnoticis
1327 4382 1387 4423 non
1421 4372 1521 4438 estut,
1551 4369 1614 4426 nisi

319 4471 496 4542 scriptorem
519 4467 556 4524 cle
578 4483 612 4523 eo
636 4466 822 4539 lieprdurum
845 4467 911 4525 ioco
932 4467 1081 4538 copitusse
1103 4467 1202 4538 dicos,
1236 4470 1288 4541 qui
1308 4473 1352 4524 est
1368 4485 1403 4541 p.
1429 4473 1495 4539 503,
1523 4476 1539 4524 5
1565 4470 1596 4528 11
1600 4490 1610 4526 .·

320 4568 400 4627 ‘Exit
421 4586 514 4645 genus
537 4584 693 4626 connnnne
717 4578 744 4626 et
767 4569 795 4625 in
820 4571 867 4625 iux
892 4563 1048 4646 syllabam,
1073 4573 1103 4624 ut
1126 4568 1247 4634 cortine,
1272 4566 1321 4626 iric
1344 4578 1372 4626 et
1395 4566 1467 4626 lrnec
1490 4571 1608 4630 coniux.

293 4684 297 4689 ·
320 4670 387 4729 Exit
410 4679 438 4729 et
461 4671 490 4728 in
515 4688 562 4736 nx,
588 4679 619 4728 ut
641 4668 688 4727 iric
712 4677 740 4728 et
763 4668 835 4728 lmec
858 4667 914 4726 dux
939 4667 1053 4727 rednx'.
1099 4668 1160 4727 Sed
1180 4670 1237 4727 lun
1255 4686 1367 4743 porum
1382 4672 1539 4744 prolmdilc
1554 4680 1608 4733 est.

321 4774 391 4831 Cum
414 4772 460 4831 leis
482 4775 576 4845 iqitur
597 4770 750 4843 (roriferas,
775 4789 852 4844 qrictc
870 4788 902 4843 p.
931 4777 994 4842 teo,
1021 4777 1121 4827 3—tt
1144 4774 1293 4844 excerpsi.
