3420 5378
211 303 274 368 224
594 302 827 358 cousrnurrsr
845 302 1088 357 srusmnnuss

114 511 159 560 su,
173 511 299 575 esposse
321 496 465 571 geminari
489 497 519 554 iu
543 513 601 555 uua
624 492 749 574 syllaba,
773 494 824 555 sed
848 512 903 573 ego
926 512 985 554 non
1008 511 1099 572 nego,
1123 494 1191 572 quia
1214 501 1324 573 potest.
1353 492 1509 556 Latinae

212 593 361 656 uocales
383 597 524 674 corripi
547 605 582 655 et
604 593 763 675 produci
785 602 953 673 possunt.
992 594 1028 656 Et
1042 594 1110 655 ideo
1125 593 1289 656 dichronae
1311 604 1393 664 sunt,
1416 614 1508 657 nuum

212 696 350 758 uidelicet
372 696 419 756 ucl
449 696 506 757 duo
537 705 670 775 tempora
698 695 855 767 habentes,
886 698 962 758 sicut
988 715 1053 766 ara,
1083 695 1202 776 quaudo
1229 696 1324 759 altare
1350 698 1507 776 significat,

212 798 329 877 longam
359 797 448 858 habet
470 818 501 865 a,
536 797 654 877 quando
682 816 755 859 uero
784 796 932 861 stabulum
959 815 1133 878 porcorum,
1168 798 1307 867 breuem,
1338 800 1385 859 sic
1413 807 1443 860 et
1471 798 1508 860 de

211 902 331 961 ceteris.
377 901 483 960 Graeci
506 917 578 959 uero
601 900 743 975 quasdam
767 899 879 960 habent
900 899 1029 966 uocales,
1054 917 1131 978 quae
1154 918 1273 979 semper
1288 899 1532 979 producuntur,s

213 1013 279 1080 utu
296 1004 325 1060 et
340 1019 380 1068 ω,
405 1011 434 1061 et
456 1000 528 1060 alias
550 1000 675 1068 habent,
699 1018 774 1080 quae
797 1010 942 1079 perpetue
965 998 1147 1070 breuiantur,
1164 1003 1241 1062 sicut
1256 1021 1272 1062 ε
1287 1008 1318 1061 et
1331 1020 1362 1061 ο.
1392 1000 1509 1062 liabent

116 1120 160 1168 aar,
173 1120 198 1158 21
212 1104 299 1163 etiam
315 1119 502 1169 communes,
527 1118 602 1177 quae
624 1101 784 1162 dichronae
808 1111 961 1171 uocantur,
984 1109 1018 1162 ut
1040 1121 1089 1162 αι
1111 1110 1194 1162 etv.
1239 1102 1383 1182 Existill
1404 1100 1508 1185 1471,-

215 1213 326 1269 mant.
351 1204 401 1262 sed
427 1220 481 1280 ego
505 1220 563 1262 non
587 1204 738 1273 existimo,
762 1205 830 1283 quia
854 1205 1022 1282 aspirantur
1045 1212 1074 1263 et
1097 1211 1159 1263 tres
1181 1213 1398 1273 consonantes,
1421 1212 1465 1265 ct
1478 1223 1506 1284 p,

212 1315 244 1366 ut
270 1304 395 1385 pulcher
423 1303 507 1363 theos
535 1304 694 1384 propheta,
730 1305 782 1365 sed
812 1304 965 1365 nocallbus
992 1305 1133 1383 aspiratio
1160 1306 1372 1386 anteponitur,
1403 1324 1507 1366 conso·

213 1405 352 1466 nantibus
375 1423 447 1465 uero
469 1408 666 1484 postponitur.
692 1440 729 1449 -
754 1405 953 1466 Semiuocales
975 1404 1159 1466 auocalibus
1181 1406 1326 1485 incipiunt
1350 1415 1382 1468 et
1404 1409 1434 1467 in
1456 1425 1540 1468 soora

212 1526 285 1567 sono
314 1509 519 1567 terminantur.
564 1506 673 1566 Omnes
701 1507 819 1584 quidem
843 1506 880 1567 ab
909 1526 926 1566 e
955 1508 1099 1586 incipiunt
1127 1509 1183 1568 nisi
1211 1507 1272 1569 sola
1296 1527 1314 1568 a
1338 1526 1417 1586 quae
1439 1506 1506 1568 abi

212 1611 314 1688 incipit
338 1617 367 1668 et
389 1608 445 1668 hoc
467 1606 550 1676 ideo,
573 1617 619 1676 ut,
643 1609 721 1686 quod
745 1607 834 1667 habet
856 1610 885 1668 iu
910 1609 966 1668 line
988 1607 1066 1686 apud
1090 1610 1234 1680 Graecos,
1257 1609 1387 1670 baberet
1408 1612 1440 1671 in
1460 1627 1508 1670 ca·

213 1712 273 1788 pite
296 1709 373 1789 apud
396 1709 531 1778 Latinos,
556 1718 585 1768 et
607 1716 651 1770 est
672 1708 768 1769 littera
793 1709 910 1789 duplex,
935 1711 1003 1786 quia
1026 1728 1081 1789 pro
1103 1727 1120 1769 c
1143 1720 1172 1772 et
1193 1728 1207 1769 s
1230 1709 1277 1770 uel
1300 1728 1320 1789 g
1341 1720 1374 1772 et
1395 1731 1411 1772 s
1433 1713 1505 1773 soei·

213 1813 300 1890 pitur,
329 1820 362 1872 ut
391 1810 439 1872 lux
466 1810 542 1873 lucis
571 1810 616 1870 lex
645 1809 729 1889 legis:
768 1820 838 1871 sunt
867 1820 964 1872 tamen
992 1811 1138 1890 quaedam
1168 1815 1287 1872 uomina
1318 1821 1405 1873 extra
1434 1813 1506 1873 hauc

214 1913 362 1991 reguiam,
400 1922 431 1972 ut
458 1910 509 1973 nix
544 1913 636 1980 niuis,
672 1931 730 1972 nox
759 1914 869 1980 noctis,
904 1911 1037 1991 supellex
1068 1911 1276 1992 supellectilis,
1311 1931 1369 1992 pro
1402 1913 1538 1994 quibusrs

212 2015 343 2074 creditur
367 2034 383 2074 x
407 2024 554 2093 assumpta
584 2030 649 2073 esse
671 2032 687 2072 a
710 2015 847 2081 Graecis,
876 2016 945 2093 quia
974 2031 1033 2074 nou
1061 2021 1127 2073 erat
1154 2013 1316 2084 certitudo,
1347 2023 1449 2076 utrum
1476 2034 1507 2076 cs

213 2115 260 2174 uel
282 2134 315 2192 gs
338 2123 521 2192 ponerentur
544 2117 574 2175 in
598 2132 701 2175 eorum
727 2117 926 2176 nominatiuis.
971 2115 1112 2192 Liquidae
1136 2114 1276 2177 dicuntur
1300 2114 1418 2183 labiles.
1442 2121 1506 2197 quia

212 2215 304 2276 ueluti
331 2233 405 2293 aqua
436 2214 575 2276 labuntur
604 2224 633 2275 et
660 2215 794 2276 delluunt
821 2218 851 2277 in
881 2223 985 2277 metro.
1039 2215 1097 2276 Sed
1128 2215 1136 2275 l
1167 2224 1196 2276 et
1223 2235 1239 2277 r
1266 2215 1347 2297 apud
1380 2217 1505 2286 Latinos

122 2344 171 2388 oro,
186 2317 289 2396 capud
306 2317 435 2377 Graecos
451 2335 523 2378 uero
546 2336 573 2377 m
591 2326 652 2378 etn
669 2316 845 2397 liquescunt.
890 2319 911 2377 S
934 2317 1078 2386 littera,
1101 2316 1216 2378 scilicet
1238 2326 1362 2396 praeter
1385 2319 1414 2379 id
1430 2320 1506 2401 qrrod

212 2418 399 2480 semiuocalis
414 2427 458 2478 est
472 2417 619 2497 quandam
643 2416 732 2479 hahet
754 2426 940 2496 potestatem,
964 2420 1040 2479 idest
1062 2422 1092 2478 in
1116 2427 1211 2479 mctro
1234 2421 1297 2478 uim
1313 2424 1538 2483 consonantis»

211 2522 326 2581 amittit.
374 2519 456 2579 Vnde
478 2529 507 2579 et
529 2525 654 2599 poeta!

565 2621 746 2681 Hortatur
769 2621 985 2684 Mnestheus
1008 2640 1118 2690 rruur,

210 2726 385 2804 plerumque
409 2725 496 2783 etiarn
520 2724 638 2801 penitus
660 2721 858 2793 subtrahitur:
883 2732 929 2784 ut:

565 2824 779 2885 lustautibu
804 2826 939 2905 parnis.

121 2928 256 2988 :hstiis
280 2928 373 2996 illis,
397 2924 828 2988 scilicetVllsemiuocalibus.
859 2926 1026 2987 lllittera
1048 2927 1323 3006 superponitur
1348 2926 1539 3008 liquidiss

210 3029 218 3088 l
243 3030 301 3089 uol
325 3049 349 3089 r.
395 3029 553 3107 Exprimit,
578 3027 687 3103 quibus
702 3026 821 3104 liquidis
836 3030 1038 3107 praeponitur,
1061 3046 1098 3088 ue
1114 3027 1258 3089 dubitatio
1274 3028 1372 3090 lieret.
1406 3030 1506 3091 Pris-

211 3132 340 3190 cianus
362 3146 481 3208 quoque
503 3129 642 3198 alsrrmat,
673 3129 750 3210 quod
774 3132 787 3190 l
807 3130 905 3191 littera
930 3128 1001 3190 nihil
1025 3129 1103 3189 aliud
1127 3129 1230 3199 habet,
1259 3139 1292 3190 ut
1315 3131 1357 3191 sit
1380 3134 1507 3193 semiue·

211 3230 295 3300 calis,
321 3233 376 3291 nisi
399 3232 475 3308 qnod
500 3250 515 3290 a
539 3230 634 3291 uocali
657 3233 762 3311 incipit
777 3241 806 3292 ot
821 3235 852 3292 in
875 3250 906 3291 se
928 3233 991 3310 ipsa
1014 3234 1198 3292 terminatur.
1238 3230 1322 3292 Vnde
1346 3242 1378 3293 et
1401 3234 1508 3295 nullius

212 3333 347 3393 dictionis
371 3331 533 3394 terminalis
549 3335 698 3394 inuenitur
723 3332 734 3411 ll
754 3331 814 3394 148
831 3356 841 3414 p
868 3341 897 3392 et
918 3332 983 3393 loco
1006 3332 1084 3393 illius
1107 3341 1184 3394 muta
1207 3332 1354 3394 scribitur
1377 3333 1458 3397 idest
1478 3354 1506 3415 p.

211 3434 282 3496 Nam
312 3435 362 3496 ubi
392 3452 445 3495 nos
472 3434 631 3496 scribimus
653 3435 673 3500 l,
697 3454 713 3495 a
737 3435 837 3495 multis
860 3434 899 3514 ph
922 3434 1075 3496 scribitur.
1104 3469 1146 3479 -
1174 3436 1272 3496 lllutae
1302 3454 1319 3495 a
1349 3454 1407 3497 suo
1433 3455 1538 3498 sonou

120 3551 170 3596 ³0⁸,
185 3549 196 3588 ⁷
211 3538 355 3617 incipiunt
371 3546 400 3596 et
415 3539 445 3596 in
461 3534 613 3597 uocalibus
635 3537 787 3596 finiuntur.
834 3536 1113 3616 superuacuae,
1138 3537 1213 3596 idest
1233 3538 1338 3597 inanes
1355 3545 1388 3598 et
1402 3556 1507 3619 super·

123 3639 297 3701 assume.
343 3639 547 3718 imperitis,
580 3637 656 3697 idest
687 3637 724 3698 ab
755 3637 892 3699 indoctis.
941 3638 966 3698 ll
1000 3637 1167 3699 litteram
1199 3639 1505 3718 praeponendam

210 3759 384 3802 essenon
408 3761 432 3800 c.
479 3739 697 3800 Priscianus
720 3747 816 3800 tamen
840 3739 896 3800 hoc
912 3740 1037 3801 destruit
1056 3742 1173 3808 dicens,
1198 3739 1309 3800 nullam
1333 3758 1401 3802 esse
1424 3741 1507 3801 dille·

209 3845 349 3911 rentiam,
379 3849 477 3902 utrum
507 3840 656 3919 llarthago
680 3851 711 3901 et
731 3841 880 3902 llaleudac
903 3860 957 3921 per
980 3843 1020 3911 ll,
1043 3859 1081 3902 an
1105 3859 1158 3921 per
1181 3841 1203 3901 C
1225 3841 1415 3913 scribantur,
1439 3842 1506 3903 licet

209 3944 344 4005 moderni
367 3944 391 4003 li
415 3945 445 4003 iu
468 3942 513 4003 his
535 3941 648 4003 duobus
671 3942 850 4014 nominihus,
875 3946 943 4023 quia
966 3944 1078 4005 Graeca
1107 3950 1190 4012 sunt,
1219 3942 1413 4004 scribendum
1441 3954 1538 4005 esse³⁵

208 4054 352 4106 asserant.
385 4044 468 4105 ‘Cur'
486 4053 515 4104 et
529 4044 620 4104 ‘cum’
638 4043 705 4103 ideo
720 4063 774 4124 per
790 4065 805 4106 c
820 4046 979 4107 scribenda
994 4056 1073 4116 sunt,
1097 4047 1162 4126 quia
1180 4063 1348 4107 consonans
1371 4046 1505 4126 sequitur

112 4162 232 4210 sss,10u
255 4149 318 4208 sins
343 4147 435 4209 altera
457 4144 564 4207 uocali.
603 4145 780 4207 Crleditur
802 4157 902 4218 nota,
926 4149 1003 4210 idest
1024 4155 1142 4209 tenetur
1164 4146 1320 4209 character
1335 4145 1387 4208 uel
1401 4148 1504 4226 ligura,

209 4250 326 4329 quando
349 4251 410 4310 uim
426 4250 615 4310 consonantis
630 4250 746 4309 amittit.
791 4249 843 4310 Est
858 4257 956 4310 autern
978 4251 1119 4330 aspiratio
1142 4267 1232 4309 sonus
1254 4247 1380 4310 uberius
1402 4248 1502 4310 elatus

207 4437 434 4448 ——n—n—n-—a

275 4574 438 4638 idperonae
523 4572 626 4638 bgrecl
711 4574 917 4624 tisicuteeto
1004 4573 1165 4636 ldycronae
1233 4569 1311 4620 utsi
1330 4582 1391 4636 εις
1474 4573 1504 4623 12

207 4657 297 4708 grecos
367 4645 399 4693 13
418 4641 456 4690 uel
475 4656 522 4706 gs
593 4644 624 4690 16
642 4644 724 4707 grecis
795 4643 826 4692 ts
843 4638 992 4706 dellullllunt
1064 4643 1095 4690 st
1114 4635 1202 4704 poeta]
1225 4639 1303 4703 Verp.
1321 4640 1390 4690 Aes.
1414 4640 1441 4689 V
1456 4642 1504 4690 189

207 4715 239 4761 2⁴2
258 4722 387 4760 mnesteus
456 4712 489 4759 25
507 4724 528 4758 s.
547 4725 588 4758 uu
606 4709 803 4759 semiuucslihus
855 4711 1008 4774 supponitur
1093 4711 1126 4758 26
1143 4703 1303 4771 Priscianus]
1323 4706 1340 4756 1
1354 4722 1385 4772 p.
1405 4712 1451 4772 11,
1470 4710 1503 4759 13

207 4781 240 4831 it
259 4778 335 4828 nichil
403 4780 436 4829 38
453 4791 512 4827 esse
529 4792 576 4828 om.
645 4775 802 4844 Priscianus]
822 4778 841 4827 I
854 4795 882 4844 p.
903 4779 980 4837 12,7
1048 4779 1081 4828 34
1098 4776 1209 4841 Kartago
1278 4776 1312 4825 Sl
1331 4788 1450 4826 summer
