3420 5378
207 188 345 235 xxxviii
603 174 652 224 DE
671 174 792 227 ntnnls
811 175 1072 229 intumentium.

286 363 360 420 Facit
379 363 430 422 liic
456 364 532 422 liber
554 364 623 424 olim
645 365 755 425 Sarmti
777 367 920 442 llcrnipii,
949 368 982 426 id
1009 368 1092 442 quod
1117 368 1297 443 subscriptio
1326 372 1522 445 saepissime

201 466 330 539 repetito
351 471 494 525 testatur:
529 463 619 526 Liber
642 464 690 526 sci
712 468 830 544 remigii
853 466 950 527 studio
972 469 1074 528 fratris
1102 466 1243 536 atlalaldi;
1272 471 1359 528 cuias
1385 470 1522 543 fratris

202 567 362 633 adabaldi,
387 569 439 641 ptri
458 567 591 627 codicem
612 570 750 644 scripsit,
771 569 800 642 s.
827 576 881 627 13·
903 587 1020 646 ottoque
1041 573 1071 629 in
1095 573 1153 629 imo
1174 572 1313 645 rnarpine
1333 576 1458 634 mentio
1477 579 1520 648 fit

200 671 257 726 ito:
287 669 418 746 optineat
439 675 558 727 sauctus
580 668 629 728 dei
651 670 794 746 remigius
817 679 849 730 ut
871 669 908 730 ad
932 671 1023 731 uitam
1046 678 1197 732 aeternam
1220 670 1366 751 perducat
1389 672 1518 737 adelol-

201 769 269 830 dum
292 771 361 849 pius
383 768 530 829 dominns.

286 874 475 946 Bouporsius
496 888 570 932 uero
590 888 623 931 se
643 874 754 936 librum
776 892 796 933 o
818 875 1002 935 illumatio
1023 878 1175 951 accepisse
1196 878 1325 936 ostendit
1338 877 1434 951 ltisfi
1457 889 1517 943 4⁶:

203 972 384 1052 bongarsius
412 973 525 1053 accepit
547 992 561 1033 a
584 972 605 1032 Ι.
628 973 765 1037 llussatio
793 976 931 1056 praeside
959 975 1183 1037 (jalarinrontano
1212 978 1426 1058 propraefecto
1452 980 1516 1043 lin·

200 1077 332 1152 poniensi.

279 1178 309 1251 f.
329 1183 362 1235 t
382 1180 673 1252 scripturuuucat;
692 1181 722 1254 s.
743 1179 834 1240 1⁶—o
818 1179 1513 1261 mllrpiturarslutriprommotici,

202 1281 288 1340 cuites
310 1290 457 1357 excerpta
478 1285 568 1344 botius
588 1286 712 1360 librip
740 1290 793 1340 159
814 1301 876 1358 seq.
906 1283 1051 1342 dedimus.
1096 1284 1238 1343 Auctoris
1266 1300 1371 1343 rtomcu
1399 1284 1430 1356 s
1452 1287 1515 1345 (ἰδ’

201 1384 357 1458 reperitur
384 1385 415 1442 in
443 1388 579 1445 carmine
605 1386 736 1461 oriudum
767 1387 811 1445 ad
838 1387 922 1445 illam
945 1391 1041 1443 artem
1057 1387 1246 1460 pertinente,
1269 1386 1354 1446 citius
1380 1387 1513 1450 initium

201 1492 260 1543 est:
298 1485 382 1545 ‘Huc
404 1504 481 1562 opus
509 1491 621 1563 eoique
649 1489 732 1564 quod
757 1488 858 1547 cernis
885 1489 1006 1546 tramite
1032 1488 1151 1560 lector,
1174 1486 1219 1559 cs.
1238 1505 1273 1563 p.
1298 1493 1362 1546 159.
1409 1488 1512 1550 Cuius

201 1588 348 1647 carminis
370 1590 424 1663 qui
439 1592 541 1664 primo
568 1594 635 1651 laco
651 1592 749 1665 positi
768 1596 837 1649 sunl
859 1605 965 1649 uersus
986 1595 1068 1662 octa,
1093 1589 1136 1647 ud
1157 1591 1271 1648 calcem
1294 1590 1396 1663 operis
1417 1598 1512 1651 recte

199 1689 329 1757 reiciam
357 1692 411 1765 qui
430 1707 504 1751 uero
525 1701 667 1752 sectentur
689 1692 760 1750 inde
781 1707 800 1749 a
823 1706 913 1751 uersu
939 1707 1035 1750 nono:
1064 1689 1140 1749 ‘llic
1161 1691 1248 1749 sunl'
1271 1696 1339 1763 etc„
1369 1692 1399 1749 in
1428 1693 1512 1754 libri

199 1791 285 1850 initio
313 1792 382 1850 olim
411 1793 554 1853 collocati
575 1792 674 1865 fuisse
701 1794 854 1865 uidentur,
885 1793 967 1867 qaod
991 1809 1031 1853 ex
1058 1796 1231 1867 unanimanti
1257 1794 1378 1853 ratione
1401 1792 1510 1866 facile

198 1893 361 1965 caterpam.
408 1893 515 1969 ltaque
541 1912 647 1955 uersus
673 1897 741 1955 illos
763 1898 866 1972 primo
892 1901 1107 1970 excerptorum
1133 1896 1199 1955 laco
1226 1894 1353 1956 exhibui
1374 1912 1407 1971 p.
1435 1902 1506 1958 159.

199 1993 259 2052 Ars
286 1994 368 2068 ipsa,
400 2011 479 2069 quae
506 1998 538 2054 iu
566 1999 633 2057 cad.
664 1996 759 2057 Bere.
791 2015 909 2073 qaoque
938 1996 1042 2069 luis.
1071 2003 1143 2056 tbi‘
1163 2014 1225 2072 seq.
1248 2003 1348 2064 extat,
1380 1993 1414 2057 in
1444 1999 1509 2060 boc

198 2093 277 2153 libro
304 2097 462 2170 aliquanto
488 2106 580 2157 auctu
608 2106 651 2159 cst
674 2098 833 2170 additisl'.
860 2107 922 2158 1—
931 2106 949 2157 3
976 2100 1091 2173 aliquot
1112 2100 1151 2157 de
1171 2101 1275 2158 littera
1302 2100 1507 2162 tractatibus:

196 2199 224 2272 s·
254 2202 283 2260 1⁶
307 2199 347 2269 be
366 2201 612 2272 samritaubnoe
639 2221 784 2296 parmae
814 2207 933 2274 laneae
960 2223 1073 2273 necao
1103 2201 1272 2273 homimis
1303 2202 1413 2272 boc
1393 2221 1414 2273 e
1435 2225 1506 2274 tm·

200 2282 294 2379 'iram
313 2307 343 2381 s
369 2314 404 2366 2⁰
426 2302 607 2375 beantous
629 2325 800 2376 maranus
821 2325 955 2398 quinus
985 2325 1144 2375 corosani
1164 2308 1370 2376 trasancos
1389 2303 1507 2379 bomo

199 2425 324 2481 inrisus
353 2423 588 2476 suessarems
618 2407 1211 2499 coms1s1a;s.2⁶bequanuon
1244 2425 1371 2477 causas
1401 2426 1508 2498 quae

201 2526 381 2604 cerretum
401 2526 527 2578 uocem
546 2512 807 2583 arunculeium:
830 2512 1016 2586 infruitae:
1040 2529 1128 2602 traco
1147 2529 1337 2580 tractatus
1357 2510 1507 2583 multon

202 2619 499 2696 cnimaoconum
520 2611 561 2682 be
581 2613 713 2683 limenas
735 2632 831 2704 quoa
849 2616 1010 2683 auctorit
1033 2615 1115 2681 moi
1143 2613 1271 2703 exepta
1293 2630 1504 2704 premimus.

203 2713 260 2787 (loti
282 2715 434 2773 tractulus
455 2707 501 2769 ito
522 2727 554 2771 se
575 2712 680 2772 babet:

284 2817 403 2873 Primam
432 2814 511 2871 nobis
540 2817 765 2891 interrogandum
788 2826 831 2873 est
854 2816 962 2891 quando
986 2814 1030 2872 uel
1052 2832 1107 2889 quo
1131 2824 1254 2890 tempore
1276 2814 1367 2872 littero
1389 2816 1505 2876 iouente

203 2905 330 2973 inerunt,
359 2909 449 2956 utrum
475 2898 581 2956 ineram
604 2910 665 2958 ante
689 2900 822 2958 ‹iilunium
845 2918 878 2957 au
901 2918 965 2959 non.
1010 2899 1074 2958 Sino
1096 2899 1179 2956 dubio
1209 2900 1321 2955 iuontmt
1342 2908 1405 2956 ante
1428 2899 1503 2959 dilu-

203 2989 288 3043 uium.
332 2985 397 3040 Nam
427 2981 530 3055 legitur
557 2987 589 3041 iu
619 2985 796 3061 aepistola
824 2984 958 3043 iacobi:
997 2984 1089 3042 Enoch
1117 2993 1180 3040 anto
1207 2984 1340 3040 diluuium
1368 2985 1505 3044 nonnulla

204 3071 348 3128 scribsisse
371 3069 468 3126 iertur.
513 3067 580 3136 Quat
606 3070 706 3144 igitur?
743 3071 897 3127 Custodinit
925 3069 969 3127 ilia
998 3070 1098 3144 scripta
1120 3078 1147 3124 et
1170 3067 1230 3125 illas
1252 3069 1359 3125 litteras
1382 3071 1409 3125 ln
1431 3069 1505 3128 attu-

205 3157 269 3212 uio?
306 3154 344 3211 Ne
365 3152 488 3228 perirent
509 3156 537 3210 in
559 3154 663 3211 duabus
687 3156 821 3213 columnis
843 3155 945 3231 scritate
968 3155 1085 3211 inerant
1129 3153 1191 3209 lade
1213 3155 1385 3228 losephus
1407 3166 1506 3214 narrat

203 3242 309 3298 dicens:
347 3237 420 3295 luhal
449 3235 522 3295 filius
549 3239 661 3296 Lamech
686 3257 719 3296 ne
741 3240 926 3297 dilaberentur
948 3238 981 3295 ab
1004 3237 1158 3295 hominibus
1186 3255 1255 3313 qnae
1278 3238 1311 3294 ab
1333 3256 1366 3296 eo
1389 3241 1529 3299 iuuante

205 3325 366 3384 uidebantur
387 3330 434 3380 aut
456 3320 494 3394 (a)
522 3332 667 3399 antequam
696 3326 727 3382 ad
754 3327 879 3383 notitiam
906 3326 1048 3395 uenirent,
1076 3317 1160 3401 depuli
1178 3323 1260 3381 tots
1241 3317 1411 3402 3¹¹lrirent‚
1439 3341 1503 3383 oum

204 3412 384 3487 praedixisset
406 3401 489 3487 (opt)
511 3408 593 3464 Adam
624 3412 875 3468 exterminationem
904 3426 996 3466 rernm
1024 3410 1160 3480 amatium,
1189 3426 1268 3465 unam
1292 3411 1310 3464 i
1303 3411 1363 3482 pois
1387 3411 1503 3484 uirtute,

204 3497 315 3554 alteram
343 3511 410 3551 uero
440 3512 587 3569 aquarum,
621 3513 750 3570 siluarum
780 3496 888 3552 nimiam
917 3493 976 3566 (ia)
1009 3493 1209 3551 multitudinem
1240 3494 1316 3571 (ino)
1344 3512 1406 3551 esse
1434 3495 1503 3553 dixit

204 3590 356 3639 uenturam.
395 3581 455 3654 lpse
478 3588 505 3635 et
528 3583 618 3637 socias
642 3598 707 3637 suus
731 3581 797 3638 duas
813 3581 953 3638 columnas
969 3580 1093 3636 lecerunt
1108 3588 1135 3636 ot
1150 3579 1240 3636 ambas
1263 3582 1502 3654 conscripserunt:

203 3666 250 3725 sed
274 3676 362 3723 tamen
391 3665 436 3721 illo
458 3664 550 3721 littere
579 3683 632 3739 quo
656 3684 769 3724 altmaro
793 3665 836 3723 uel
859 3667 969 3721 nomine
991 3664 1036 3721 uel
1060 3682 1112 3739 qua
1135 3665 1221 3739 figura
1244 3661 1307 3721 inei
1331 3667 1449 3740 scripta,
1474 3669 1501 3723 in

206 3751 342 3826 scriptura
373 3751 482 3807 minimo
510 3759 684 3808 memoratur.
730 3752 795 3808 item
819 3752 889 3807 scire
911 3767 962 3807 nos
985 3750 1128 3820 conuenit,
1157 3753 1183 3806 iu
1212 3768 1265 3825 qaia
1293 3750 1385 3824 lingua
1409 3751 1502 3810 littore

204 3837 333 3912 primitus
356 3835 458 3891 suerint
481 3836 601 3892 inuento.
633 3838 697 3894 item
713 3839 740 3893 in
756 3835 885 3893 iicltraica
908 3835 1002 3909 lingua
1025 3833 1146 3908 scilicet,
1170 3838 1232 3910 quia
1255 3834 1384 3892 liebraica
1407 3836 1502 3910 lingua

206 3929 293 3978 rnater
316 3928 358 3978 est
380 3922 500 3977 omnium
523 3919 678 3995 linguarum
695 3932 721 3978 et
736 3922 899 3979 litterarum.
938 3922 1000 3979 inde
1023 3920 1182 3978 isidorus
1205 3921 1270 3978 dicit
1287 3917 1365 3995 (erip.
1383 3920 1441 3986 Ia,
1455 3915 1501 3994 ηε

204 4009 308 4063 Littera
339 4005 431 4061 Latine
460 4015 486 4061 et
514 4005 599 4064 Groce
622 4006 654 4063 ab
677 4007 790 4063 liebreis
818 4007 947 4064 uidentur
975 4016 1076 4065 exorte.
1121 4005 1199 4081 Apud
1228 4006 1273 4078 (m.
1297 4005 1317 4061 1
1336 4005 1411 4080 aput)
1439 4006 1502 4063 iilos

205 4095 277 4148 onim
301 4093 417 4165 prienam
441 4091 542 4147 (lictum
566 4100 610 4149 est
633 4091 727 4165 aleph,
751 4092 848 4147 deinde
872 4110 903 4147 ex
926 4093 1006 4149 simili
1028 4094 1214 4149 enuntiatione
1237 4090 1307 4165 apud
1331 4090 1375 4162 (m.
1392 4091 1501 4166 Iaput)

206 4178 307 4234 Grecos
330 4176 416 4250 alpha.
461 4175 523 4233 indo
551 4186 616 4252 epm
646 4176 755 4231 Latinos
778 4195 801 4231 a.
827 4175 985 4233 Translatus
1007 4177 1085 4250 (tur)
1109 4178 1180 4232 enim
1204 4177 1316 4231 alterius
1338 4175 1447 4248 linguae
1470 4195 1500 4232 ex

206 4261 286 4318 simili
311 4278 378 4317 sono
401 4260 518 4317 litteram
542 4263 678 4332 condidit,
702 4270 732 4316 ut
754 4279 836 4318 nosse
858 4263 994 4336 possimus
1011 4259 1178 4335 (possumus)
1199 4260 1319 4334 linguam
1343 4260 1500 4318 ilebraicam

205 4348 325 4404 omnium
348 4347 501 4419 linguarum
524 4355 551 4401 et
573 4347 725 4402 litterarum
749 4364 808 4402 esse
831 4356 951 4403 tenattem.

294 4446 368 4506 Tum
383 4443 535 4542 sanctitur:
560 4425 685 4525 nutat
705 4443 907 4542 {Pssutnttvs
932 4445 952 4512 i}
973 4452 992 4517 ἔ
1015 4441 1216 4516 QvnT'rvon
1240 4436 1500 4507 nitt'mttm'ntts

206 4547 314 4609 vocis
337 4546 506 4608 SECVNDV
528 4543 845 4628 balsaminum
864 4546 887 4631 Η.
926 4550 999 4611 Sunt
1023 4555 1120 4609 autem
1144 4543 1196 4604 tttl
1218 4545 1402 4606 dill'erentiae
1424 4547 1502 4608 idest

207 4648 259 4709 llll
282 4651 397 4728 species
420 4651 503 4706 ironis
526 4647 562 4706 de
585 4647 694 4728 quibus
718 4650 881 4729 priscianus
905 4649 976 4709 tlicit
998 4658 1054 4710 etc.
1076 4676 1118 4697 =
1133 4645 1232 4708 Prisc.
1256 4647 1275 4706 l
1290 4666 1325 4724 p.
1343 4656 1371 4723 5,
1391 4656 1500 4710 52-15.
1499 4680 1603 4928 Α
