3420 5378
216 335 277 402 116
450 349 454 357 ’
702 333 798 387 aas
817 330 993 387 anonrun

215 529 313 595 niirnt,
343 525 441 586 addita
470 532 513 585 tas
541 523 651 604 syllaba
680 542 770 604 super
797 513 1022 593 nominatiuum,
1046 531 1077 583 nt
1099 539 1213 603 pauper
1235 530 1414 604 paupertas,
1437 521 1513 583 uber

213 628 342 697 ubmtas,
366 636 451 687 uetus
474 634 619 695 uetustas;
643 624 799 704 aliquando
822 645 838 685 a
864 627 1065 705 comparatiuo
1095 628 1220 686 ueniunt
1249 633 1360 686 mutata
1388 644 1425 686 or
1454 625 1511 706 syt-

212 728 278 789 laba
307 732 335 789 in
366 747 398 789 es
427 736 455 788 et
484 728 582 789 addita
611 736 670 797 tas,
707 736 738 787 ut
765 728 860 787 maior
888 729 1038 796 maiestas,
1061 730 1084 801 †
1106 728 1202 789 bonor
1228 727 1386 797 honestas;
1417 735 1467 787 aut
1496 746 1512 786 a

212 830 312 890 datiuo
334 829 475 907 singulari
498 831 601 890 tertiae
624 828 829 889 declinationis
852 828 1019 891 diriuantur
1042 828 1141 890 addita
1163 838 1212 890 tus
1233 828 1362 910 syllaba,
1388 836 1420 888 ut
1443 826 1510 888 ietir

211 932 305 993 tettcis
332 930 408 991 tctiri
438 930 577 999 leticitas,
608 932 651 992 sic
678 915 778 1011 capaci
807 933 966 1010 capacitas,
995 932 1094 1010 rapaci
1118 932 1292 1010 rapacitas,
1308 931 1408 991 tenaci
1429 937 1534 990 tona-s

211 1037 292 1102 citas,
317 1034 436 1113 procaci
459 1034 634 1112 procacitas,
659 1033 745 1093 adlini
769 1032 913 1102 adfinitas,
937 1032 1047 1093 infideli
1065 1031 1229 1100 inttdetitas,
1254 1030 1346 1092 ceteri
1362 1030 1510 1099 celeritas,

211 1137 325 1196 auctori
354 1136 523 1196 auctoritas.
569 1134 676 1195 Neritia
706 1137 735 1193 in
764 1154 796 1195 as
823 1136 1035 1203 terminantur,
1064 1142 1097 1195 ut
1119 1133 1175 1194 boc
1197 1153 1250 1195 uas
1272 1135 1351 1194 uasis
1373 1134 1438 1194 uasi
1460 1151 1512 1193 uas

211 1255 267 1299 uus
289 1256 304 1296 a
329 1255 412 1303 uase,
442 1244 470 1296 ct
494 1235 600 1314 plurali
623 1255 693 1297 uasa
718 1254 856 1297 uasorum
880 1238 958 1296 uasis
981 1253 1052 1296 uasa
1074 1254 1143 1297 uasa
1167 1237 1261 1304 uasis,
1291 1242 1319 1295 et
1341 1235 1403 1296 duo
1424 1234 1509 1295 inde·

211 1337 369 1407 ctirrabttia,
394 1345 426 1398 ut
450 1337 505 1398 boc
528 1338 572 1398 tas
595 1345 626 1397 et
646 1336 703 1397 hoc
726 1339 818 1398 netas.
857 1337 893 1397 Et
915 1346 984 1397 sunt
1006 1338 1175 1398 communia
1197 1338 1287 1398 trium
1311 1354 1458 1415 generum
1480 1337 1510 1397 in

210 1459 255 1509 as,
284 1447 316 1500 ut
346 1440 394 1500 bic
422 1448 452 1498 et
479 1438 552 1499 traec
581 1448 610 1498 et
638 1438 695 1499 hoc
718 1440 843 1518 primas,
873 1438 921 1498 bic
943 1447 972 1498 et
994 1437 1067 1500 baec
1090 1448 1118 1500 et
1141 1438 1197 1500 boc
1219 1440 1360 1517 optimas,
1391 1456 1470 1519 quae
1491 1450 1543 1499 a1⁰

210 1540 379 1602 nominibus
401 1542 515 1620 primus
538 1548 567 1600 et
589 1541 719 1619 optimus
742 1542 880 1610 ueniunt,
910 1541 957 1600 bic
982 1549 1011 1602 et
1034 1539 1106 1601 haec
1130 1548 1158 1601 et
1181 1538 1237 1599 troc
1258 1541 1403 1620 Arpinas,
1433 1557 1507 1618 quae

209 1643 276 1703 ideo
306 1645 336 1703 in
365 1644 422 1702 bne
451 1640 562 1702 babent
589 1641 813 1703 circumflexum
842 1653 1012 1710 accentum,
1042 1644 1110 1720 quia
1139 1659 1194 1720 per
1222 1658 1385 1721 syncopam
1408 1641 1507 1721 prote·

210 1754 326 1805 runtur.
365 1744 499 1805 Perlccta
524 1743 601 1802 enim
626 1761 730 1803 eorum
753 1744 947 1804 inueniuntur
970 1744 1046 1823 apud
1070 1744 1294 1821 antiquissimos
1315 1745 1347 1802 in
1370 1744 1409 1802 tis
1431 1742 1507 1803 desi·

209 1848 317 1914 nentia,
342 1853 373 1904 ιιι
395 1844 442 1905 bic
466 1844 590 1904 ethaeo
613 1845 746 1921 primatis
768 1846 926 1923 optimatis,
950 1845 998 1906 bic
1021 1853 1050 1904 et
1073 1845 1145 1905 haec
1167 1845 1325 1924 Arpinatis
1349 1852 1380 1904 et
1403 1853 1507 1905 neutm

208 1949 238 2006 in
262 1968 277 2006 e
301 1946 479 2014 desinentia,
503 1954 536 2006 ιιι
552 1942 563 2026 ΙΙ
580 1947 599 2006 1.
618 1943 697 2008 105”’
713 1943 725 2027 ΙΙ
742 1946 798 2006 boc
819 1948 945 2027 primate
967 1947 1024 2006 boc
1046 1948 1188 2026 optimate
1211 1945 1268 2006 boc
1289 1945 1448 2025 Arpinate,
1479 1954 1541 2005 etti

208 2048 354 2110 abtaliuus
375 2050 404 2107 iu
430 2049 438 2107 i
462 2065 544 2107 more
567 2066 671 2107 eorum
695 2049 857 2117 nominum,
882 2065 957 2125 quae
979 2049 1010 2108 in
1032 2050 1057 2108 is
1080 2047 1243 2108 desinentia
1267 2047 1381 2108 iaciunt
1402 2054 1507 2107 neutra

208 2152 237 2210 iu
268 2170 297 2218 e,
327 2161 359 2210 ut
386 2149 423 2209 ab
452 2148 507 2209 troc
536 2157 565 2210 et
592 2148 628 2210 ab
657 2148 712 2208 bac
742 2158 771 2208 et
798 2147 835 2209 ab
864 2149 921 2209 hoc
943 2151 1077 2227 optimati
1100 2149 1217 2228 primati
1239 2148 1383 2228 Arpinati.
1429 2148 1509 2210 ilaec

208 2259 305 2311 autum
330 2252 449 2311 nomina
472 2251 638 2310 communia
661 2251 750 2310 trium
773 2268 917 2328 generum
939 2252 968 2310 in
993 2270 1024 2311 as
1047 2250 1212 2311 desinentia
1234 2250 1277 2311 sic
1302 2247 1507 2312 declinantur:

209 2351 258 2411 bic
286 2361 315 2412 et
344 2352 417 2412 bace.
444 2360 472 2410 ot
494 2350 551 2411 boc
572 2369 732 2430 praegnas,
763 2350 851 2413 liuius
874 2353 1057 2431 praegnatis,
1087 2353 1156 2412 huic
1177 2353 1345 2432 praegnati,
1377 2350 1458 2413 bunc
1480 2358 1510 2413 et

169 2518 177 2523 „
210 2453 286 2513 trane.
315 2461 504 2534 praegnatem
533 2460 562 2512 et
590 2452 645 2513 boc
669 2470 829 2532 praegnas,
858 2472 876 2512 o
900 2471 1058 2533 praegnas,
1087 2452 1124 2514 ab
1147 2453 1204 2514 boc
1226 2462 1255 2515 et
1277 2451 1316 2513 ab
1338 2452 1397 2514 bac
1420 2462 1450 2514 et
1471 2452 1540 2513 aba

209 2557 264 2614 troc
289 2556 456 2635 praegnati,
481 2563 510 2614 et
532 2553 637 2632 plurali
661 2554 690 2615 tri
714 2563 743 2614 et
765 2554 820 2616 bae
842 2562 1018 2634 praegnates
1041 2563 1070 2615 ot
1091 2555 1166 2615 haec
1187 2555 1377 2634 praegnatia,
1402 2553 1508 2615 honam

209 2666 235 2716 et
261 2656 363 2717 barum
388 2655 545 2716 ethorum
569 2658 784 2735 praegnatium,
808 2656 853 2716 bis
876 2639 1099 2734 praegnatibus,
1124 2654 1178 2715 bos
1200 2663 1230 2714 et
1251 2655 1304 2716 has
1327 2665 1508 2735 praegnates

208 2765 237 2817 et
260 2758 333 2818 llaec
355 2759 541 2836 praegnatia,
566 2777 583 2817 o
606 2767 783 2837 praegnates
806 2765 834 2818 et
856 2775 873 2816 o
896 2759 1083 2837 praegnatia,
1106 2758 1144 2816 ab
1167 2757 1214 2818 tris
1237 2755 1461 2835 praegnatibus

293 2860 324 2920 tu
354 2878 386 2919 es
413 2860 628 2920 terminationis
658 2868 731 2936 ‹pmt
757 2876 868 2936 genera
891 2860 1104 2920 inueniuntur?
1148 2858 1226 2919 tdest
1248 2860 1320 2928 tria,
1346 2857 1507 2920 masculina

209 2961 347 3020 leuduino
377 2962 559 3023 ronrmunia:
590 2960 766 3029 masculina,
795 2968 827 3019 ut
856 2958 904 3019 bic
933 2960 1017 3020 mites
1045 2959 1158 3029 militis,
1188 2960 1236 3020 bic
1265 2959 1361 3020 tomes
1385 2960 1540 3028 fomitis*

209 3061 254 3120 tric
278 3071 386 3121 trames
410 3063 547 3131 tramitis,
577 3061 625 3121 tric
647 3079 756 3139 gurges
778 3063 919 3138 gurgitis,
950 3061 996 3121 tric
1018 3080 1136 3131 uerres,
1166 3060 1244 3141 quod
1268 3079 1394 3141 porcum
1418 3062 1508 3139 sigui·

208 3165 275 3222 licat
303 3174 332 3222 et
360 3170 429 3222 tuuc
456 3162 668 3242 appellatiuum
697 3171 749 3222 est.
796 3163 917 3241 Propria
948 3162 1106 3223 masculina
1136 3165 1166 3222 in
1195 3181 1227 3222 es
1254 3161 1460 3247 productam,¹
1478 3168 1509 3221 ut

208 3263 337 3324 Actrittes
359 3264 501 3325 iterantes
524 3264 639 3332 t'tixes,
670 3273 699 3323 ot
722 3282 812 3324 unum
836 3264 990 3342 proprium
1013 3265 1189 3325 teminiuum
1211 3265 1241 3324 iu
1266 3282 1298 3324 es
1320 3263 1507 3344 productam,

208 3374 240 3424 ut
269 3364 339 3425 baec
368 3366 460 3426 Ceres
488 3367 614 3427 Cereris.
661 3364 733 3425 ttoni
763 3366 905 3425 teminiua
934 3364 1108 3444 appellatiua
1138 3366 1226 3428 haec:
1256 3365 1365 3427 caedes
1393 3376 1508 3444 strages

209 3466 313 3547 unipes
341 3487 413 3546 apes
441 3466 503 3527 lues
528 3466 627 3527 clades
649 3466 743 3526 nubes
764 3464 967 3546 †comderum
989 3465 1145 3544 palumbes
1167 3485 1254 3545 seges
1276 3485 1395 3528 merces
1416 3468 1541 3528 ramae

209 3568 301 3628 ruotes
324 3568 444 3628 suboles
467 3576 577 3628 cautes.
622 3567 795 3628 Conuuunia
819 3566 946 3626 duorum
969 3585 1122 3645 generum,
1145 3577 1180 3630 ut
1201 3568 1250 3628 bic
1272 3578 1302 3629 et
1325 3568 1402 3629 baec
1425 3567 1508 3629 diues

207 3678 358 3748 superstes
392 3687 493 3749 sospes
525 3670 635 3747 hospes
667 3669 754 3729 lieres
788 3667 920 3748 locuples
954 3671 1073 3750 sonipes
1100 3670 1185 3750 bipes
1213 3671 1307 3750 tripes
1337 3670 1509 3750 quadrupes

207 3774 366 3850 interpres.
412 3770 525 3831 [licitur
558 3788 629 3848 ocgo
662 3770 709 3830 bic
743 3780 773 3831 et
805 3769 877 3829 traee
906 3791 1019 3850 sospes.
1069 3773 1181 3833 Tamen
1205 3772 1313 3850 tegitur
1335 3772 1507 3852 ‘Sospita

208 3873 322 3932 turro'.
361 3873 408 3931 Sic
433 3871 479 3931 bie
502 3880 533 3930 et
555 3870 628 3931 baec
651 3871 768 3952 hospes,
786 3881 816 3931 et
838 3873 998 3950 ‘hospita
1023 3872 1149 3933 teitus’
1174 3873 1292 3951 tegitur.
1323 3871 1401 3933 ttem
1416 3872 1465 3933 bic
1480 3880 1509 3933 et

208 3975 279 4034 baec
314 3975 451 4040 audistes,
486 3972 594 4033 dieitur
628 3982 658 4032 et
689 3975 827 4033 antistita.
881 3974 1028 4034 Cicero:
1064 3973 1250 4053 postridie
1282 3974 1541 4036 sacerdotess

274 4130 289 4175 ’ὲ
308 4144 322 4173 ,ι
341 4121 529 4190 rorirparariuo]
548 4122 606 4173 arus
625 4126 742 4188 piairatiuo
789 4136 883 4173 raiomta
930 4125 1041 4175 :ltrouor
1053 4123 1188 4190 lionasms]
1202 4129 1259 4176 Aa:
1278 4126 1507 4190 poriorpotestast

207 4196 327 4243 tsddita
346 4194 442 4257 sgttaiba
512 4194 668 4256 besparims
722 4193 798 4241 terimi
817 4193 934 4241 recutitus
985 4195 1075 4242 irrasi
1095 4210 1141 4242 nas
1159 4210 1173 4241 a
1193 4210 1255 4242 uase
1307 4196 1339 4243 12
1357 4208 1507 4260 sauaoopam

211 4258 351 4323 lituorum}
375 4266 427 4310 Aa:
448 4262 546 4310 taraus?
603 4261 1008 4309 ltuerurmuiuedestnunttruc
1061 4263 1232 4325 ltrarpiuate
1268 4265 1299 4311 15
1311 4264 1337 4311 iu
1352 4278 1398 4309 ore
1433 4259 1510 4312 neutr

208 4333 239 4378 ld
251 4332 377 4394 errrpiuaii
430 4332 460 4377 li
474 4344 565 4381 aruum,
577 4344 648 4377 corr.
661 4330 736 4375 trium
790 4328 821 4376 18
839 4329 963 4392 prtgnaus
977 4329 1052 4377 buiris
1064 4331 1208 4394 priunautis
1221 4330 1279 4379 truie
1291 4331 1426 4394 prtuunuti
1444 4331 1510 4379 laurae

207 4414 230 4447 er
250 4400 313 4446 lianc
333 4399 493 4462 priuuaurem
506 4411 530 4444 er
542 4399 588 4445 troc
602 4396 725 4460 pilgnans
740 4411 754 4442 o
767 4398 890 4459 prigunns
910 4412 931 4443 e:
945 4398 977 4443 :rb
996 4396 1043 4445 troc
1062 4412 1085 4446 et
1103 4398 1135 4445 ab
1154 4397 1201 4445 trae
1218 4412 1243 4446 et
1260 4399 1292 4445 ab
1310 4398 1361 4446 boe
1378 4399 1510 4463 prignautt

207 4480 230 4514 cr
250 4465 338 4530 panau
354 4463 1042 4529 ieaepriguaumsetr„efit'oaseatiuxpai-ilbi&
1096 4466 1207 4525 itqarod
1244 4478 1297 4514 trea
1348 4465 1509 4515 2btranaites

241 4550 314 4581 ireres
367 4532 400 4580 ⁸28
412 4532 506 4580 astrites
557 4533 677 4580 *Neocles
730 4532 800 4581 :ltttu
824 4547 864 4607 ⁸es
880 4532 992 4595 „lupesti
1013 4534 1091 4581 carabes
1109 4534 1257 4582 comderum
1275 4529 1428 4603 palumbes]
1448 4534 1509 4585 For

207 4610 274 4650 tussa¹
294 4603 357 4649 iilud
374 4600 543 4648 ‘serratorum'
557 4608 702 4664 αιιτιιριιιιιι
721 4615 756 4647 rx
774 4604 841 4646 ‘com
859 4598 980 4647 atriorum*
997 4619 1031 4642 :
1048 4615 1183 4649 ronrniune
1200 4602 1327 4663 duorum,
1345 4604 1419 4666 qnod
1434 4602 1510 4652 babes

208 4686 282 4717 uersa.
296 4671 420 4732 separati.
431 4669 462 4717 ob
474 4667 575 4714 dorma·
585 4670 705 4715 incur-inm
718 4684 753 4716 ea*
764 4668 885 4727 iuferiora*
894 4671 950 4716 trau
962 4668 1009 4715 linc
1021 4671 1129 4717 «trintum
1141 4676 1190 4720 est.
1233 4671 1264 4719 31
1278 4669 1384 4718 soboles
1425 4682 1453 4720 ut
1463 4687 1510 4722 on.

207 4739 239 4785 itt*
258 4743 388 4800 suaper-*res
451 4738 484 4784 :lb
503 4731 602 4799 legiturJ
624 4737 658 4795 cs.
680 4736 762 4783 tbisr.
782 4734 796 4783 1
814 4751 840 4793 p.
855 4737 941 4793 mas
1010 4740 1042 4785 st
1061 4737 1162 4801 hospita
1181 4732 1268 4801 tellus]
1287 4738 1322 4797 rs.
1343 4738 1431 4789 Prisc.
1452 4738 1469 4789 I
1481 4755 1509 4804 p.

212 4808 293 4856 t.'›.‘,ri
361 4806 395 4850 bb
412 4818 524 4849 aiaaesres
542 4803 659 4849 aratesrlra
729 4798 827 4863 Cicero}
844 4804 880 4853 (Γ.
900 4803 981 4852 Prisc.
1001 4808 1043 4853 1,.“
1064 4808 1095 4851 11
1146 4806 1271 4869 postridia-
