3420 5378
507 271 583 323 CVM
600 272 805 326 axcaurris
823 275 992 328 luuul'rls.
1302 293 1392 341 CCXV

100 458 174 519 liant
196 478 259 519 earu
283 460 374 521 ueluti
399 463 547 523 uiuentem
571 462 731 524 homiuem.
779 462 1034 526 Post-discessum
1058 465 1137 525 louis
1163 465 1237 526 iacta
1255 466 1388 527 estitlola

100 546 205 605 sinaitis
233 544 326 611 illius.
357 549 398 606 sic
428 566 492 608 eam
521 547 667 607 uocabant
695 548 839 627 ‘luppiter
867 551 997 628 optimus
1025 552 1191 611 trtaximus'.
1236 551 1293 611 Soc
1322 554 1390 632 quia

101 648 161 689 uon
185 641 249 690 erut
267 629 307 690 ili
336 632 453 700 similis,
485 633 536 712 qui
565 632 605 692 illi
634 633 915 711 praeferretur'aut
941 636 988 694 cui
1015 634 1064 694 ille
1092 635 1306 715 praeferretur,
1337 638 1391 698 iste

99 714 300 792 suprerlatiuus
322 715 368 776 uel
393 736 447 797 pro
469 718 597 795 positiuo
627 718 830 797 accipientium
860 727 913 779 est.
958 718 1029 779 ltem
1059 723 1268 800 conparatiuus
1296 725 1391 783 uomi-

72 801 202 861 ouatiuo
224 801 370 874 iungitur,
407 812 438 861 ut
466 803 579 861 doctior
608 803 654 861 tm:
683 822 768 882 (piram
797 803 856 863 ille.
902 803 1075 874 Quomodo?
1127 806 1198 867 Puta
1228 808 1253 865 si
1280 807 1390 869 dicam:

99 884 228 945 ‘tior-tior
251 886 372 954 Viucila,
395 905 483 966 quam
499 889 674 948 tircontius’.

627 1020 675 1133 llll
698 1020 857 1135 GENEllE.

184 1261 344 1324 Eunuchus
367 1262 434 1340 qiud
458 1260 659 1337 intellegitur?
703 1262 752 1320 Vir
775 1260 968 1322 effeminatus.
1013 1262 1169 1323 Comoedia
1198 1262 1286 1341 quid?
1329 1264 1390 1323 llu-

98 1347 188 1409 lieres
217 1348 399 1408 meretrices.
445 1345 607 1423 Tragoedia
637 1346 727 1423 quitl‘?
771 1346 894 1406 Carmen
925 1346 1092 1408 luctamsum
1122 1346 1168 1406 uel
1197 1346 1389 1425 strangulatio

60 1452 86 1491 ao
99 1435 227 1511 gutturis
249 1433 296 1493 uel
320 1449 411 1493 sonus
431 1432 594 1491 suffocatio.

182 1615 419 1702 lliiltilssllia
441 1637 515 1679 sono
539 1616 713 1686 masculina,
743 1616 894 1678 intellectu
918 1627 1038 1688 neutra,
1068 1627 1099 1679 ut
1121 1618 1244 1699 pelagus
1272 1619 1387 1698 uulgus.
1431 1666 1432 1670 ,

95 1704 213 1776 Quare?
257 1704 336 1763 Souo
359 1702 520 1765 masculina
542 1710 619 1771 scrut,
643 1702 694 1762 scal
718 1700 867 1762 intellectu
895 1712 1008 1763 neutra,
1054 1703 1094 1763 lla
1124 1707 1187 1764 clus
1210 1705 1387 1784 exemplum.

96 1786 234 1851 ‘Altum
257 1787 412 1869 pelagus
435 1789 557 1857 lerit';

196 1873 331 1952 Vulgus
354 1883 388 1934 et
409 1876 642 1934 innumerum
666 1871 840 1933 releuaus
862 1873 901 1933 ad
925 1873 1048 1933 sielcra
1071 1871 1178 1933 duxit
1185 1920 1298 1937 ......

58 1996 83 2035 rs
98 1975 241 2038 Balneum
266 1977 296 2036 in
319 1974 520 2054 singularitate
549 1976 631 2034 coitis
658 1977 776 2051 generis
803 1976 864 2035 esti
907 1974 1018 2034 Neutri.
1064 1976 1106 2036 lla
1129 1977 1190 2035 eius
1212 1976 1387 2054 exemplum.

96 2060 365 2130 ‘Sibalneum
389 2058 706 2120 obicatetactiot’
752 2059 787 2119 lit
809 2061 837 2117 in
854 2057 1039 2138 pluralitate?
1076 2062 1230 2123 Femiuiui.
1269 2062 1388 2123 llaeius

95 2144 274 2224 exemplum.
326 2146 389 2207 ‘Ne
418 2147 520 2225 ipsae
549 2144 704 2204 balneae
733 2151 924 2214 corruant,
959 2143 1019 2203 ulti
1048 2144 1252 2207 Corinthus
1285 2146 1389 2208 lauat

95 2232 271 2293 ueritatis
304 2233 514 2290 iuimicus’.
565 2230 707 2290 Tartarus
740 2230 822 2289 cuius
853 2230 969 2306 generis
1003 2232 1066 2289 est?
1121 2230 1153 2291 lu
1186 2231 1386 2310 singularitate

95 2315 258 2377 masculini.
303 2316 336 2375 l).
361 2335 387 2376 e.
412 2335 437 2376 e.

55 2421 82 2461 ao
555 2399 736 2460 Tartarus
758 2398 924 2459 horrens.

95 2486 131 2546 Et
154 2487 183 2545 iu
206 2483 371 2565 pluralitate
394 2486 497 2545 cuius?
534 2484 646 2544 Neutri.
693 2483 724 2544 ll.
748 2502 774 2544 e.
800 2503 824 2544 e.

271 2570 424 2631 Tartara
448 2588 557 2630 saeua
580 2569 711 2648 petisti
734 2567 823 2629 elura
847 2566 1010 2629 claustra
1035 2570 1201 2630 diruens.

94 2653 214 2716 Caelum
238 2658 269 2715 in
291 2654 493 2733 singularitate
516 2656 600 2714 cuius
622 2654 739 2731 generis
762 2655 822 2712 cst?
866 2654 978 2713 Neutri.
1026 2654 1056 2719 ll.
1081 2676 1107 2716 e.
1132 2675 1158 2714 e.

262 2739 410 2800 Caelum
435 2758 539 2800 unane
562 2738 699 2799 rubeus
722 2739 872 2805 tuturos
895 2740 1044 2797 uuutiat
1065 2739 1218 2800 iuniores.

34 2825 132 2886 'solit
147 2826 176 2884 iu
192 2823 356 2904 pluralitate
373 2826 472 2884 cuius?
505 2822 666 2884 Maseuliui.
702 2823 818 2883 [loe.
855 2821 967 2882 ‘Caeli
991 2821 1179 2883 caelorum
1203 2833 1384 2904 etaquae.

95 2928 189 2987 quae
219 2927 332 2986 super
360 2908 486 2969 caelos
515 2918 616 2976 suut,
646 2908 959 2967 laudent'uomeu
990 2906 1149 2967 ‹loruiui'
1204 2909 1329 2969 l‘orrum
1353 2912 1383 2969 iu

95 2992 297 3073 singularitate
320 2995 403 3054 citius
425 2986 544 3071 generis
567 2995 628 3052 est?
672 2992 784 3052 Neutri.
831 2991 862 3051 ll.
887 3010 911 3051 a.
937 3012 961 3051 e.

261 3080 378 3156 Caepe
401 3077 526 3138 allium
550 3095 697 3154 porrum
720 3074 743 3157 †
765 3078 868 3137 iruna
891 3076 1023 3136 lullica
1049 3076 1175 3137 illitus

95 3163 132 3224 lit
152 3164 184 3222 in
207 3161 372 3242 pluralitate
395 3165 495 3224 cuius?
539 3162 705 3229 Masculiui‚
730 3160 759 3220 ht
783 3164 873 3238 porri.
919 3162 1013 3222 Locus
1042 3163 1124 3222 cuius
1145 3163 1263 3239 generis
1285 3172 1331 3225 est
1353 3167 1382 3223 iu

54 3246 317 3327 msingularitatet
365 3248 525 3308 llaseuliui.
574 3248 607 3308 ll.
637 3266 662 3306 e.
693 3265 719 3306 e.
765 3246 848 3305 ‘llic
885 3245 990 3306 locus
1026 3264 1156 3327 nempe
1190 3249 1384 3309 uocitatur

94 3330 202 3395 aula.’
249 3333 333 3393 utin
357 3332 523 3412 pluralitate
545 3334 647 3394 cuius?
690 3331 801 3392 Neutri.
848 3332 880 3391 [i.
905 3350 929 3391 e.
955 3352 980 3392 e.

222 3417 312 3478 Sunt
334 3416 427 3485 loca,
452 3427 537 3478 scrut
560 3417 653 3485 lora,
677 3424 842 3477 sunt....
871 3433 964 3496 quos
987 3417 1127 3476 tuearis
1150 3419 1274 3478 amice.

59 3536 62 3540 ⁴
94 3505 170 3565 Sunt
197 3504 266 3563 item
296 3504 413 3563 uomina
441 3504 547 3563 incerti
579 3503 696 3575 generis
729 3503 808 3561 iuter
841 3500 1034 3561 masculinum
1067 3508 1095 3560 et
1128 3502 1316 3571 ieritiuiuum,
1352 3513 1384 3562 ut

93 3598 196 3650 cortex
231 3585 304 3647 silex
338 3587 418 3647 ratlix
448 3585 488 3666 fill
511 3588 530 3646 i.
554 3584 614 3647 87ξι
638 3583 705 3666 linis
733 3588 823 3663 stirps
857 3587 941 3663 pinus
975 3587 1129 3663 pampinus
1163 3587 1232 3651 dies.
1284 3586 1382 3657 Quare

53 3674 204 3735 allicitur
226 3673 330 3733 incerti
354 3673 489 3749 generis?
532 3671 679 3742 Quantum
704 3673 730 3729 in
755 3668 964 3748 singularitate,
990 3680 1132 3748 quamtmu
1154 3674 1182 3732 in
1206 3670 1381 3749 pluralitate,

94 3768 124 3820 et
145 3757 299 3819 masculini
323 3768 353 3817 et
375 3757 508 3817 leminiui
530 3758 647 3833 generis
661 3756 822 3816 inuenitur.
868 3757 973 3817 Citrtex
991 3757 1156 3832 qaroruotlo‘t
1200 3757 1258 3817 Hic
1280 3766 1381 3816 cortex

93 3844 163 3905 lacit
188 3845 218 3904 in
247 3842 464 3919 singularitate.
495 3844 553 3902 liae
580 3843 704 3901 cortices
732 3843 761 3901 in
790 3840 965 3918 pluralitate.
1017 3841 1192 3911 Quomodo?
1244 3840 1381 3901 ‘Valiili

92 3929 218 3990 ilices'
242 3935 271 3988 et
294 3929 458 3988 ‘amarae
481 3928 665 3986 cortices?
711 3924 791 3986 Silex
815 3925 981 4005 quomodo?

572 4012 651 4072 Stat
672 4020 778 4071 acuta
802 4010 905 4072 siler.

54 4097 185 4160 iolladix
210 4099 240 4157 iu
263 4094 465 4176 singularitate
488 4097 572 4156 cuius
601 4088 718 4172 generis
746 4086 826 4157 est?¹
851 4096 1007 4156 Femiuiui.
1053 4096 1094 4155 lla
1117 4098 1180 4156 cius
1204 4097 1381 4176 exeruplum.

94 4183 229 4245 ‘lladix
260 4182 374 4249 lesse,
413 4183 472 4259 qui
502 4190 574 4241 stat
601 4184 636 4242 iu
675 4186 821 4257 signum
844 4180 1079 4259 populorum,
1108 4181 1224 4260 ipsum
1252 4189 1383 4258 gentes

94 4266 424 4347 deprecabuntur?
470 4266 550 4326 Finis
574 4266 739 4343 quomodo?
784 4266 888 4325 Omnia
917 4267 1035 4326 nouriua
1063 4263 1228 4326 inanimalia
1251 4266 1382 4327 Romana

93 4405 320 4427 ..r—*-

162 4489 301 4552 tiupatter
368 4486 554 4552 Sprelerretur
622 4488 716 4550 iprae
734 4484 847 4549 positiuo
917 4487 1064 4535 Seurtircus
1117 4486 1245 4535 eourediue
1297 4487 1383 4535 Stra-

94 4557 190 4621 guetlia
241 4555 392 4620 stranguilio
456 4558 486 4605 10
505 4571 555 4603 uox
575 4569 666 4603 sonum
686 4553 821 4601 ollucatum
884 4555 999 4601 iletiu
1020 4569 1124 4602 numero
1144 4554 1337 4616 seliba11s‚rf.
1355 4571 1382 4617 p.

96 4624 208 4675 CCXVI
228 4627 260 4674 18
312 4626 343 4674 17
361 4623 485 4672 rlririuaus
564 4624 596 4671 22
615 4636 676 4669 seua
762 4622 794 4670 28
812 4635 872 4685 cepe
891 4621 968 4669 alliun
1037 4622 1070 4672 29
1088 4620 1121 4670 tui
1192 4623 1224 4672 32
1244 4622 1305 4671 Post
1324 4633 1384 4670 sum

93 4710 166 4743 unum
183 4692 329 4742 uocabulum
346 4693 474 4742 exddisae
492 4693 601 4741 uidetur.
675 4691 707 4739 34
725 4689 813 4752 stirpis
900 4692 933 4739 36
951 4689 992 4738 liic
1009 4690 1099 4740 maida·
1178 4691 1210 4740 37
1228 4688 1277 4738 hae
1294 4690 1385 4740 addidi

128 4759 300 4810 Valisidiliees
319 4772 343 4810 et
361 4775 446 4810 armore
