3420 5378
206 311 249 359 XC
624 297 746 351 SERGH
763 296 1066 349 EXPLANATIONES

203 488 426 548 commentariis
453 494 628 562 excerptum
655 496 684 547 et
711 490 741 547 in
770 488 937 548 breuiorem
956 486 1090 560 surram
1112 488 1269 548 redactam
1291 503 1353 546 csse
1374 488 1505 547 minime

203 591 328 649 credere
345 591 500 665 possimus.
540 590 633 648 Immo
655 589 688 648 id
705 591 807 664 potiris
829 587 915 649 nolis
936 591 1127 648 statuendum
1148 598 1207 662 est,
1231 605 1271 648 ex
1291 587 1403 648 eisdem
1419 588 1504 648 Ser-

205 693 317 750 uianae
339 692 497 750 doctrinae
525 693 647 758 riualis,
676 707 716 749 cx
738 689 844 765 quitus
865 689 918 764 arri
937 692 991 750 sub
1011 693 1075 750 eius
1097 690 1215 751 nomine
1236 688 1507 762 circumferuntur

205 795 413 852 commentarii
430 796 589 868 praemunt
610 793 652 851 ud
673 809 764 852 numm
788 808 900 865 onrncs,
931 793 1150 867 huncquoque
1172 801 1267 852 ratem
1288 808 1430 852 manasse
1452 802 1504 853 at-

202 911 260 968 que
280 892 326 953 ito
348 910 500 966 manasse,
532 901 565 953 ut
592 891 681 968 quasi
707 910 760 952 suo
783 894 884 953 lllurte
906 911 968 953 rem
989 902 1115 968 peraret.
1161 894 1272 954 Eodem
1297 892 1364 954 iure
1384 893 1504 970 Serpio

203 998 288 1071 apud
314 996 433 1055 Petrum
465 994 698 1070 prammaticum
725 992 814 1055 liuius
840 993 914 1055 libri
936 1013 969 1071 p.
1001 1001 1065 1071 tol,
1091 1002 1106 1052 t
1135 994 1277 1055 tribuitur
1308 998 1407 1064 locus,
1446 1002 1506 1071 aui

204 1095 329 1156 aliunde
351 1114 410 1156 uon
434 1104 500 1156 erat
521 1104 625 1164 notus;
647 1094 690 1168 cs.
706 1099 793 1156 etiam
817 1105 912 1156 ortcrn
934 1112 1072 1174 anonym.
1090 1096 1182 1157 Bern.
1203 1115 1236 1172 p.
1254 1104 1321 1175 135,
1336 1103 1359 1156 t.
1408 1097 1505 1169 Quod

202 1197 254 1259 tciri
271 1201 404 1273 prirrurm
426 1196 502 1258 milti
524 1200 773 1259 animaduertisse
791 1200 871 1258 uisus
885 1217 964 1273 sunt,
988 1205 1079 1258 toturn
1096 1198 1225 1259 libellum
1241 1202 1387 1273 inteprum
1403 1202 1503 1260 edere

201 1302 302 1360 rrectlns
323 1301 470 1360 dubitaui.
515 1301 594 1359 ritem
616 1316 795 1375 querrnouom
818 1318 855 1360 ne
877 1303 919 1360 ita
941 1303 1076 1376 atridem,
1100 1318 1178 1375 purte
1198 1300 1298 1362 Seruii
1317 1305 1390 1380 siut,
1415 1321 1502 1377 utrae

202 1403 325 1462 aliunde
347 1405 462 1480 inlata,
491 1420 569 1479 qrcac
592 1405 630 1463 alr
652 1405 725 1478 ipsis
746 1405 857 1462 artium
879 1404 1077 1478 scriptoribus
1101 1405 1209 1463 addita
1231 1403 1363 1476 fuerint,
1391 1409 1501 1465 omrria

201 1507 290 1565 certis
319 1505 495 1578 attilusdam
523 1507 708 1579 orpumentis
737 1504 869 1564 discerni
890 1521 980 1581 posse
1006 1505 1111 1572 credo,
1141 1513 1239 1564 tamea
1268 1508 1373 1580 aliqua
1399 1517 1498 1585 certe,

201 1623 277 1680 qrrac
304 1607 425 1681 peridem
452 1608 484 1666 in
511 1610 617 1666 ceteris
643 1606 747 1666 Seruii
772 1609 994 1666 commentariis
1027 1608 1129 1666 iisdem
1156 1615 1301 1682 concepta
1328 1609 1428 1668 uerbis
1458 1627 1499 1671 ae

200 1710 354 1767 sententiis
394 1708 668 1783 definitionibusque
704 1715 813 1767 ornata
849 1710 1058 1782 inveniantur,
1099 1708 1208 1768 Seruio
1244 1710 1495 1771 uindicobuutur.

201 1812 336 1869 Ceterum
358 1826 396 1868 ea
418 1826 548 1884 octoque,
577 1811 705 1882 quaein
728 1810 784 1870 lroc
806 1810 883 1869 lilro
900 1811 1101 1885 peculiariter
1121 1812 1259 1887 exposita
1286 1819 1368 1889 sunt,
1396 1811 1498 1873 lonae

198 1912 303 1986 srapis
327 1914 421 1986 plena
449 1913 492 1970 ita
519 1928 551 1972 se
577 1912 703 1984 tradem,
739 1920 772 1972 ut
800 1912 936 1986 neplecta
963 1914 1065 1971 iacere
1093 1911 1183 1983 nesus
1215 1914 1364 1973 duxerim.
1411 1914 1497 1976 Nam

202 2016 302 2072 insunt
331 2015 490 2080 nonnullo,
529 2030 605 2088 puae
633 2031 652 2071 o
680 2015 778 2087 niella,
814 2021 954 2089 quotquot
980 2014 1023 2072 ad
1052 2020 1155 2073 nostra
1183 2023 1318 2089 temporo
1345 2016 1498 2078 devenere

200 2122 339 2174 auctores
359 2116 565 2188 praenuntiet,
590 2115 748 2175 obseruata
770 2115 885 2174 uideas.
929 2115 1063 2191 Accedit,
1086 2117 1168 2190 quod
1188 2133 1207 2174 o
1231 2118 1348 2177 Graeco
1370 2118 1495 2181 leontiae

200 2216 281 2275 harre
312 2222 408 2275 artem
439 2214 586 2294 scriptam
620 2218 667 2275 uel
692 2233 732 2274 ea
760 2218 876 2277 Gracco
907 2219 1085 2277 translatam
1118 2234 1181 2278 esse
1211 2219 1296 2278 lroud
1325 2217 1498 2283 fallacibus

201 2320 387 2392 arpumentis
408 2318 482 2377 milri
502 2317 609 2377 uideor
625 2319 762 2394 probare
779 2334 882 2393 posse,
905 2321 948 2378 ito
964 2327 996 2379 ut
1009 2320 1067 2379 troc
1081 2337 1198 2395 ortoque
1217 2329 1386 2396 spectantes
1409 2326 1497 2384 seiros

200 2421 301 2480 doctos
323 2436 382 2480 noa
405 2422 558 2492 inpratum
585 2437 630 2478 me
656 2421 715 2480 sibi
737 2419 850 2492 secisse
870 2437 943 2494 opus
969 2438 1086 2497 sperem
1108 2438 1170 2481 csse
1192 2423 1378 2484 iudicaturos
1400 2431 1497 2500 atque

200 2523 295 2598 ipsum
317 2523 399 2582 illum
421 2523 519 2581 uirum
543 2523 756 2598 doctissimum,
785 2523 836 2581 cui
861 2523 938 2581 llaec
964 2539 1056 2582 sacra
1082 2540 1145 2583 esse
1172 2527 1270 2599 reolrci,
1300 2527 1413 2601 quippe
1439 2531 1498 2600 qui

200 2625 335 2683 Dositlrei
361 2630 456 2683 artem
484 2625 577 2683 multa
600 2639 660 2698 per
691 2625 814 2683 saecula
848 2624 1013 2698 neplectam
1040 2641 1107 2684 curn
1135 2626 1170 2685 oo
1198 2629 1275 2699 alia,
1306 2634 1367 2687 tum
1394 2629 1431 2688 ol
1458 2631 1497 2690 id

200 2729 295 2802 ipsum
318 2727 350 2786 in
372 2726 468 2786 lucem
486 2727 693 2799 protraxerit,
722 2728 803 2800 quod
827 2726 884 2786 loc
913 2742 1028 2800 quoque
1055 2728 1218 2786 rectissime
1243 2735 1388 2789 statueret
1408 2730 1496 2790 notris

199 2829 409 2887 attendendum
431 2845 509 2905 csse,
533 2844 594 2903 aaa
616 2830 736 2888 ratione
758 2829 888 2903 anitiquis
909 2828 1089 2904 temporibus
1106 2831 1273 2903 pereprino
1287 2846 1423 2890 sermone
1445 2834 1497 2892 usi

198 2932 257 2988 sint
278 2931 341 2989 uiri
360 2931 558 3005 alicnipenae.

768 3163 850 3229 One.
873 3162 918 3228 ΙΙ.

201 3282 319 3358 QVAE
341 3282 477 3348 INTER
499 3282 666 3348 LIBRVM
694 3280 963 3347 BERNENSEM
986 3281 1042 3347 ΕΤ
1064 3280 1244 3347 SCRIPTA
1267 3281 1490 3350 SERGIANA

623 3384 902 3450 INTERCEDA'P
923 3383 1066 3449 RATIO.

283 3528 350 3586 Iam
372 3529 471 3602 qurrlis
492 3529 571 3587 iuter
592 3532 687 3586 ortem
709 3534 841 3585 nostram
861 3534 890 3585 ct
904 3525 1006 3600 Serpit
1025 3529 1254 3587 commentarios
1276 3529 1372 3589 editos
1392 3526 1489 3590 r'ater-

198 3631 287 3689 ccdot
301 3633 348 3689 ael
362 3630 567 3690 similitudinis
581 3631 628 3688 trel
642 3628 889 3687 dissimilitudinis
904 3631 999 3706 ratio,
1024 3629 1202 3688 tractatibus
1223 3631 1260 3689 de
1281 3633 1491 3693 coniunctione

198 3734 276 3791 inter
297 3749 328 3791 sc
350 3733 477 3791 conlatis
496 3737 644 3806 patescet:

860 3812 984 3894 [Sergii]
1009 3812 1230 3893 explanationes
1253 3817 1282 3875 in
1306 3816 1379 3877 Dan.
1401 3816 1453 3877 tto.
1476 3818 1489 3879 l

305 3936 353 3977 ars
376 3917 535 3979 llcrnensis
558 3917 623 3978 cod.
646 3913 724 3977 207:
1020 3916 1130 3979 codicis
1152 3916 1324 3978 Louentini:

241 4054 269 4113 p.
296 4033 373 4105 156,
396 4033 531 4097 ets-28
561 4037 735 4097 Coniunctio
759 4054 832 4114 pars
901 4055 928 4116 p.
952 4033 1028 4106 515,
1053 4032 1190 4098 36-39
1212 4036 1387 4097 Coniunctis
1410 4037 1488 4100 dicta

200 4140 341 4197 orationis
379 4148 423 4199 ost
460 4139 550 4215 (licta,
590 4139 668 4220 quod
706 4141 832 4216 stringat
858 4146 903 4199 est
925 4157 975 4206 oo,
1002 4139 1078 4215 quod
1095 4140 1255 4216 coniungat
1279 4138 1486 4202 elocutionem.

200 4242 364 4300 orationem
389 4251 417 4301 et
440 4250 553 4311 teneat,
577 4251 608 4302 nt
624 4243 648 4301 si
664 4240 745 4302 dicas
765 4245 830 4319 ‘ego
858 4240 929 4301 Nam
954 4258 1011 4299 non
1035 4248 1132 4320 potest
1154 4242 1247 4300 oratio
1266 4250 1363 4302 nostra
1381 4241 1487 4303 cohae-

200 4351 229 4402 et
252 4341 302 4401 iile
324 4344 368 4402 ire
392 4341 556 4415 ttolnntus’;
586 4362 643 4404 non
673 4362 831 4422 possennus
857 4360 933 4411 rere,
960 4344 1015 4402 nisi
1038 4344 1234 4420 coniungatur
1256 4345 1311 4404 ista
1334 4345 1487 4423 particula,

200 4443 299 4504 dicere
322 4448 389 4522 ‘ego
411 4444 483 4517 ille’,
507 4446 557 4505 secl
580 4447 753 4525 interposita
776 4448 890 4571 istnlut
911 4446 935 4504 si
957 4445 1038 4505 dices
1061 4449 1129 4521 ‘ego
1151 4442 1201 4503 ille
1217 4447 1339 4514 eamns’,
1364 4464 1421 4506 nott
1444 4459 1489 4506 est

199 4546 341 4624 pamicula
366 4548 419 4606 ‘ot'
441 4550 605 4609 conexione
628 4551 781 4625 coniungit
803 4556 968 4629 ettconexa
992 4548 1103 4621 nuntios
1135 4547 1291 4624 interpone
1314 4547 1382 4606 ‘et':
1420 4550 1487 4626 ‘ego

199 4646 279 4724 ligat.
843 4632 886 4708 3et
907 4649 956 4708 itte
973 4652 1095 4715 eomus’,
1120 4647 1216 4714 uides,
1241 4667 1298 4726 qno
1313 4650 1401 4708 inodo
1418 4668 1487 4710 con-

841 4740 944 4834 jttgata
967 4752 1006 4810 sit
1028 4752 1133 4811 oratio.
