3420 5378
200 318 273 367 exn
542 305 591 356 De
611 302 826 357 oouueuels
845 303 1151 357 EINSIDLENSIBVS

198 495 226 552 in
251 491 336 553 oliam
361 492 489 571 linguam
513 493 677 555 transferri·
694 511 753 554 non
778 501 911 572 possunt,
937 493 1015 553 unde
1039 493 1136 561 caelia,
1161 511 1235 571 qnae
1258 492 1430 554 interiectio
1455 502 1503 555 est

198 595 314 655 ebraice
343 592 394 656 ab!
415 595 444 673 (i)
474 597 503 655 in
533 596 588 657 alia
616 615 675 656 noo
703 592 740 678 pT
761 596 888 675 (polesti
916 594 1040 674 potuiti)
1064 597 1093 654 in
1118 595 1173 654 alia
1202 594 1301 673 lingua
1331 612 1502 673 exponere.

198 694 294 757 Niolril
323 704 421 756 autem
450 696 550 757 dillect
580 706 678 758 utrum
709 715 784 776 pape
815 706 939 757 accentu
973 698 1002 756 ln
1037 696 1094 756 snm
1128 699 1224 774 posito
1251 704 1301 756 aut
1328 696 1502 774 penultima

197 798 324 858 dicotur:
348 796 484 859 similiter
506 800 535 859 in
560 801 678 860 ceteris.
724 798 875 859 lncondita
899 816 947 859 res
971 796 1079 858 dieitur
1101 798 1257 858 informata
1282 817 1357 877 quae
1381 797 1502 860 niallam

199 899 323 959 lormom
349 897 521 979 nullamque
548 899 639 961 habet
666 899 868 961 conditionem
897 899 1061 960 seeundum
1090 918 1192 960 omnes
1221 918 1311 960 uoces
1333 919 1388 979 pro
1412 902 1504 962 omui

197 1001 408 1062 interiectione
431 1001 568 1081 deputari
591 1020 666 1081 quae
689 1003 832 1082 cuiusque
861 1001 1005 1081 passionis
1034 1002 1124 1061 aniuii
1152 1000 1238 1081 pulsu
1268 1020 1321 1081 per
1344 1001 1503 1062 exclama·

198 1104 309 1163 tionem
333 1104 537 1180 prosecuntur.
583 1102 708 1182 Explicit
731 1103 856 1164 donatus
880 1105 972 1163 maior
988 1105 1074 1193 cuius
1090 1105 1240 1182 expositor
1262 1111 1307 1164 est
1328 1102 1504 1183 Remigius.

282 1222 345 1282 Sed
365 1239 436 1282 num
462 1220 533 1298 ipsu
556 1220 691 1296 chipii
719 1222 812 1283 uerbo
834 1223 902 1282 cod.
928 1222 1022 1282 Beroe.
1048 1228 1106 1280 ete
1128 1224 1279 1298 praebeat
1307 1240 1405 1297 neque
1432 1240 1504 1285 mu-

198 1331 264 1384 tatu
283 1322 385 1399 potius
402 1341 462 1400 per
483 1322 549 1383 cius
571 1322 749 1399 discipulos,
773 1323 842 1383 iure
864 1323 1000 1385 dedituri
1018 1331 1125 1400 potest.
1165 1325 1244 1409 Nom
1265 1326 1347 1399 quod
1358 1327 1503 1385 Alexan·

198 1428 254 1486 der
275 1429 313 1486 dc
334 1425 417 1487 Villa
433 1424 489 1485 dci
510 1425 543 1486 in
565 1444 619 1487 suo
635 1424 809 1486 doctrinali
831 1424 889 1498 (cs.
909 1425 1038 1486 Tliureti
1052 1424 1162 1486 tibrum
1178 1444 1213 1502 p.
1232 1424 1504 1501 emmeramiani

197 1527 353 1590 contendit
373 1529 411 1588 cle
433 1526 546 1588 Donati
567 1527 711 1589 editionis
732 1526 860 1588 maioris
880 1531 947 1589 loco
964 1546 998 1604 p.
1016 1536 1084 1603 365,
1111 1537 1130 1587 t
1152 1531 1192 1590 K.
1216 1525 1408 1603 exposuisse:

283 1629 448 1690 Donatus
475 1629 547 1691 dicit
576 1632 606 1690 in
633 1630 738 1690 maiori
768 1627 930 1690 uolumine:
960 1630 1051 1691 ‘Sunt
1075 1628 1166 1690 uerba
1189 1629 1335 1691 deiectius
1358 1626 1416 1690 alia
1439 1648 1503 1710 per

200 1730 306 1793 modos
331 1739 363 1792 ut
378 1731 474 1792 cedo’.
492 1777 499 1792 .
518 1778 526 1792 .
548 1731 740 1809 Remigius
762 1731 834 1791 dicit
857 1730 1029 1811 exponendo
1046 1731 1190 1792 Donatum
1206 1732 1263 1792 sic:
1287 1730 1378 1793 ‘Cedo
1396 1731 1503 1793 delicit

169 1831 176 1846 '
200 1852 255 1914 per
278 1833 382 1894 modos
405 1835 472 1912 quia
496 1852 554 1894 non
577 1832 666 1894 habet
688 1834 744 1893 nisi
767 1833 927 1894 secundam
955 1851 1111 1911 personum
1140 1835 1170 1893 in
1192 1835 1324 1912 presenti
1346 1840 1500 1913 tempore.

198 1936 325 1997 Facesso
348 1935 424 1996 idest
451 1936 625 2015 frequenter
653 1936 729 1996 lucio
759 1943 788 1996 et
816 1935 966 1996 interdum
989 1933 1110 1997 discedo
1134 1942 1163 1996 et
1181 1934 1331 1996 interdum
1354 1935 1500 1998 desidero

199 2038 297 2099 deficit
324 2056 377 2116 per
404 2037 523 2098 formas.
568 2037 632 2098 Non
663 2039 744 2098 uenit
772 2057 787 2097 a
816 2037 1009 2116 perlectatiue
1032 2038 1141 2109 lorma,
1165 2037 1217 2097 sed
1241 2036 1497 2114 frequentatiuam

200 2143 327 2201 lormom
350 2138 440 2199 hebet
461 2141 586 2199 tantum'
610 2173 660 2208 -‚

321 2240 384 2301 cius
405 2239 485 2300 nihil
504 2239 602 2300 simile
623 2239 736 2315 lep-itur
757 2243 843 2317 apud
863 2243 929 2301 eod.
955 2248 1013 2301 366
1036 2239 1206 2316 Remipium
1225 2242 1254 2314 f.
1279 2249 1336 2300 34⁰
1357 2244 1417 2302 col.
1441 2243 1496 2307 II:

286 2342 365 2403 Cedo
388 2360 447 2403 non
470 2342 559 2402 hebet
587 2343 644 2402 nisi
672 2344 872 2420 inperatiuum
897 2342 1063 2423 (inperatici)
1088 2351 1117 2403 et
1138 2351 1183 2404 est
1198 2343 1328 2403 secunde
1351 2360 1494 2422 persone.

199 2446 326 2508 Facesso
349 2443 426 2523 quod
450 2453 494 2504 est
516 2443 553 2503 de
575 2443 703 2504 secunde
727 2454 825 2504 temen
849 2437 915 2521 (tiu)
939 2443 1063 2505 uerbum
1080 2446 1145 2505 sine
1161 2446 1291 2524 perlecta
1315 2443 1408 2505 lorma
1425 2463 1496 2506 esse
1522 2424 1526 2432 ⁴

202 2547 335 2617 uidetur3
365 2564 432 2607 nam
462 2546 536 2606 lucio
566 2546 653 2605 lecito
681 2546 747 2605 laxo
770 2547 853 2613 lacit,
885 2546 966 2607 nullo
995 2549 1074 2607 enim
1106 2547 1198 2607 uerbo
1227 2555 1351 2626 ‹puuctus
1381 2546 1495 2625 gradus

202 2649 374 2710 admittitur.

282 2751 345 2813 Sed
377 2769 415 2812 ne
446 2748 481 2811 in
515 2747 705 2810 Eiresidleusi
738 2748 858 2825 quidem
890 2761 1055 2811 commento
1089 2768 1216 2827 prorsus
1247 2751 1351 2810 eudem
1383 2754 1495 2812 extant

196 2873 228 2931 p.
256 2861 321 2929 257,
347 2861 447 2912 31-
472 2858 538 2926 258,
567 2858 591 2926 t,
616 2868 796 2927 quemquem
819 2851 994 2913 Alexandri
1015 2838 1099 2913 toccu·
1126 2855 1218 2912 multo
1240 2852 1338 2928 monis
1359 2852 1393 2913 in
1416 2853 1493 2914 Ein-

198 2955 357 3016 sidlcnsem
379 2954 499 3029 iturum,
524 2972 612 3029 petam
635 2953 669 3015 in
693 2954 875 3014 Beruenscm
899 2956 1040 3029 qttudret.

283 3060 331 3117 Ac
359 3056 432 3127 uide
453 3074 566 3131 porro,
600 3074 689 3130 qucum
717 3055 880 3116 dissimilia
907 3055 967 3116 siut
994 3055 1075 3116 iliter
1101 3073 1133 3114 se
1155 3054 1309 3131 utriusque
1331 3056 1493 3118 commenti

199 3157 309 3228 metm
341 3175 412 3218 nom
434 3160 483 3217 uel
503 3156 531 3217 si
552 3161 718 3217 contendes
738 3157 830 3230 teatin,
861 3155 968 3232 paculio
989 3157 1023 3217 in
1046 3160 1114 3218 cod.
1139 3165 1196 3217 366
1215 3156 1389 3234 praemissu
1410 3168 1491 3233 seret,

199 3259 232 3320 in
254 3258 413 3321 commenti
436 3257 639 3319 Eiresidlensis
660 3276 696 3317 eu
717 3268 817 3334 porte,
842 3275 903 3334 qua
918 3261 955 3319 de
969 3260 1089 3320 tremine
1104 3261 1262 3334 repedatur,
1287 3278 1368 3320 retine
1383 3262 1493 3337 cleper-

201 3360 268 3420 ditu
292 3364 338 3437 (p.
366 3366 435 3437 231)
459 3359 529 3420 otim
551 3364 630 3421 tectu
648 3359 757 3434 fuisse,
782 3371 881 3420 tomen
904 3360 1002 3422 ocinus
1029 3370 1100 3437 apte
1122 3360 1177 3422 mu
1198 3361 1353 3437 eidemque
1374 3360 1495 3423 homini

200 3473 358 3538 utrumque
379 3462 539 3536 attribuas,
564 3461 677 3539 quippe
702 3480 769 3523 cum
793 3460 993 3522 Einsicttcnsis
1021 3472 1236 3524 commentator
1253 3482 1288 3540 p.
1313 3471 1367 3523 216
1387 3466 1495 3526 laudet

203 3563 314 3625 donati
336 3563 495 3625 consil-ium
518 3583 538 3624 u
562 3582 633 3624 uoce
655 3563 841 3637 insultantis,
873 3564 1039 3625 Beruenses
1068 3583 1140 3625 uero
1167 3583 1270 3626 corum
1292 3563 1441 3626 rot-ionem
1463 3574 1494 3627 ct

200 3678 323 3727 enarret
349 3675 379 3726 et
404 3665 472 3742 ipsc
497 3674 652 3741 sequntur,
684 3665 737 3740 qui
759 3664 903 3725 editionis
931 3668 1082 3727 secundae
1113 3670 1180 3727 loco
1209 3666 1313 3743 primo
1341 3664 1494 3729 oration-is

198 3779 303 3845 portes
330 3770 524 3828 collocandos
545 3786 609 3828 csse
630 3776 780 3828 coruscent.

283 3871 350 3929 Iam
383 3868 539 3945 impositor
572 3869 738 3930 Ber-nensis
772 3869 801 3929 iu
832 3873 896 3942 fine
923 3870 1116 3947 pronominis
1146 3871 1175 3945 s.
1207 3870 1261 3931 32⁶
1290 3876 1347 3933 cel.
1371 3873 1391 3932 I
1413 3873 1494 3934 ltnee

199 3970 341 4048 scripsit:
364 3971 474 4032 Neuter
498 3980 564 4031 uter
589 3990 663 4031 unus
685 3970 759 4031 allec
781 3970 857 4032 alius
880 3981 936 4036 ete.
961 4008 998 4016 —
1024 3992 1058 4032 eo
1087 3973 1165 4050 cpuod
1192 3975 1322 4035 articulis
1346 3975 1375 4033 in
1398 3972 1492 4035 deeli-

202 4077 319 4136 natione
343 4092 401 4135 non
425 4075 567 4152 indigent.
614 4073 711 4133 Voluit
734 4083 764 4134 ut
787 4072 915 4134 arbitror
932 4073 986 4133 lroe
1002 4076 1149 4135 allirmere
1172 4078 1201 4135 in
1225 4094 1282 4153 quo
1306 4075 1414 4136 multos
1437 4075 1492 4136 du·

200 4176 293 4238 lritace
309 4176 429 4245 sciebat,
446 4175 497 4238 sed
513 4176 734 4236 Priscianus
750 4184 831 4235 cena
849 4178 966 4236 nomina
990 4195 1024 4236 ae
1047 4176 1081 4255 pi
1102 4179 1228 4238 eldcmat
1250 4197 1314 4239 esse
1333 4178 1491 4252 lsortusse:

201 4282 319 4340 nomine
344 4279 416 4339 llaec
439 4280 615 4359 pronomina
631 4278 710 4354 etc).
749 4277 861 4337 lleinde
885 4279 912 4338 in
936 4280 1037 4358 priore
1061 4278 1189 4339 editione
1213 4299 1259 4340 me
1283 4278 1320 4338 de
1336 4279 1390 4340 liae
1406 4291 1492 4359 perte

201 4383 270 4441 setis
293 4381 401 4441 dixisse
423 4379 568 4448 arbitror,
598 4378 681 4459 plura
710 4397 789 4439 nune
812 4379 944 4441 scrihere
969 4400 1025 4442 non
1050 4401 1124 4461 opus
1147 4401 1211 4441 esse
1235 4383 1360 4443 uidetur.
1408 4382 1492 4453 Otene

200 4501 267 4544 cum
294 4481 373 4543 libro
404 4481 590 4543 Eiresidtensi
615 4501 648 4558 p.
676 4490 746 4555 256,
776 4490 862 4539 1-6
891 4501 949 4544 cion
979 4481 1222 4564 consentiunt.*)
1271 4483 1375 4544 Simili
1402 4487 1491 4546 modo

207 4638 347 4645 -——....-.--
360 4638 429 4643 -....

269 4718 297 4782 *l
316 4723 400 4784 Atque
418 4721 443 4769 in
462 4720 608 4770 uniuersum
627 4720 675 4771 lme
693 4721 724 4771 de
743 4722 902 4786 pronominis
921 4722 1092 4789 explicatione
1111 4722 1187 4772 statui
1205 4732 1302 4788 potest,
1326 4722 1491 4789 exiguarum

202 4786 249 4838 liae
267 4799 337 4855 parte
357 4790 488 4854 ultriusque
506 4788 562 4839 libri
581 4789 772 4841 similitudinem
790 4789 955 4857 deprehendi.
1093 4800 1096 4805 ’
