3420 5378
235 301 299 368 258
641 301 873 358 counnuuvu
890 299 1134 355 nmsmnnusn

237 495 408 574 quenlatiua
431 498 530 554 tamen
552 493 646 554 lormu
674 511 733 553 nou
760 500 858 572 potest
886 511 967 560 esse,
997 492 1064 568 quia
1093 492 1197 551 tertiae
1225 490 1444 568 coniugationis
1473 500 1525 551 εει

237 593 380 666 ‘Adsumij
410 595 510 655 ‘lero'
533 615 587 674 per
615 595 839 673 coniugatioues
861 592 1016 662 deficiunt;
1046 591 1161 653 ‘soleo’
1190 611 1244 672 per
1272 609 1384 671 genera
1413 591 1526 653 delicit:

236 714 295 757 nou
319 704 364 756 cst
386 703 539 767 neutrum,
568 698 636 777 quia
659 698 688 756 iu
711 698 862 776 passiuum
887 697 990 756 transit
1013 695 1044 754 iu
1074 696 1249 774 praeterito;
1279 710 1341 754 nou
1364 702 1411 755 εει
1433 696 1527 772 passi·

235 817 321 868 uum,
352 801 421 879 quia
448 800 479 859 iu
502 818 519 859 o
542 798 648 861 desinit
676 798 707 857 in
735 798 900 877 praesenti,
935 797 986 858 sed
1017 803 1121 857 neutro
1152 799 1303 875 passiuurn
1333 815 1370 856 ex
1402 803 1527 875 utroque

146 901 443 980 seuecompositum:
467 901 511 961 sic
532 898 659 977 ‘gaudeo
681 900 747 959 lio’:
772 899 854 959 laxo
877 900 896 957 i·
920 898 1041 965 luciam,
1071 896 1169 957 delicit
1196 915 1250 976 per
1277 916 1440 967 numeros,
1470 916 1550 959 nons

235 1000 324 1063 babet
345 1000 555 1082 pluralitatem.
601 1000 673 1062 Nam
701 992 777 1061 sicul
805 998 854 1059 ulii
878 999 980 1060 dieunt
1002 1000 1104 1058 ‘laxo'
1128 998 1276 1070 illumino,
1305 998 1451 1061 iriuolum
1475 1008 1526 1060 εει.

145 1103 375 1182 ses,rlmpleo
397 1121 451 1183 per
472 1103 582 1181 ligurus
604 1101 716 1170 delicit,
739 1103 808 1179 quia
831 1119 890 1161 uon
913 1102 982 1162 lacit
998 1101 1090 1180 ‘pluo’
1107 1101 1247 1180 simplex:
1271 1102 1355 1162 lero
1377 1121 1433 1182 per
1456 1110 1528 1165 tem·

235 1223 307 1284 pora
330 1205 439 1266 delicit.
484 1204 557 1264 Nam
581 1203 657 1264 ‘tuli'
682 1202 717 1263 de
741 1202 833 1264 altero
856 1202 962 1274 uerbo,
987 1203 1065 1281 quod
1088 1211 1133 1262 cst
1155 1202 1261 1274 ‘toilo’,
1289 1204 1411 1283 accipit.
1456 1202 1528 1264 Edo

235 1325 289 1386 per
311 1324 455 1386 personas
477 1305 588 1376 delicit,
618 1303 735 1383 quaudo
758 1303 916 1364 ‘comedo'
940 1306 1098 1383 siguificat:
1133 1323 1199 1366 nam
1224 1307 1275 1366 ‘es
1298 1307 1363 1365 est’
1386 1324 1402 1365 a
1426 1306 1527 1366 ‘sum’

234 1407 328 1469 uerbo
350 1408 515 1469 deducitur.
559 1408 719 1470 decesso
741 1404 876 1467 similiter
898 1404 997 1466 deficit
1019 1424 1074 1485 per
1096 1425 1256 1485 personas,
1278 1410 1298 1468 i.
1324 1408 1430 1469 lacere
1452 1406 1558 1468 desi-o

234 1509 316 1570 dero.
361 1511 433 1571 Cum
462 1508 671 1591 impersonalia
698 1526 753 1589 per
775 1527 879 1569 omnes
902 1507 1004 1568 modos
1026 1507 1227 1578 declinentur,
1258 1511 1446 1587 quaedam
1468 1510 1526 1570 de·

145 1608 374 1679 sss,oiectiua
398 1613 659 1679 inueniuntur,
684 1618 723 1671 ιιι
745 1608 865 1689 liquet
886 1608 959 1670 mibi
980 1608 1034 1670 tihi
1057 1608 1114 1679 ilti;
1138 1613 1293 1671 miseret
1316 1630 1368 1673 me
1390 1611 1525 1683 illumi.

234 1712 434 1775 misericordia
458 1721 503 1775 est
523 1711 597 1774 mibi
618 1713 655 1774 de
678 1732 722 1774 eo.
1297 1722 1299 1726 ’

741 1897 791 1959 DE
812 1898 1010 1960 auvnnntu.

316 2017 497 2080 Aduerbium
522 2017 597 2079 bene
620 2019 720 2099 posuit
734 2019 815 2078 iuxta
831 2017 967 2080 uerbum.
1005 2017 1078 2079 Nam
1094 2017 1269 2079 aduerbium
1291 2021 1376 2081 iuxta
1399 2019 1554 2081 uerbumu

233 2122 353 2196 ponitur
375 2137 435 2181 non
457 2126 572 2181 tautum
594 2121 625 2180 in
648 2118 753 2182 ordine
775 2123 912 2199 partium,
936 2128 1077 2199 quantum
1093 2121 1125 2181 iu
1141 2139 1195 2181 usu
1211 2127 1334 2182 nostrae
1358 2119 1524 2187 tocuuonts

233 2229 262 2281 et
284 2230 328 2282 est
350 2220 530 2283 adiectiuum
560 2221 659 2296 uerbi,
688 2224 764 2283 sicul
791 2221 935 2283 adiectiua
964 2224 1083 2282 uomina
1112 2230 1301 2302 apponuntur
1332 2223 1410 2284 ῆιίε.
1456 2222 1528 2285 Nam

232 2324 307 2383 sicut
330 2321 456 2383 dicimus
479 2321 587 2384 ‘bonus
608 2322 719 2393 homo'‚
743 2327 784 2385 ita
807 2323 934 2385 dicimus
957 2322 1046 2384 ‘bene
1069 2321 1162 2402 legit'.
1199 2324 1309 2401 ‘Legit'
1333 2343 1389 2403 per
1413 2343 1448 2386 se
1470 2344 1523 2387 oon

233 2424 416 2485 demonstrat
437 2443 501 2485 rem
523 2425 696 2505 perlectum,
720 2441 812 2502 usque
835 2424 946 2486 adicias
967 2423 1080 2485 ‘benc’
1104 2425 1152 2485 uel
1174 2425 1286 2485 ‘male’.
1325 2427 1485 2489 Adiecta
1506 2429 1523 2487 i·

131 2527 425 2606 ses‚11supcrpositu.
472 2525 800 2603 significationem
830 2529 992 2588 iisensum
1023 2525 1069 2587 uel
1098 2526 1290 2588 intellectum.
1337 2528 1553 2610 Explanatu

131 2650 180 2699 sss,
195 2628 251 2692 ui·
274 2626 424 2698 elucidat)
446 2628 489 2686 Vt
511 2627 579 2687 iam
602 2628 745 2690 faciam.
782 2628 871 2689 Verbi
893 2628 1018 2708 qualitas
1040 2647 1094 2708 per
1115 2647 1147 2689 so
1163 2629 1328 2706 ignoratur.
1368 2629 1447 2691 Nam
1462 2650 1523 2692 curu

232 2728 298 2790 dico
320 2729 472 2798 ‘laciam',
495 2729 643 2790 incertum
668 2737 721 2800 est,
744 2738 842 2790 utrum
866 2731 937 2789 ‘cito
959 2730 1088 2800 laoiam’,
1111 2748 1148 2792 au
1172 2730 1304 2809 ‘lougc’,
1337 2731 1523 2811 usquedum

233 2830 298 2892 dico
321 2832 415 2892 ‘iam'
437 2830 626 2902 aduerbium,
650 2839 682 2892 ut
704 2833 778 2891 ‘iam
802 2831 927 2907 legum’:
957 2838 1026 2892 tunc
1055 2830 1241 2902 demonstro,
1257 2828 1271 2915 ΙΙ
1288 2829 1353 2895 185
1369 2830 1381 2914 ΙΙ
1398 2835 1460 2895 cito
1482 2852 1523 2893 me

230 2933 388 2994 iacturum.
435 2931 496 2992 Vel
519 2952 591 2993 nou
613 2934 765 2995 lucium.
813 2931 1001 2994 Aduerbio
1024 2944 1085 2995 aut
1107 2954 1124 2995 a
1147 2953 1183 2995 se
1207 2944 1434 3006 naseuntur,
1463 2939 1523 2997 sine
1551 2986 1554 2996 .

130 3032 291 3106 seo,1ouila
314 3035 438 3111 origine.
484 3035 527 3094 Vt
553 3035 649 3103 beri,
681 3035 760 3114 quod
788 3043 892 3113 poetae
920 3036 1021 3095 dicuut
1042 3037 1149 3097 ‘berc’
1172 3054 1259 3097 causa
1287 3039 1393 3108 metri,
1427 3038 1551 3115 quiuis

231 3136 316 3214 longa
340 3147 399 3206 cst,
423 3155 439 3196 e
464 3154 535 3197 uero
558 3136 668 3198 breuis.
715 3118 785 3197 lude
808 3136 1012 3198 luueualis:

381 3237 457 3297 lste
480 3238 561 3298 dies
583 3237 693 3299 lrodie
717 3239 836 3297 minor
858 3248 914 3299 est
936 3239 1024 3301 here
1047 3258 1153 3319 quam
1176 3241 1249 3301 luit
1271 3239 1382 3304 alter.

230 3338 359 3409 llodic,
383 3338 452 3402 licet
474 3340 616 3418 quidam
639 3339 756 3409 dicunt,
781 3343 978 3418 compositum
1001 3359 1065 3401 esse
1081 3361 1117 3403 ex
1133 3342 1212 3402 ‘boc’
1229 3350 1258 3402 et
1274 3341 1360 3402 ‘diez
1399 3344 1521 3424 Nuper

230 3440 249 3499 i·
274 3440 399 3511 nouiter,
424 3443 558 3518 quamuis
581 3442 728 3521 quidum
752 3440 906 3518 dixerunt,
931 3442 1034 3502 uenire
1050 3461 1065 3502 a
1082 3446 1217 3513 nomine,
1241 3443 1321 3523 quod
1347 3455 1395 3504 est
1420 3446 1521 3524 ‘oupe-

127 3565 177 3618 ssu,
192 3568 217 3608 ιι
229 3548 301 3605 rus'.
345 3541 517 3604 Tulliano
543 3543 620 3605 idest
647 3561 729 3604 more
752 3541 840 3603 Tullii
861 3542 1001 3620 loquitur.
1046 3544 1160 3606 Tullius
1187 3543 1287 3606 consul
1318 3545 1551 3608 Romanorumn

127 3670 176 3717 aas,
191 3672 217 3712 15
229 3640 336 3705 luit'et
357 3643 496 3705 dicituro
512 3644 642 3706 tollendo
665 3646 819 3715 lasciuum,
837 3647 866 3705 .i.
882 3647 1028 3706 sarcinam
1051 3645 1098 3706 uel
1121 3646 1332 3709 adulationem.
1378 3648 1520 3711 Ostium

228 3746 337 3808 dicitur
363 3745 413 3806 illc
441 3746 550 3818 aditus,
580 3765 633 3826 per
661 3765 747 3825 quem
777 3746 897 3808 domum
926 3750 1086 3818 intramus,
1117 3757 1145 3809 et
1168 3757 1213 3809 est
1234 3767 1284 3809 res
1306 3750 1519 3830 incorporalis:

228 3847 294 3908 ulii
322 3866 394 3908 uero
418 3847 521 3910 dicunt
548 3851 691 3909 ‘ostium’
723 3851 806 3928 quusi
835 3848 1017 3911 obstaculum
1042 3859 1071 3912 ct
1094 3859 1163 3911 tuuc
1192 3859 1237 3911 εει
1265 3852 1445 3930 corporale,
1473 3852 1520 3913 sed
1564 3922 1567 3927 ,

230 3948 392 4010 Donatus
413 3949 471 4011 boc
494 3969 552 4011 non
575 3951 690 4029 recipit.
735 3948 906 4012 ostiatim
930 3952 949 4010 i·
973 3971 1027 4031 per
1055 3952 1170 4031 singula
1198 3955 1282 4012 ostio.
1330 3952 1481 4014 bleatim
1503 3957 1520 4015 i·

296 4206 310 4252 l
329 4155 411 4254 iffi
478 4199 585 4271 iiluxo]
606 4206 630 4253 A
649 4205 728 4267 ‘face'
746 4207 843 4254 scilieet
861 4207 1009 4255 clericatum.
1078 4210 1111 4257 26
1129 4202 1267 4270 luueualis]
1285 4208 1323 4269 cs.
1336 4217 1388 4262 ent.
1405 4211 1458 4261 III
1475 4214 1522 4261 2³:

227 4286 267 4320 res
286 4270 362 4321 bodie
380 4274 462 4322 miuor
480 4282 530 4336 est,
550 4272 608 4321 bere
626 4287 700 4335 quum
720 4272 778 4334 luit,
797 4283 874 4335 utque
892 4274 979 4322 eudem
998 4289 1054 4322 utros
1070 4274 1074 4337 Ι
1089 4275 1185 4324 deteret
1202 4276 1305 4339 exiguis
1324 4277 1438 4339 aliquid.

227 4409 365 4416 ...——--.
370 4410 453 4416 *—

294 4513 324 4558 31
347 4509 435 4559 Glossa
453 4511 548 4560 codicis
565 4509 990 4574 Bemeusisfi13²marp.sirr.:
1028 4511 1125 4560 (istium
1153 4511 1245 4560 dicitur
1272 4512 1317 4563 ille
1344 4517 1451 4582 editus,
1481 4533 1522 4584 per

227 4592 300 4638 qrreur
320 4578 424 4626 domum
442 4579 580 4636 intramus,
609 4594 648 4626 res
672 4577 789 4627 uidelicet
810 4578 977 4642 iucorporulis
998 4579 1051 4638 uel,
1070 4590 1098 4628 ut
1114 4578 1171 4628 alii
1190 4580 1291 4646 dicunt,
1314 4585 1414 4634 ostium
1434 4587 1522 4636 dicitur

225 4645 268 4692 illa
286 4661 326 4693 res
344 4645 496 4710 corporalis,
515 4643 611 4709 liguum
630 4646 753 4697 uidelicet.
774 4647 842 4707 quod
861 4646 955 4694 clutrdit
973 4646 1076 4695 denium
1096 4659 1120 4696 ει
1137 4648 1227 4697 dicitur
1245 4649 1276 4698 ab
1298 4653 1442 4707 obstando.
1465 4655 1522 4703 lude

143 4773 144 4776 Ἴ
227 4713 296 4760 uenit
317 4713 464 4762 oduerbiuur
490 4715 612 4774 ostiatim;
640 4715 746 4763 dicimus
766 4716 831 4763 onim
856 4715 984 4763 ‘ostiutim
1003 4718 1073 4764 uudit
1090 4716 1131 4764 illc¹
1148 4718 1296 4766 mendicus‘
1317 4723 1335 4772 i.
1356 4738 1404 4786 per
1422 4723 1521 4788 singula

228 4781 302 4828 ostiu.
