3420 5378
506 290 543 340 ru
562 291 646 342 nou.
665 289 792 340 seruat
809 289 987 367 rainonem.
1331 290 1392 354 217

100 495 171 538 ecce
193 478 294 538 motio.
316 510 361 524 ·-
384 477 479 539 Venus
501 477 653 540 deserebat
681 480 780 538 ‘arma
803 477 974 546 radiantia’,
1004 479 1044 537 ·i·
1067 476 1223 556 fulgentia,
1253 477 1312 539 illio
1340 496 1393 539 suo

100 581 217 641 Aeneae
240 586 271 639 et
292 581 403 657 ‘posuit
425 579 480 640 sub
503 579 626 639 aduersa
649 582 784 659 quercu’,
814 597 883 639 ecce
906 578 1059 642 stabilitas.
1103 579 1175 640 Nam
1199 581 1249 657 qui
1271 580 1394 657 deponi·

83 691 159 747 ,tun
183 686 250 741 stat.
296 679 431 751 Quercus
453 690 496 741 est
520 679 609 741 arbor
631 679 794 759 glandifera
818 688 847 741 et
870 679 978 742 dicitur
1000 700 1016 741 a
1040 680 1224 757 quaerendo,
1256 682 1392 761 eoquod

101 783 215 861 antiqui
237 780 278 841 ibi
300 783 410 842 uictum
434 782 626 860 quaerebant.
671 782 705 842 u.
729 782 847 861 Super
875 800 980 861 quam
1010 783 1080 842 uim
1104 781 1234 842 babet-i
1278 783 1316 844 ill.
1341 783 1394 843 Vbi
1409 813 1429 852 p.
1444 801 1520 848 eene

73 881 214 952 elocum,
238 892 270 944 ut
291 900 380 961 super
403 882 516 943 caelum
539 902 629 963 super
653 891 771 952 terram,
794 884 949 960 significat,
973 885 1257 944 accusatiuoseruit.
1295 885 1392 945 blen-
1408 914 1429 954 p.
1443 903 1517 947 ecee

100 985 242 1047 tionem
267 987 307 1043 ·i·
331 984 567 1045 recordationem
583 981 596 1065 ll
614 981 674 1046 136
691 981 715 1066 ll.
760 985 953 1062 Rogitans,
978 987 1008 1044 ·i·
1031 987 1227 1064 interrogans.
1273 986 1393 1065 Super
1407 1017 1428 1056 ρ.
1442 1005 1517 1050 acar

99 1085 265 1147 Hectore
289 1085 411 1148 multa.
456 1085 576 1164 ‘Super'
594 1086 641 1145 bic
656 1105 711 1166 pro
727 1086 787 1146 ‘de'
806 1088 933 1163 ponitur.
965 1086 1060 1147 Verba
1076 1096 1144 1147 sunt
1159 1087 1298 1158 Didonis,
1315 1090 1393 1168 apud

100 1204 190 1265 quom
212 1205 279 1248 cunt
303 1197 381 1248 esset
402 1189 531 1255 Aeeteos,
555 1188 702 1266 rogitabat
724 1207 791 1249 eum
815 1206 905 1268 super
928 1187 1060 1257 Priamo,
1086 1188 1142 1250 boc
1164 1200 1210 1250 est
1225 1189 1261 1249 de
1277 1189 1393 1250 Priamo

99 1306 171 1367 rege
193 1287 390 1350 Troianorum
415 1299 444 1351 et
465 1306 555 1368 super
577 1289 705 1350 Hectore
728 1289 788 1351 lilio
811 1292 884 1350 eius.
923 1289 956 1349 [l.
980 1289 1017 1349 ln
1041 1306 1145 1366 quarn
1171 1292 1240 1350 uina
1265 1290 1393 1351 habeti

61 1405 87 1444 10
100 1390 137 1452 lt.
161 1389 286 1462 Quando
309 1389 499 1452 stabilitatem
522 1391 681 1468 significat,
706 1389 835 1454 ablatiuo
857 1393 964 1460 seruit,
994 1392 1070 1450 sicut
1092 1410 1181 1470 supra
1205 1391 1314 1452 dictum
1339 1400 1391 1451 est.

99 1491 197 1554 Habet
218 1501 247 1552 et
269 1490 391 1552 alteraut
415 1493 491 1561 uim,
515 1492 633 1568 quando
655 1495 825 1555 accusation
848 1496 955 1564 seruit,
978 1503 1024 1554 ut:
1048 1493 1089 1553 ‘in
1110 1492 1278 1554 adulterum
1300 1494 1394 1554 iratus

100 1602 145 1655 est
173 1594 354 1673 episcopus’:
393 1592 440 1653 bic
464 1613 519 1673 pro
542 1596 668 1656 ‘contra’
692 1597 821 1675 ponitur.
866 1593 991 1657 Adulter
1013 1595 1119 1655 dicitur
1143 1593 1271 1655 alienum
1294 1603 1392 1655 torum

99 1694 223 1757 uiolans.
268 1695 313 1755 ‘ln
335 1694 521 1756 desertorem
544 1699 638 1757 iratus
661 1709 705 1756 est
727 1699 803 1758 ret'.
848 1696 988 1758 Desertor
1011 1695 1132 1764 dicitur,
1161 1697 1212 1775 qui
1233 1713 1320 1756 suum
1345 1714 1392 1756 re·

99 1813 166 1874 gem
190 1796 302 1857 deserit
323 1804 354 1856 et
375 1797 411 1857 ad
434 1796 559 1858 alterum
583 1797 674 1859 uadit.
720 1797 800 1858 idem
824 1807 868 1859 est
891 1806 920 1858 et
942 1795 1110 1875 transfuga,
1145 1796 1193 1857 uel
1224 1795 1394 1874 transfugas

60 1911 86 1952 ιε
100 1897 226 1959 dicimus
254 1896 438 1969 desertores,
469 1900 519 1978 qui
548 1905 680 1978 ternpore
704 1898 773 1960 belli
796 1917 880 1959 snam
903 1897 1038 1959 militiam
1062 1898 1213 1959 deserunt.
1258 1898 1392 1959 ‘Subter'

99 2001 221 2079 proprie
243 2001 412 2059 accusation
435 2018 554 2079 semper
577 2002 719 2078 iungitur,
745 2010 776 2061 ut
798 1999 901 2061 subter
924 1999 1053 2069 caelum;
1083 1998 1214 2061 ablatiuo
1237 2018 1392 2079 nusquam,

99 2102 158 2162 nisi
180 2102 305 2180 figurate
327 2108 360 2161 ut
382 2101 582 2180 Virgilius:
1237 2140 1259 2177 0

455 2204 593 2265 Subter
615 2204 729 2265 densa
753 2203 947 2265 testudine

99 2304 182 2366 dixit.
225 2304 356 2365 'l'estudo
379 2313 423 2365 est
445 2324 561 2368 camera
584 2314 747 2367 scutorum.
791 2306 947 2375 diduco,
972 2308 1003 2366 ·i·
1027 2305 1135 2366 diuido.
1173 2304 1256 2366 Vnde
1278 2305 1517 2366 tune-name

59 2405 197 2469 annalis
219 2405 257 2467 da
279 2405 457 2468 Hannibale:

303 2508 455 2570 [liduxit
475 2508 654 2587 scopulos
677 2518 713 2570 et
735 2518 879 2571 montes
902 2511 1006 2587 rupit
1028 2517 1149 2577 aceto,

99 2602 215 2671 diduxit
243 2612 285 2670 ·i·
314 2609 423 2673 diuisit.
469 2610 614 2690 Scopulos
642 2630 732 2692 rupes
761 2609 883 2690 lapides.
936 2610 971 2670 Di
1000 2629 1059 2673 raon
1088 2619 1188 2690 potest
1216 2612 1348 2689 separari
1377 2630 1394 2672 a

99 2710 286 2773 dictionibus.
333 2712 427 2773 [lictio
455 2723 553 2772 autem
584 2712 702 2781 dicitur,
734 2731 770 2772 eo
792 2711 870 2792 quod
900 2710 1008 2791 aliquid
1038 2712 1196 2774 dicendum
1222 2714 1261 2772 ·i·
1285 2713 1393 2773 intelli·

98 2813 229 2892 gendum
251 2812 368 2875 habeat.
414 2812 558 2874 [liducere
581 2816 660 2874 eninr
685 2823 728 2874 est
750 2813 900 2890 diuidere,
925 2821 957 2872 ut
980 2812 1101 2873 ‘diduco
1116 2813 1227 2874 iontem
1244 2815 1273 2874 in
1290 2815 1392 2882 riuos’,

60 2931 87 2971 aa
102 2917 131 2975 ·i·
155 2913 265 2975 diuido.
310 2915 502 2983 Distrabo,
527 2915 641 2985 ueudo;
665 2915 831 2976 distrahere
855 2917 933 2975 enim
957 2923 1002 2975 est
1023 2914 1171 2984 uendere,
1195 2915 1264 2975 inde
1287 2916 1393 2977 distra-

100 3026 165 3078 ctor
186 3016 334 3077 uenditor.
379 3016 550 3096 Recipio,
573 3019 681 3078 iterum
705 3018 798 3097 capio.
845 3015 1002 3086 Secubo,
1026 3034 1161 3078 seorsum
1185 3017 1277 3077 iaceo.
1315 3019 1393 3079 Am·

99 3118 262 3200 plector,
300 3119 454 3179 circumdo
491 3118 537 3178 uel
569 3118 735 3179 deosculor.
789 3117 1037 3196 Congredior,
1075 3134 1174 3197 pugno
1209 3118 1256 3179 uel
1288 3117 1392 3180 luctor.

98 3219 201 3301 Apud
224 3228 261 3281 et
283 3237 404 3297 penes.
450 3220 510 3280 Hae
533 3220 608 3280 duae
631 3221 867 3300 praepositiones
890 3238 943 3299 per
966 3223 1209 3300 compositionem
1234 3239 1394 3301 numquam
1409 3229 1490 3279 rw·
1506 3230 1530 3268 10

99 3324 272 3401 iunguntur,
296 3321 348 3382 sed
372 3340 489 3400 semper
504 3340 559 3401 per
574 3323 802 3401 appositionem.
847 3322 988 3401 Reliquae
1004 3318 1018 3404 ΙΙ
1034 3319 1094 3383 137
1110 3317 1123 3403 ΙΙ
1139 3338 1241 3382 omnes
1262 3323 1394 3400 exceptis

59 3424 130 3485 aotli
146 3423 190 3485 tlis
205 3442 238 3484 re
253 3443 285 3484 se
301 3442 347 3484 am
364 3442 419 3483 con
443 3441 497 3504 per
519 3424 763 3501 compositionem
786 3432 815 3484 et
837 3443 890 3504 per
913 3424 1129 3502 appositionem
1153 3424 1235 3500 iungi
1257 3431 1391 3502 possunt.

100 3525 260 3588 Sciendum
278 3529 347 3589 est,
378 3525 456 3604 quod
486 3524 562 3604 apud
593 3543 647 3586 uos
676 3525 783 3587 multae
810 3526 1046 3606 praepositiones
1074 3525 1282 3593 inueniuntur,
1316 3522 1393 3603 apud

100 3628 231 3689 Graecos
254 3645 326 3688 uero
350 3645 476 3705 paucae,
499 3628 568 3706 quia
584 3630 711 3688 maxima
728 3647 763 3688 ex
779 3637 863 3707 parte
885 3629 963 3687 inter
985 3625 1127 3687 aduerbia
1151 3633 1392 3687 attatumerantur.

563 3882 611 3943 DE
633 3881 935 3944 lNTERlECTlONE.

185 4034 408 4095 interiectio
431 4034 516 4114 quid
542 4036 615 4096 est?
660 4033 868 4097 [leduitiouetn
897 4035 1114 4095 interiectionis
1136 4032 1300 4094 secundum
1324 4032 1394 4094 sub·
1409 4054 1429 4094 u·
1444 4044 1494 4089 ιιι,
1509 4043 1534 4082 1³

60 4137 235 4204 metandam
258 4138 391 4212 requirit.
436 4138 604 4198 interiectio
628 4139 826 4216 compositum
858 4154 965 4197 nomeu
989 4144 1033 4195 est
1056 4153 1090 4194 ea
1114 4136 1192 4195 inter
1215 4143 1246 4196 et
1267 4135 1342 4196 iacio
1365 4143 1395 4193 et

100 4238 170 4298 iacit
191 4238 384 4316 praeteritum
408 4239 556 4313 interieci,
586 4240 691 4299 transit
718 4240 748 4298 in
778 4239 965 4318 participium
993 4236 1167 4297 interiectus
1191 4238 1222 4305 ti,
1246 4235 1342 4296 addita
1366 4255 1394 4304 o,

102 4408 329 4417 ————

169 4556 303 4624 1Venus]
322 4555 577 4622 of.Don.p.366,1
646 4560 817 4625 3gla⁰diiera
885 4560 997 4625 GSuper
1010 4555 1127 4623 Hectore]
1147 4558 1181 4621 ef.
1197 4560 1263 4607 lion.
1272 4575 1299 4621 p.
1311 4559 1395 4617 366,4

99 4642 152 4676 oum
170 4628 257 4681 adnot.
275 4628 357 4678 Keilii
424 4628 455 4675 tt
473 4627 638 4694 transiugatis
709 4630 739 4676 17
760 4625 894 4693 Virgilius]
915 4628 981 4679 Aen.
1002 4626 1045 4675 IX
1062 4628 1113 4675 514
1201 4628 1232 4676 19
1251 4621 1394 4689 iuuenalis]

100 4694 155 4746 Sat.
175 4694 201 4744 X
219 4697 270 4745 153
357 4697 388 4744 21
407 4694 552 4744 diducit-
573 4696 667 4760 rumpit
685 4694 790 4746 leduino
858 4705 947 4745 acceto
1036 4697 1069 4743 at
1086 4690 1195 4743 “luidone
1279 4695 1313 4742 26
1330 4693 1395 4741 ⁰ni1n

99 4763 132 4812 ³⁶2
150 4776 242 4828 grecos
310 4774 480 4814 annumerant
547 4764 581 4814 at
598 4761 777 4814 diffinitionem
