<?xml version="1.0" encoding="UTF-8"?>
<!DOCTYPE html PUBLIC "-//W3C//DTD XHTML 1.0 Transitional//EN"
    "http://www.w3.org/TR/xhtml1/DTD/xhtml1-transitional.dtd">
<html xmlns="http://www.w3.org/1999/xhtml" xml:lang="en" lang="en">
 <head>
  <title>
</title>
<meta http-equiv="Content-Type" content="text/html;charset=utf-8" />
  <meta name='ocr-system' content='tesseract 3.04.00' />
  <meta name='ocr-capabilities' content='ocr_page ocr_carea ocr_par ocr_line ocrx_word'/>
</head>
<body>
  <div class='ocr_page' id='page_1' title='image "./grammaticilatin04keilgoog/grammaticilatin04keilgoog_0206.png"; bbox 0 0 3420 5378; ppageno 0'>
   <div class='ocr_carea' id='block_1_1' title="bbox 259 309 1469 373">
    <p class='ocr_par' dir='ltr' id='par_1_1' title="bbox 259 309 1469 373">
     <span class='ocr_line' id='line_1_1' title="bbox 259 309 1469 373; baseline -0.001 -10"><span class='ocrx_word' id='word_1_1' title='bbox 259 313 310 364; x_wconf 86' lang='lat' dir='ltr'><strong>DE</strong></span> <span class='ocrx_word' id='word_1_2' title='bbox 328 311 468 364; x_wconf 79' lang='lat' dir='ltr'><strong>IVLIANI</strong></span> <span class='ocrx_word' id='word_1_3' title='bbox 486 311 674 363; x_wconf 71' lang='lat' dir='ltr'><strong>totendal</strong></span> <span class='ocrx_word' id='word_1_4' title='bbox 690 309 922 364; x_wconf 73' lang='lat' dir='ltr'>GRAMMATICI</span> <span class='ocrx_word' id='word_1_5' title='bbox 939 310 1143 363; x_wconf 69' lang='lat' dir='ltr'><strong>excedetis</strong></span> <span class='ocrx_word' id='word_1_6' title='bbox 1161 312 1260 363; x_wconf 81' lang='lat' dir='ltr'><strong>INED.</strong></span> <span class='ocrx_word' id='word_1_7' title='bbox 1343 324 1408 373; x_wconf 80' lang='lat' dir='ltr'><strong>ccv</strong></span> <span class='ocrx_word' id='word_1_8' title='bbox 1467 359 1469 362; x_wconf 88' lang='lat'><strong>.</strong></span> 
     </span>
    </p>
   </div>
   <div class='ocr_carea' id='block_1_2' title="bbox 68 497 1412 2722">
    <p class='ocr_par' dir='ltr' id='par_1_2' title="bbox 68 497 1412 2722">
     <span class='ocr_line' id='line_1_2' title="bbox 111 497 1409 580; baseline -0.003 -19"><span class='ocrx_word' id='word_1_9' title='bbox 111 502 189 562; x_wconf 81' lang='lat' dir='ltr'><strong>doec</strong></span> <span class='ocrx_word' id='word_1_10' title='bbox 210 505 336 579; x_wconf 76' lang='lat' dir='ltr'><strong>iamper</strong></span> <span class='ocrx_word' id='word_1_11' title='bbox 356 509 509 578; x_wconf 83' lang='lat' dir='ltr'><strong>secuntur,</strong></span> <span class='ocrx_word' id='word_1_12' title='bbox 532 519 609 577; x_wconf 80' lang='lat' dir='ltr'><strong>quae</strong></span> <span class='ocrx_word' id='word_1_13' title='bbox 632 501 717 578; x_wconf 85' lang='lat' dir='ltr'><strong>opud</strong></span> <span class='ocrx_word' id='word_1_14' title='bbox 736 503 889 562; x_wconf 81' lang='lat' dir='ltr'><strong>Iulianum</strong></span> <span class='ocrx_word' id='word_1_15' title='bbox 904 502 950 577; x_wconf 89' lang='lat' dir='ltr'><strong>(p.</strong></span> <span class='ocrx_word' id='word_1_16' title='bbox 969 507 1005 559; x_wconf 80' lang='lat' dir='ltr'><strong>dt</strong></span> <span class='ocrx_word' id='word_1_17' title='bbox 1020 501 1067 560; x_wconf 88' lang='lat' dir='ltr'><strong>ed.</strong></span> <span class='ocrx_word' id='word_1_18' title='bbox 1084 497 1188 580; x_wconf 85' lang='lat' dir='ltr'><strong>Rom.)</strong></span> <span class='ocrx_word' id='word_1_19' title='bbox 1210 501 1409 561; x_wconf 83' lang='lat' dir='ltr'><strong>antecedunt:</strong></span> 
     </span>
     <span class='ocr_line' id='line_1_3' title="bbox 112 600 1408 682; baseline -0.003 -18"><span class='ocrx_word' id='word_1_20' title='bbox 112 603 227 664; x_wconf 80' lang='lat' dir='ltr'><strong>Nomen</strong></span> <span class='ocrx_word' id='word_1_21' title='bbox 250 620 342 682; x_wconf 87' lang='lat' dir='ltr'><strong>quare</strong></span> <span class='ocrx_word' id='word_1_22' title='bbox 370 601 499 663; x_wconf 74' lang='lat' dir='ltr'><strong>dictum?</strong></span> <span class='ocrx_word' id='word_1_23' title='bbox 544 607 565 664; x_wconf 85' lang='lat' dir='ltr'><strong>ll</strong></span> <span class='ocrx_word' id='word_1_24' title='bbox 595 604 744 663; x_wconf 76' lang='lat' dir='ltr'>notamine</span> <span class='ocrx_word' id='word_1_25' title='bbox 775 621 810 661; x_wconf 93' lang='lat' dir='ltr'><strong>eo</strong></span> <span class='ocrx_word' id='word_1_26' title='bbox 838 601 916 682; x_wconf 92' lang='lat' dir='ltr'><strong>quod</strong></span> <span class='ocrx_word' id='word_1_27' title='bbox 946 620 994 662; x_wconf 89' lang='lat' dir='ltr'><strong>res</strong></span> <span class='ocrx_word' id='word_1_28' title='bbox 1024 610 1112 661; x_wconf 90' lang='lat' dir='ltr'><strong>notas</strong></span> <span class='ocrx_word' id='word_1_29' title='bbox 1140 602 1227 662; x_wconf 89' lang='lat' dir='ltr'><strong>iaciat</strong></span> <span class='ocrx_word' id='word_1_30' title='bbox 1254 600 1301 661; x_wconf 91' lang='lat' dir='ltr'><strong>uel</strong></span> <span class='ocrx_word' id='word_1_31' title='bbox 1329 601 1408 680; x_wconf 92' lang='lat' dir='ltr'><strong>qnod</strong></span> 
     </span>
     <span class='ocr_line' id='line_1_4' title="bbox 112 701 1408 775; baseline -0.002 -11"><span class='ocrx_word' id='word_1_32' title='bbox 112 707 247 766; x_wconf 76' lang='lat' dir='ltr'><strong>notitiam</strong></span> <span class='ocrx_word' id='word_1_33' title='bbox 275 702 432 767; x_wconf 88' lang='lat' dir='ltr'><strong>cuiuslibet</strong></span> <span class='ocrx_word' id='word_1_34' title='bbox 460 706 504 764; x_wconf 89' lang='lat' dir='ltr'><strong>rei</strong></span> <span class='ocrx_word' id='word_1_35' title='bbox 534 704 620 765; x_wconf 91' lang='lat' dir='ltr'><strong>nobis</strong></span> <span class='ocrx_word' id='word_1_36' title='bbox 647 705 785 764; x_wconf 81' lang='lat' dir='ltr'><strong>insinuet.</strong></span> <span class='ocrx_word' id='word_1_37' title='bbox 831 703 1006 775; x_wconf 70' lang='lat' dir='ltr'><strong>Quomodo?</strong></span> <span class='ocrx_word' id='word_1_38' title='bbox 1050 703 1123 763; x_wconf 84' lang='lat' dir='ltr'><strong>Puta</strong></span> <span class='ocrx_word' id='word_1_39' title='bbox 1152 706 1177 764; x_wconf 91' lang='lat' dir='ltr'><strong>si</strong></span> <span class='ocrx_word' id='word_1_40' title='bbox 1205 702 1322 764; x_wconf 91' lang='lat' dir='ltr'><strong>uideam</strong></span> <span class='ocrx_word' id='word_1_41' title='bbox 1355 701 1408 762; x_wconf 93' lang='lat' dir='ltr'><strong>ho·</strong></span> 
     </span>
     <span class='ocr_line' id='line_1_5' title="bbox 113 805 1408 885; baseline -0.002 -18"><span class='ocrx_word' id='word_1_42' title='bbox 113 807 222 868; x_wconf 84' lang='lat' dir='ltr'><strong>minem</strong></span> <span class='ocrx_word' id='word_1_43' title='bbox 245 807 428 884; x_wconf 84' lang='lat' dir='ltr'><strong>incognitum</strong></span> <span class='ocrx_word' id='word_1_44' title='bbox 451 805 587 867; x_wconf 87' lang='lat' dir='ltr'><strong>similiter</strong></span> <span class='ocrx_word' id='word_1_45' title='bbox 609 815 639 867; x_wconf 91' lang='lat' dir='ltr'><strong>et</strong></span> <span class='ocrx_word' id='word_1_46' title='bbox 661 807 817 885; x_wconf 81' lang='lat' dir='ltr'><strong>psittacum</strong></span> <span class='ocrx_word' id='word_1_47' title='bbox 841 805 1023 885; x_wconf 89' lang='lat' dir='ltr'><strong>(siptacum),</strong></span> <span class='ocrx_word' id='word_1_48' title='bbox 1055 805 1091 866; x_wconf 88' lang='lat' dir='ltr'><strong>de</strong></span> <span class='ocrx_word' id='word_1_49' title='bbox 1120 806 1242 866; x_wconf 88' lang='lat' dir='ltr'><strong>nomino</strong></span> <span class='ocrx_word' id='word_1_50' title='bbox 1271 805 1334 864; x_wconf 88' lang='lat' dir='ltr'><strong>eius</strong></span> <span class='ocrx_word' id='word_1_51' title='bbox 1349 822 1408 865; x_wconf 92' lang='lat' dir='ltr'><strong>non</strong></span> 
     </span>
     <span class='ocr_line' id='line_1_6' title="bbox 112 905 1407 987; baseline -0.001 -19"><span class='ocrx_word' id='word_1_52' title='bbox 112 910 304 987; x_wconf 84' lang='lat' dir='ltr'><strong>interrogem.</strong></span> <span class='ocrx_word' id='word_1_53' title='bbox 351 908 443 977; x_wconf 82' lang='lat' dir='ltr'><strong>Vadit,</strong></span> <span class='ocrx_word' id='word_1_54' title='bbox 468 908 520 969; x_wconf 92' lang='lat' dir='ltr'><strong>sed</strong></span> <span class='ocrx_word' id='word_1_55' title='bbox 544 910 586 984; x_wconf 80' lang='lat' dir='ltr'><strong>(se</strong></span> <span class='ocrx_word' id='word_1_56' title='bbox 608 908 687 984; x_wconf 82' lang='lat' dir='ltr'><strong>eod.)</strong></span> <span class='ocrx_word' id='word_1_57' title='bbox 711 910 792 968; x_wconf 86' lang='lat' dir='ltr'><strong>uenit</strong></span> <span class='ocrx_word' id='word_1_58' title='bbox 814 909 879 986; x_wconf 86' lang='lat' dir='ltr'><strong>quis</strong></span> <span class='ocrx_word' id='word_1_59' title='bbox 902 917 931 966; x_wconf 91' lang='lat' dir='ltr'><strong>et</strong></span> <span class='ocrx_word' id='word_1_60' title='bbox 954 906 1026 967; x_wconf 92' lang='lat' dir='ltr'><strong>dicit</strong></span> <span class='ocrx_word' id='word_1_61' title='bbox 1049 905 1138 967; x_wconf 88' lang='lat' dir='ltr'><strong>nrihi:</strong></span> <span class='ocrx_word' id='word_1_62' title='bbox 1164 907 1242 966; x_wconf 78' lang='lat' dir='ltr'><strong>‘Scis</strong></span> <span class='ocrx_word' id='word_1_63' title='bbox 1258 906 1407 967; x_wconf 82' lang='lat' dir='ltr'><strong>hominem</strong></span> 
     </span>
     <span class='ocr_line' id='line_1_7' title="bbox 112 1007 1410 1091; baseline -0.002 -22"><span class='ocrx_word' id='word_1_64' title='bbox 112 1009 227 1070; x_wconf 86' lang='lat' dir='ltr'><strong>illumi&#39;</strong></span> <span class='ocrx_word' id='word_1_65' title='bbox 272 1010 360 1071; x_wconf 77' lang='lat' dir='ltr'><strong>iiico:</strong></span> <span class='ocrx_word' id='word_1_66' title='bbox 391 1013 459 1088; x_wconf 83' lang='lat' dir='ltr'><strong>‘ego</strong></span> <span class='ocrx_word' id='word_1_67' title='bbox 481 1012 604 1080; x_wconf 91' lang='lat' dir='ltr'><strong>nescio&#39;,</strong></span> <span class='ocrx_word' id='word_1_68' title='bbox 628 1029 696 1070; x_wconf 85' lang='lat' dir='ltr'><strong>curn</strong></span> <span class='ocrx_word' id='word_1_69' title='bbox 724 1011 782 1069; x_wconf 91' lang='lat' dir='ltr'><strong>iam</strong></span> <span class='ocrx_word' id='word_1_70' title='bbox 811 1028 878 1070; x_wconf 89' lang='lat' dir='ltr'><strong>eum</strong></span> <span class='ocrx_word' id='word_1_71' title='bbox 910 1008 1049 1091; x_wconf 84' lang='lat' dir='ltr'><strong>uidissem</strong></span> <span class='ocrx_word' id='word_1_72' title='bbox 1077 1019 1107 1069; x_wconf 88' lang='lat' dir='ltr'><strong>et</strong></span> <span class='ocrx_word' id='word_1_73' title='bbox 1134 1027 1201 1069; x_wconf 87' lang='lat' dir='ltr'><strong>cunr</strong></span> <span class='ocrx_word' id='word_1_74' title='bbox 1230 1026 1265 1068; x_wconf 93' lang='lat' dir='ltr'><strong>eo</strong></span> <span class='ocrx_word' id='word_1_75' title='bbox 1293 1007 1410 1069; x_wconf 87' lang='lat' dir='ltr'><strong>locutus</strong></span> 
     </span>
     <span class='ocr_line' id='line_1_8' title="bbox 114 1111 1409 1191; baseline -0.001 -20"><span class='ocrx_word' id='word_1_76' title='bbox 114 1111 246 1180; x_wconf 86' lang='lat' dir='ltr'><strong>inissem,</strong></span> <span class='ocrx_word' id='word_1_77' title='bbox 270 1111 322 1174; x_wconf 87' lang='lat' dir='ltr'><strong>sed</strong></span> <span class='ocrx_word' id='word_1_78' title='bbox 346 1113 414 1191; x_wconf 89' lang='lat' dir='ltr'><strong>quia</strong></span> <span class='ocrx_word' id='word_1_79' title='bbox 438 1111 617 1172; x_wconf 88' lang='lat' dir='ltr'><strong>denomino</strong></span> <span class='ocrx_word' id='word_1_80' title='bbox 641 1113 705 1172; x_wconf 92' lang='lat' dir='ltr'><strong>eius</strong></span> <span class='ocrx_word' id='word_1_81' title='bbox 727 1129 789 1171; x_wconf 93' lang='lat' dir='ltr'><strong>non</strong></span> <span class='ocrx_word' id='word_1_82' title='bbox 816 1112 1016 1190; x_wconf 86' lang='lat' dir='ltr'><strong>interrogaui,</strong></span> <span class='ocrx_word' id='word_1_83' title='bbox 1047 1111 1112 1171; x_wconf 89' lang='lat' dir='ltr'><strong>ideo</strong></span> <span class='ocrx_word' id='word_1_84' title='bbox 1143 1129 1198 1171; x_wconf 88' lang='lat' dir='ltr'><strong>nec</strong></span> <span class='ocrx_word' id='word_1_85' title='bbox 1228 1111 1321 1189; x_wconf 82' lang='lat' dir='ltr'><strong>ligura</strong></span> <span class='ocrx_word' id='word_1_86' title='bbox 1343 1127 1409 1170; x_wconf 83' lang='lat' dir='ltr'><strong>cor·</strong></span> 
     </span>
     <span class='ocr_line' id='line_1_9' title="bbox 114 1211 1410 1293; baseline -0.002 -19"><span class='ocrx_word' id='word_1_87' title='bbox 114 1215 196 1293; x_wconf 88' lang='lat' dir='ltr'><strong>poris</strong></span> <span class='ocrx_word' id='word_1_88' title='bbox 224 1215 287 1274; x_wconf 89' lang='lat' dir='ltr'><strong>eius</strong></span> <span class='ocrx_word' id='word_1_89' title='bbox 315 1212 471 1292; x_wconf 73' lang='lat' dir='ltr'><strong>aditialesit</strong></span> <span class='ocrx_word' id='word_1_90' title='bbox 498 1214 596 1274; x_wconf 89' lang='lat' dir='ltr'><strong>animo</strong></span> <span class='ocrx_word' id='word_1_91' title='bbox 627 1231 703 1273; x_wconf 86' lang='lat' dir='ltr'><strong>meo.</strong></span> <span class='ocrx_word' id='word_1_92' title='bbox 748 1211 835 1273; x_wconf 83' lang='lat' dir='ltr'><strong>Vadit</strong></span> <span class='ocrx_word' id='word_1_93' title='bbox 863 1223 892 1272; x_wconf 91' lang='lat' dir='ltr'><strong>et</strong></span> <span class='ocrx_word' id='word_1_94' title='bbox 925 1211 1044 1273; x_wconf 81' lang='lat' dir='ltr'><strong>adducit</strong></span> <span class='ocrx_word' id='word_1_95' title='bbox 1078 1212 1228 1273; x_wconf 87' lang='lat' dir='ltr'><strong>hominem</strong></span> <span class='ocrx_word' id='word_1_96' title='bbox 1261 1212 1343 1273; x_wconf 92' lang='lat' dir='ltr'><strong>illum</strong></span> <span class='ocrx_word' id='word_1_97' title='bbox 1381 1220 1410 1272; x_wconf 92' lang='lat' dir='ltr'><strong>et</strong></span> 
     </span>
     <span class='ocr_line' id='line_1_10' title="bbox 68 1314 1409 1395; baseline -0.001 -20"><span class='ocrx_word' id='word_1_98' title='bbox 68 1367 71 1375; x_wconf 95' lang='lat'><strong>.</strong></span> <span class='ocrx_word' id='word_1_99' title='bbox 114 1315 201 1375; x_wconf 91' lang='lat' dir='ltr'><strong>dicit:</strong></span> <span class='ocrx_word' id='word_1_100' title='bbox 224 1314 313 1377; x_wconf 76' lang='lat' dir='ltr'><strong>‘Ecce</strong></span> <span class='ocrx_word' id='word_1_101' title='bbox 336 1314 434 1385; x_wconf 88' lang='lat' dir='ltr'><strong>horno,</strong></span> <span class='ocrx_word' id='word_1_102' title='bbox 458 1315 494 1375; x_wconf 90' lang='lat' dir='ltr'><strong>de</strong></span> <span class='ocrx_word' id='word_1_103' title='bbox 517 1334 576 1395; x_wconf 91' lang='lat' dir='ltr'><strong>quo</strong></span> <span class='ocrx_word' id='word_1_104' title='bbox 599 1314 818 1395; x_wconf 89' lang='lat' dir='ltr'><strong>loquebamur.’</strong></span> <span class='ocrx_word' id='word_1_105' title='bbox 863 1314 923 1375; x_wconf 93' lang='lat' dir='ltr'><strong>lam</strong></span> <span class='ocrx_word' id='word_1_106' title='bbox 946 1333 1014 1375; x_wconf 92' lang='lat' dir='ltr'><strong>cum</strong></span> <span class='ocrx_word' id='word_1_107' title='bbox 1038 1314 1093 1375; x_wconf 87' lang='lat' dir='ltr'><strong>lroc</strong></span> <span class='ocrx_word' id='word_1_108' title='bbox 1117 1314 1219 1385; x_wconf 88' lang='lat' dir='ltr'><strong>audio,</strong></span> <span class='ocrx_word' id='word_1_109' title='bbox 1248 1333 1283 1375; x_wconf 82' lang='lat' dir='ltr'><strong>ex</strong></span> <span class='ocrx_word' id='word_1_110' title='bbox 1308 1315 1409 1393; x_wconf 86' lang='lat' dir='ltr'><strong>cogni·</strong></span> 
     </span>
     <span class='ocr_line' id='line_1_11' title="bbox 114 1414 1410 1497; baseline 0 -21"><span class='ocrx_word' id='word_1_111' title='bbox 114 1419 193 1478; x_wconf 88' lang='lat' dir='ltr'><strong>tione</strong></span> <span class='ocrx_word' id='word_1_112' title='bbox 215 1417 343 1478; x_wconf 90' lang='lat' dir='ltr'><strong>nominis</strong></span> <span class='ocrx_word' id='word_1_113' title='bbox 367 1418 430 1476; x_wconf 89' lang='lat' dir='ltr'><strong>eius</strong></span> <span class='ocrx_word' id='word_1_114' title='bbox 453 1425 482 1477; x_wconf 92' lang='lat' dir='ltr'><strong>et</strong></span> <span class='ocrx_word' id='word_1_115' title='bbox 504 1416 588 1496; x_wconf 84' lang='lat' dir='ltr'><strong>ipsud</strong></span> <span class='ocrx_word' id='word_1_116' title='bbox 612 1435 721 1478; x_wconf 86' lang='lat' dir='ltr'><strong>nornen</strong></span> <span class='ocrx_word' id='word_1_117' title='bbox 745 1426 774 1476; x_wconf 89' lang='lat' dir='ltr'><strong>et</strong></span> <span class='ocrx_word' id='word_1_118' title='bbox 794 1416 887 1496; x_wconf 83' lang='lat' dir='ltr'><strong>ligura</strong></span> <span class='ocrx_word' id='word_1_119' title='bbox 904 1419 1037 1497; x_wconf 91' lang='lat' dir='ltr'><strong>corporis</strong></span> <span class='ocrx_word' id='word_1_120' title='bbox 1053 1419 1117 1478; x_wconf 89' lang='lat' dir='ltr'><strong>eius</strong></span> <span class='ocrx_word' id='word_1_121' title='bbox 1132 1414 1297 1497; x_wconf 84' lang='lat' dir='ltr'><strong>adlr(a)eret</strong></span> <span class='ocrx_word' id='word_1_122' title='bbox 1311 1417 1410 1477; x_wconf 91' lang='lat' dir='ltr'><strong>animo</strong></span> 
     </span>
     <span class='ocr_line' id='line_1_12' title="bbox 114 1518 1406 1598; baseline -0.001 -19"><span class='ocrx_word' id='word_1_123' title='bbox 114 1537 197 1586; x_wconf 79' lang='lat' dir='ltr'><strong>ineo,</strong></span> <span class='ocrx_word' id='word_1_124' title='bbox 232 1527 261 1580; x_wconf 90' lang='lat' dir='ltr'><strong>et</strong></span> <span class='ocrx_word' id='word_1_125' title='bbox 287 1518 355 1578; x_wconf 87' lang='lat' dir='ltr'><strong>ideo</strong></span> <span class='ocrx_word' id='word_1_126' title='bbox 383 1518 461 1585; x_wconf 88' lang='lat' dir='ltr'><strong>dicta</strong></span> <span class='ocrx_word' id='word_1_127' title='bbox 488 1526 558 1579; x_wconf 88' lang='lat' dir='ltr'><strong>sunt</strong></span> <span class='ocrx_word' id='word_1_128' title='bbox 586 1520 704 1579; x_wconf 88' lang='lat' dir='ltr'><strong>nomina</strong></span> <span class='ocrx_word' id='word_1_129' title='bbox 736 1521 818 1598; x_wconf 88' lang='lat' dir='ltr'><strong>quasi</strong></span> <span class='ocrx_word' id='word_1_130' title='bbox 851 1521 1020 1590; x_wconf 84' lang='lat' dir='ltr'><strong>notamina,</strong></span> <span class='ocrx_word' id='word_1_131' title='bbox 1054 1519 1130 1581; x_wconf 90' lang='lat' dir='ltr'><strong>idest</strong></span> <span class='ocrx_word' id='word_1_132' title='bbox 1163 1520 1406 1581; x_wconf 84' lang='lat' dir='ltr'><strong>demonstrantia.</strong></span> 
     </span>
     <span class='ocr_line' id='line_1_13' title="bbox 114 1620 1407 1700; baseline -0.002 -17"><span class='ocrx_word' id='word_1_133' title='bbox 114 1623 200 1683; x_wconf 82' lang='lat' dir='ltr'><strong>Haec</strong></span> <span class='ocrx_word' id='word_1_134' title='bbox 220 1622 307 1698; x_wconf 86' lang='lat' dir='ltr'><strong>opud</strong></span> <span class='ocrx_word' id='word_1_135' title='bbox 326 1622 480 1682; x_wconf 76' lang='lat' dir='ltr'><strong>Iulianum</strong></span> <span class='ocrx_word' id='word_1_136' title='bbox 503 1624 592 1682; x_wconf 83' lang='lat' dir='ltr'><strong>aliter</strong></span> <span class='ocrx_word' id='word_1_137' title='bbox 613 1639 645 1682; x_wconf 88' lang='lat' dir='ltr'><strong>se</strong></span> <span class='ocrx_word' id='word_1_138' title='bbox 666 1622 858 1682; x_wconf 68' lang='lat' dir='ltr'><strong>labeneste:</strong></span> <span class='ocrx_word' id='word_1_139' title='bbox 885 1620 1000 1682; x_wconf 90' lang='lat' dir='ltr'><strong>Nomen</strong></span> <span class='ocrx_word' id='word_1_140' title='bbox 1029 1639 1120 1700; x_wconf 90' lang='lat' dir='ltr'><strong>quare</strong></span> <span class='ocrx_word' id='word_1_141' title='bbox 1148 1621 1258 1682; x_wconf 90' lang='lat' dir='ltr'><strong>dictum</strong></span> <span class='ocrx_word' id='word_1_142' title='bbox 1281 1622 1342 1681; x_wconf 83' lang='lat' dir='ltr'><strong>esti</strong></span> <span class='ocrx_word' id='word_1_143' title='bbox 1385 1625 1407 1681; x_wconf 78' lang='lat' dir='ltr'><strong>d</strong></span> 
     </span>
     <span class='ocr_line' id='line_1_14' title="bbox 114 1722 1408 1802; baseline 0.001 -20"><span class='ocrx_word' id='word_1_144' title='bbox 114 1723 326 1784; x_wconf 87' lang='lat' dir='ltr'><strong>notamine-</strong></span> <span class='ocrx_word' id='word_1_145' title='bbox 348 1731 418 1802; x_wconf 91' lang='lat' dir='ltr'><strong>puta</strong></span> <span class='ocrx_word' id='word_1_146' title='bbox 440 1725 465 1783; x_wconf 90' lang='lat' dir='ltr'><strong>si</strong></span> <span class='ocrx_word' id='word_1_147' title='bbox 488 1722 604 1783; x_wconf 88' lang='lat' dir='ltr'><strong>uideam</strong></span> <span class='ocrx_word' id='word_1_148' title='bbox 628 1722 715 1783; x_wconf 86' lang='lat' dir='ltr'><strong>hodie</strong></span> <span class='ocrx_word' id='word_1_149' title='bbox 738 1723 912 1801; x_wconf 83' lang='lat' dir='ltr'><strong>psittacum,</strong></span> <span class='ocrx_word' id='word_1_150' title='bbox 942 1722 979 1782; x_wconf 90' lang='lat' dir='ltr'><strong>de</strong></span> <span class='ocrx_word' id='word_1_151' title='bbox 1008 1725 1127 1783; x_wconf 89' lang='lat' dir='ltr'><strong>nomine</strong></span> <span class='ocrx_word' id='word_1_152' title='bbox 1150 1725 1213 1786; x_wconf 90' lang='lat' dir='ltr'><strong>eius</strong></span> <span class='ocrx_word' id='word_1_153' title='bbox 1235 1741 1294 1783; x_wconf 92' lang='lat' dir='ltr'><strong>non</strong></span> <span class='ocrx_word' id='word_1_154' title='bbox 1318 1724 1408 1784; x_wconf 90' lang='lat' dir='ltr'><strong>inter·</strong></span> 
     </span>
     <span class='ocr_line' id='line_1_15' title="bbox 114 1823 1409 1905; baseline 0.001 -22"><span class='ocrx_word' id='word_1_155' title='bbox 114 1841 197 1903; x_wconf 88' lang='lat' dir='ltr'><strong>rogo.</strong></span> <span class='ocrx_word' id='word_1_156' title='bbox 242 1823 328 1885; x_wconf 85' lang='lat' dir='ltr'><strong>Vadit</strong></span> <span class='ocrx_word' id='word_1_157' title='bbox 350 1842 382 1884; x_wconf 91' lang='lat' dir='ltr'><strong>se</strong></span> <span class='ocrx_word' id='word_1_158' title='bbox 406 1825 554 1903; x_wconf 89' lang='lat' dir='ltr'><strong>psittacus,</strong></span> <span class='ocrx_word' id='word_1_159' title='bbox 579 1827 662 1886; x_wconf 91' lang='lat' dir='ltr'><strong>uenit</strong></span> <span class='ocrx_word' id='word_1_160' title='bbox 684 1825 764 1904; x_wconf 89' lang='lat' dir='ltr'><strong>quis:</strong></span> <span class='ocrx_word' id='word_1_161' title='bbox 794 1827 959 1903; x_wconf 84' lang='lat' dir='ltr'><strong>interrogat</strong></span> <span class='ocrx_word' id='word_1_162' title='bbox 981 1843 1028 1884; x_wconf 88' lang='lat' dir='ltr'><strong>me</strong></span> <span class='ocrx_word' id='word_1_163' title='bbox 1052 1832 1081 1885; x_wconf 92' lang='lat' dir='ltr'><strong>et</strong></span> <span class='ocrx_word' id='word_1_164' title='bbox 1103 1824 1186 1885; x_wconf 92' lang='lat' dir='ltr'><strong>dicit:</strong></span> <span class='ocrx_word' id='word_1_165' title='bbox 1210 1826 1287 1887; x_wconf 76' lang='lat' dir='ltr'><strong>‘Scis</strong></span> <span class='ocrx_word' id='word_1_166' title='bbox 1309 1827 1409 1905; x_wconf 87' lang='lat' dir='ltr'><strong>psitta-</strong></span> 
     </span>
     <span class='ocr_line' id='line_1_16' title="bbox 114 1924 1409 2006; baseline 0.001 -19"><span class='ocrx_word' id='word_1_167' title='bbox 114 1929 208 1987; x_wconf 88' lang='lat' dir='ltr'><strong>cum’.</strong></span> <span class='ocrx_word' id='word_1_168' title='bbox 259 1925 343 1987; x_wconf 84' lang='lat' dir='ltr'><strong>ilico:</strong></span> <span class='ocrx_word' id='word_1_169' title='bbox 374 1928 517 1994; x_wconf 78' lang='lat' dir='ltr'><strong>‘nescio’;</strong></span> <span class='ocrx_word' id='word_1_170' title='bbox 547 1945 614 1987; x_wconf 91' lang='lat' dir='ltr'><strong>cum</strong></span> <span class='ocrx_word' id='word_1_171' title='bbox 643 1928 701 1987; x_wconf 89' lang='lat' dir='ltr'><strong>iarn</strong></span> <span class='ocrx_word' id='word_1_172' title='bbox 723 1924 805 1986; x_wconf 88' lang='lat' dir='ltr'><strong>illum</strong></span> <span class='ocrx_word' id='word_1_173' title='bbox 836 1926 987 1988; x_wconf 85' lang='lat' dir='ltr'><strong>uidissem.</strong></span> <span class='ocrx_word' id='word_1_174' title='bbox 1039 1927 1097 1987; x_wconf 88' lang='lat' dir='ltr'><strong>Sed</strong></span> <span class='ocrx_word' id='word_1_175' title='bbox 1126 1929 1195 2006; x_wconf 92' lang='lat' dir='ltr'><strong>quia</strong></span> <span class='ocrx_word' id='word_1_176' title='bbox 1223 1926 1260 1987; x_wconf 91' lang='lat' dir='ltr'><strong>de</strong></span> <span class='ocrx_word' id='word_1_177' title='bbox 1290 1928 1409 1988; x_wconf 90' lang='lat' dir='ltr'><strong>nomine</strong></span> 
     </span>
     <span class='ocr_line' id='line_1_17' title="bbox 114 2027 1407 2109; baseline 0.001 -21"><span class='ocrx_word' id='word_1_178' title='bbox 114 2030 178 2089; x_wconf 89' lang='lat' dir='ltr'><strong>eius</strong></span> <span class='ocrx_word' id='word_1_179' title='bbox 203 2061 240 2071; x_wconf 94' lang='lat'><strong>—·</strong></span> <span class='ocrx_word' id='word_1_180' title='bbox 264 2029 397 2109; x_wconf 92' lang='lat' dir='ltr'><strong>corporis</strong></span> <span class='ocrx_word' id='word_1_181' title='bbox 420 2030 483 2091; x_wconf 89' lang='lat' dir='ltr'><strong>eius</strong></span> <span class='ocrx_word' id='word_1_182' title='bbox 505 2031 605 2089; x_wconf 88' lang='lat' dir='ltr'><strong>animo</strong></span> <span class='ocrx_word' id='word_1_183' title='bbox 628 2046 695 2088; x_wconf 79' lang='lat' dir='ltr'><strong>tneo</strong></span> <span class='ocrx_word' id='word_1_184' title='bbox 717 2027 858 2089; x_wconf 86' lang='lat' dir='ltr'><strong>adhaesit.</strong></span> <span class='ocrx_word' id='word_1_185' title='bbox 905 2028 991 2089; x_wconf 91' lang='lat' dir='ltr'><strong>Vadit</strong></span> <span class='ocrx_word' id='word_1_186' title='bbox 1014 2036 1043 2088; x_wconf 90' lang='lat' dir='ltr'><strong>et</strong></span> <span class='ocrx_word' id='word_1_187' title='bbox 1064 2028 1185 2090; x_wconf 91' lang='lat' dir='ltr'><strong>adducit</strong></span> <span class='ocrx_word' id='word_1_188' title='bbox 1200 2031 1355 2109; x_wconf 87' lang='lat' dir='ltr'><strong>psittacum</strong></span> <span class='ocrx_word' id='word_1_189' title='bbox 1372 2029 1407 2090; x_wconf 93' lang='lat' dir='ltr'><strong>ad</strong></span> 
     </span>
     <span class='ocr_line' id='line_1_18' title="bbox 113 2128 1410 2211; baseline 0.001 -21"><span class='ocrx_word' id='word_1_190' title='bbox 113 2147 163 2191; x_wconf 86' lang='lat' dir='ltr'><strong>me</strong></span> <span class='ocrx_word' id='word_1_191' title='bbox 185 2137 216 2190; x_wconf 89' lang='lat' dir='ltr'><strong>et</strong></span> <span class='ocrx_word' id='word_1_192' title='bbox 237 2129 308 2190; x_wconf 88' lang='lat' dir='ltr'><strong>dicit</strong></span> <span class='ocrx_word' id='word_1_193' title='bbox 330 2128 418 2190; x_wconf 90' lang='lat' dir='ltr'><strong>mihi:</strong></span> <span class='ocrx_word' id='word_1_194' title='bbox 443 2128 531 2191; x_wconf 88' lang='lat' dir='ltr'><strong>‘Ecce</strong></span> <span class='ocrx_word' id='word_1_195' title='bbox 553 2131 709 2208; x_wconf 87' lang='lat' dir='ltr'><strong>psittacus,</strong></span> <span class='ocrx_word' id='word_1_196' title='bbox 740 2129 777 2190; x_wconf 87' lang='lat' dir='ltr'><strong>de</strong></span> <span class='ocrx_word' id='word_1_197' title='bbox 800 2149 858 2211; x_wconf 90' lang='lat' dir='ltr'><strong>quo</strong></span> <span class='ocrx_word' id='word_1_198' title='bbox 886 2129 1000 2210; x_wconf 84' lang='lat' dir='ltr'><strong>loquuti</strong></span> <span class='ocrx_word' id='word_1_199' title='bbox 1029 2131 1203 2192; x_wconf 62' lang='lat' dir='ltr'><strong>fueramus?</strong></span> <span class='ocrx_word' id='word_1_200' title='bbox 1248 2131 1324 2192; x_wconf 88' lang='lat' dir='ltr'><strong>Dum</strong></span> <span class='ocrx_word' id='word_1_201' title='bbox 1353 2130 1410 2191; x_wconf 84' lang='lat' dir='ltr'><strong>lroc</strong></span> 
     </span>
     <span class='ocr_line' id='line_1_19' title="bbox 113 2231 1411 2313; baseline 0 -20"><span class='ocrx_word' id='word_1_202' title='bbox 113 2231 211 2304; x_wconf 89' lang='lat' dir='ltr'><strong>audio,</strong></span> <span class='ocrx_word' id='word_1_203' title='bbox 235 2234 333 2294; x_wconf 88' lang='lat' dir='ltr'><strong>statim</strong></span> <span class='ocrx_word' id='word_1_204' title='bbox 357 2252 392 2293; x_wconf 83' lang='lat' dir='ltr'><strong>ex</strong></span> <span class='ocrx_word' id='word_1_205' title='bbox 416 2233 584 2311; x_wconf 83' lang='lat' dir='ltr'><strong>cognitione</strong></span> <span class='ocrx_word' id='word_1_206' title='bbox 606 2234 734 2293; x_wconf 89' lang='lat' dir='ltr'><strong>nominis</strong></span> <span class='ocrx_word' id='word_1_207' title='bbox 756 2233 820 2294; x_wconf 88' lang='lat' dir='ltr'><strong>eius</strong></span> <span class='ocrx_word' id='word_1_208' title='bbox 842 2240 871 2293; x_wconf 87' lang='lat' dir='ltr'><strong>et</strong></span> <span class='ocrx_word' id='word_1_209' title='bbox 893 2250 942 2293; x_wconf 90' lang='lat' dir='ltr'><strong>res</strong></span> <span class='ocrx_word' id='word_1_210' title='bbox 963 2234 1037 2311; x_wconf 87' lang='lat' dir='ltr'><strong>ipsa,</strong></span> <span class='ocrx_word' id='word_1_211' title='bbox 1060 2241 1090 2293; x_wconf 90' lang='lat' dir='ltr'><strong>et</strong></span> <span class='ocrx_word' id='word_1_212' title='bbox 1112 2251 1220 2295; x_wconf 87' lang='lat' dir='ltr'><strong>nomen</strong></span> <span class='ocrx_word' id='word_1_213' title='bbox 1242 2234 1338 2313; x_wconf 88' lang='lat' dir='ltr'><strong>ipsum</strong></span> <span class='ocrx_word' id='word_1_214' title='bbox 1360 2233 1411 2293; x_wconf 92' lang='lat' dir='ltr'><strong>ad·</strong></span> 
     </span>
     <span class='ocr_line' id='line_1_20' title="bbox 113 2332 1411 2406; baseline 0.002 -11"><span class='ocrx_word' id='word_1_215' title='bbox 113 2332 218 2396; x_wconf 85' lang='lat' dir='ltr'><strong>haeret</strong></span> <span class='ocrx_word' id='word_1_216' title='bbox 240 2335 338 2396; x_wconf 92' lang='lat' dir='ltr'><strong>animo</strong></span> <span class='ocrx_word' id='word_1_217' title='bbox 360 2353 437 2396; x_wconf 88' lang='lat' dir='ltr'><strong>meo.</strong></span> <span class='ocrx_word' id='word_1_218' title='bbox 483 2334 518 2395; x_wconf 86' lang='lat' dir='ltr'><strong>Et</strong></span> <span class='ocrx_word' id='word_1_219' title='bbox 532 2334 600 2395; x_wconf 85' lang='lat' dir='ltr'><strong>ideo</strong></span> <span class='ocrx_word' id='word_1_220' title='bbox 617 2334 692 2395; x_wconf 90' lang='lat' dir='ltr'><strong>dieta</strong></span> <span class='ocrx_word' id='word_1_221' title='bbox 711 2369 746 2378; x_wconf 95' lang='lat'><em>-</em></span> <span class='ocrx_word' id='word_1_222' title='bbox 771 2336 930 2406; x_wconf 88' lang='lat' dir='ltr'><strong>notamina,</strong></span> <span class='ocrx_word' id='word_1_223' title='bbox 953 2334 1031 2395; x_wconf 87' lang='lat' dir='ltr'><strong>idest</strong></span> <span class='ocrx_word' id='word_1_224' title='bbox 1052 2354 1152 2396; x_wconf 88' lang='lat' dir='ltr'><strong>rerum</strong></span> <span class='ocrx_word' id='word_1_225' title='bbox 1169 2335 1411 2397; x_wconf 87' lang='lat' dir='ltr'><strong>demonstratiua.</strong></span> 
     </span>
     <span class='ocr_line' id='line_1_21' title="bbox 116 2433 1408 2516; baseline 0 -18"><span class='ocrx_word' id='word_1_226' title='bbox 116 2433 157 2498; x_wconf 91' lang='lat'><strong>10</strong></span> <span class='ocrx_word' id='word_1_227' title='bbox 178 2437 246 2516; x_wconf 90' lang='lat' dir='ltr'><strong>quia</strong></span> <span class='ocrx_word' id='word_1_228' title='bbox 269 2454 325 2498; x_wconf 83' lang='lat' dir='ltr'><strong>ona.</strong></span> <span class='ocrx_word' id='word_1_229' title='bbox 372 2454 479 2498; x_wconf 89' lang='lat' dir='ltr'><strong>nornen</strong></span> <span class='ocrx_word' id='word_1_230' title='bbox 501 2437 538 2497; x_wconf 90' lang='lat' dir='ltr'><strong>sit</strong></span> <span class='ocrx_word' id='word_1_231' title='bbox 589 2434 623 2496; x_wconf 93' lang='lat' dir='ltr'><strong>ll</strong></span> <span class='ocrx_word' id='word_1_232' title='bbox 649 2435 770 2497; x_wconf 83' lang='lat' dir='ltr'><strong>habebit</strong></span> <span class='ocrx_word' id='word_1_233' title='bbox 792 2438 879 2507; x_wconf 89' lang='lat' dir='ltr'><strong>enirn,</strong></span> <span class='ocrx_word' id='word_1_234' title='bbox 902 2439 1011 2513; x_wconf 85' lang='lat' dir='ltr'><strong>optime</strong></span> <span class='ocrx_word' id='word_1_235' title='bbox 1031 2437 1143 2512; x_wconf 84' lang='lat' dir='ltr'><strong>(lrabuit</strong></span> <span class='ocrx_word' id='word_1_236' title='bbox 1168 2436 1203 2516; x_wconf 80' lang='lat' dir='ltr'><strong>tt)</strong></span> <span class='ocrx_word' id='word_1_237' title='bbox 1264 2435 1303 2497; x_wconf 88' lang='lat'><strong>14</strong></span> <span class='ocrx_word' id='word_1_238' title='bbox 1324 2454 1408 2498; x_wconf 89' lang='lat' dir='ltr'><strong>accc·</strong></span> 
     </span>
     <span class='ocr_line' id='line_1_22' title="bbox 114 2536 1412 2619; baseline -0.001 -20"><span class='ocrx_word' id='word_1_239' title='bbox 114 2539 186 2599; x_wconf 94' lang='lat' dir='ltr'><strong>dant</strong></span> <span class='ocrx_word' id='word_1_240' title='bbox 208 2537 295 2599; x_wconf 85' lang='lat' dir='ltr'><strong>debet</strong></span> <span class='ocrx_word' id='word_1_241' title='bbox 317 2539 366 2617; x_wconf 92' lang='lat' dir='ltr'><strong>qui</strong></span> <span class='ocrx_word' id='word_1_242' title='bbox 389 2539 516 2619; x_wconf 88' lang='lat' dir='ltr'><strong>aliquam</strong></span> <span class='ocrx_word' id='word_1_243' title='bbox 539 2557 604 2599; x_wconf 86' lang='lat' dir='ltr'><strong>rem</strong></span> <span class='ocrx_word' id='word_1_244' title='bbox 627 2539 728 2599; x_wconf 87' lang='lat' dir='ltr'><strong>delinit</strong></span> <span class='ocrx_word' id='word_1_245' title='bbox 794 2536 833 2599; x_wconf 86' lang='grc'><strong>16</strong></span> <span class='ocrx_word' id='word_1_246' title='bbox 855 2540 1000 2619; x_wconf 85' lang='lat' dir='ltr'><strong>seiungat.</strong></span> <span class='ocrx_word' id='word_1_247' title='bbox 1024 2539 1056 2601; x_wconf 93' lang='grc' dir='ltr'>Δ</span> <span class='ocrx_word' id='word_1_248' title='bbox 1078 2539 1140 2601; x_wconf 89' lang='lat' dir='ltr'><strong>Hoc</strong></span> <span class='ocrx_word' id='word_1_249' title='bbox 1163 2546 1260 2601; x_wconf 89' lang='lat' dir='ltr'><strong>autem</strong></span> <span class='ocrx_word' id='word_1_250' title='bbox 1285 2539 1340 2618; x_wconf 78' lang='lat' dir='ltr'><strong>(his</strong></span> <span class='ocrx_word' id='word_1_251' title='bbox 1362 2546 1412 2599; x_wconf 91' lang='lat' dir='ltr'><strong>aut</strong></span> 
     </span>
     <span class='ocr_line' id='line_1_23' title="bbox 113 2637 1409 2722; baseline -0.002 -19"><span class='ocrx_word' id='word_1_252' title='bbox 113 2639 195 2719; x_wconf 87' lang='lat' dir='ltr'><strong>cod.)</strong></span> <span class='ocrx_word' id='word_1_253' title='bbox 222 2642 358 2719; x_wconf 84' lang='lat' dir='ltr'><strong>seiungat</strong></span> <span class='ocrx_word' id='word_1_254' title='bbox 387 2641 457 2722; x_wconf 90' lang='lat' dir='ltr'><strong>quid</strong></span> <span class='ocrx_word' id='word_1_255' title='bbox 486 2641 548 2702; x_wconf 80' lang='lat' dir='ltr'><strong>est?</strong></span> <span class='ocrx_word' id='word_1_256' title='bbox 580 2638 628 2722; x_wconf 78' lang='grc'><strong>111.</strong></span> <span class='ocrx_word' id='word_1_257' title='bbox 656 2637 742 2722; x_wconf 68' lang='lat'>19211</span> <span class='ocrx_word' id='word_1_258' title='bbox 769 2641 900 2721; x_wconf 79' lang='lat' dir='ltr'><strong>Separat.</strong></span> <span class='ocrx_word' id='word_1_259' title='bbox 946 2641 987 2700; x_wconf 90' lang='lat' dir='ltr'><strong>lta</strong></span> <span class='ocrx_word' id='word_1_260' title='bbox 1017 2651 1049 2701; x_wconf 87' lang='lat' dir='ltr'><strong>ut</strong></span> <span class='ocrx_word' id='word_1_261' title='bbox 1075 2643 1159 2719; x_wconf 89' lang='lat' dir='ltr'><strong>prius</strong></span> <span class='ocrx_word' id='word_1_262' title='bbox 1226 2638 1263 2702; x_wconf 80' lang='lat'><strong>17</strong></span> <span class='ocrx_word' id='word_1_263' title='bbox 1287 2649 1331 2702; x_wconf 90' lang='lat' dir='ltr'><strong>est</strong></span> <span class='ocrx_word' id='word_1_264' title='bbox 1353 2639 1409 2701; x_wconf 80' lang='lat' dir='ltr'><strong>om‘.</strong></span> 
     </span>
    </p>
   </div>
   <div class='ocr_carea' id='block_1_3' title="bbox 114 2738 1410 2823">
    <p class='ocr_par' dir='ltr' id='par_1_3' title="bbox 114 2738 1410 2823">
     <span class='ocr_line' id='line_1_24' title="bbox 114 2738 1410 2823; baseline -0.002 -19"><span class='ocrx_word' id='word_1_265' title='bbox 114 2741 280 2804; x_wconf 88' lang='lat' dir='ltr'><strong>obseruans</strong></span> <span class='ocrx_word' id='word_1_266' title='bbox 347 2739 385 2803; x_wconf 87' lang='grc'><strong>18</strong></span> <span class='ocrx_word' id='word_1_267' title='bbox 408 2744 570 2822; x_wconf 87' lang='lat' dir='ltr'><strong>proprium,</strong></span> <span class='ocrx_word' id='word_1_268' title='bbox 594 2758 651 2803; x_wconf 85' lang='lat' dir='ltr'><strong>om.</strong></span> <span class='ocrx_word' id='word_1_269' title='bbox 676 2754 720 2804; x_wconf 82' lang='lat' dir='ltr'><strong>est</strong></span> <span class='ocrx_word' id='word_1_270' title='bbox 784 2738 826 2803; x_wconf 79' lang='lat'><strong>20</strong></span> <span class='ocrx_word' id='word_1_271' title='bbox 848 2742 929 2803; x_wconf 90' lang='lat' dir='ltr'><strong>illum</strong></span> <span class='ocrx_word' id='word_1_272' title='bbox 994 2739 1034 2801; x_wconf 85' lang='lat'><strong>21</strong></span> <span class='ocrx_word' id='word_1_273' title='bbox 1051 2742 1130 2822; x_wconf 89' lang='lat' dir='ltr'><strong>quod</strong></span> <span class='ocrx_word' id='word_1_274' title='bbox 1146 2742 1318 2804; x_wconf 89' lang='lat' dir='ltr'><strong>tantundem</strong></span> <span class='ocrx_word' id='word_1_275' title='bbox 1336 2743 1410 2823; x_wconf 87' lang='lat' dir='ltr'><strong>(tan-</strong></span> 
     </span>
    </p>
   </div>
   <div class='ocr_carea' id='block_1_4' title="bbox 68 2841 1416 4861">
    <p class='ocr_par' dir='ltr' id='par_1_4' title="bbox 114 2841 1411 3129">
     <span class='ocr_line' id='line_1_25' title="bbox 115 2841 1411 2923; baseline -0.002 -18"><span class='ocrx_word' id='word_1_276' title='bbox 115 2845 184 2907; x_wconf 89' lang='lat' dir='ltr'><strong>dem</strong></span> <span class='ocrx_word' id='word_1_277' title='bbox 204 2843 284 2922; x_wconf 88' lang='lat' dir='ltr'><strong>cod.)</strong></span> <span class='ocrx_word' id='word_1_278' title='bbox 308 2843 421 2904; x_wconf 84' lang='lat' dir='ltr'><strong>lromini</strong></span> <span class='ocrx_word' id='word_1_279' title='bbox 444 2845 557 2905; x_wconf 86' lang='lat' dir='ltr'><strong>aceedit</strong></span> <span class='ocrx_word' id='word_1_280' title='bbox 578 2844 657 2904; x_wconf 91' lang='lat' dir='ltr'><strong>unde</strong></span> <span class='ocrx_word' id='word_1_281' title='bbox 680 2853 709 2903; x_wconf 91' lang='lat' dir='ltr'><strong>et</strong></span> <span class='ocrx_word' id='word_1_282' title='bbox 730 2844 824 2904; x_wconf 85' lang='lat' dir='ltr'><strong>audax</strong></span> <span class='ocrx_word' id='word_1_283' title='bbox 889 2841 930 2905; x_wconf 83' lang='lat'><strong>23</strong></span> <span class='ocrx_word' id='word_1_284' title='bbox 955 2852 986 2903; x_wconf 94' lang='lat' dir='ltr'><strong>ut</strong></span> <span class='ocrx_word' id='word_1_285' title='bbox 1013 2853 1083 2920; x_wconf 88' lang='lat' dir='ltr'><strong>puta</strong></span> <span class='ocrx_word' id='word_1_286' title='bbox 1113 2843 1206 2905; x_wconf 87' lang='lat' dir='ltr'><strong>ueluti</strong></span> <span class='ocrx_word' id='word_1_287' title='bbox 1235 2847 1260 2904; x_wconf 93' lang='lat' dir='ltr'><strong>si</strong></span> <span class='ocrx_word' id='word_1_288' title='bbox 1288 2862 1411 2923; x_wconf 87' lang='lat' dir='ltr'><strong>quaeras</strong></span> 
     </span>
     <span class='ocr_line' id='line_1_26' title="bbox 114 2942 1411 3026; baseline -0.001 -19"><span class='ocrx_word' id='word_1_289' title='bbox 114 2944 159 3007; x_wconf 83' lang='lat'><strong>24</strong></span> <span class='ocrx_word' id='word_1_290' title='bbox 180 2947 243 3008; x_wconf 90' lang='lat' dir='ltr'><strong>risu</strong></span> <span class='ocrx_word' id='word_1_291' title='bbox 286 2943 329 3008; x_wconf 83' lang='lat'><strong>25</strong></span> <span class='ocrx_word' id='word_1_292' title='bbox 351 2964 440 3026; x_wconf 86' lang='lat' dir='ltr'><strong>super</strong></span> <span class='ocrx_word' id='word_1_293' title='bbox 463 2954 573 3006; x_wconf 82' lang='lat' dir='ltr'><strong>terrain</strong></span> <span class='ocrx_word' id='word_1_294' title='bbox 595 2953 731 3006; x_wconf 84' lang='lat' dir='ltr'><strong>mouetur</strong></span> <span class='ocrx_word' id='word_1_295' title='bbox 796 2943 836 3005; x_wconf 82' lang='lat'><strong>27</strong></span> <span class='ocrx_word' id='word_1_296' title='bbox 860 2956 909 3005; x_wconf 92' lang='lat' dir='ltr'><strong>aut</strong></span> <span class='ocrx_word' id='word_1_297' title='bbox 932 2944 1090 3005; x_wconf 83' lang='lat' dir='ltr'><strong>cuiuslibet</strong></span> <span class='ocrx_word' id='word_1_298' title='bbox 1118 2948 1160 3005; x_wconf 89' lang='lat' dir='ltr'><strong>rei</strong></span> <span class='ocrx_word' id='word_1_299' title='bbox 1188 2945 1305 3026; x_wconf 92' lang='lat' dir='ltr'><strong>inpulsu</strong></span> <span class='ocrx_word' id='word_1_300' title='bbox 1370 2942 1411 3006; x_wconf 89' lang='grc'><strong>28</strong></span> 
     </span>
     <span class='ocr_line' id='line_1_27' title="bbox 118 3048 268 3129; baseline 0 -20"><span class='ocrx_word' id='word_1_301' title='bbox 118 3057 149 3109; x_wconf 89' lang='lat' dir='ltr'><strong>et</strong></span> <span class='ocrx_word' id='word_1_302' title='bbox 170 3048 268 3129; x_wconf 76' lang='lat' dir='ltr'><strong>angeli</strong></span> 
     </span>
    </p>

    <p class='ocr_par' dir='ltr' id='par_1_5' title="bbox 114 3146 1413 3331">
     <span class='ocr_line' id='line_1_28' title="bbox 200 3146 1413 3231; baseline 0 -21"><span class='ocrx_word' id='word_1_303' title='bbox 200 3169 229 3229; x_wconf 90' lang='lat' dir='ltr'><strong>p.</strong></span> <span class='ocrx_word' id='word_1_304' title='bbox 252 3147 330 3219; x_wconf 80' lang='lat'><strong>318,</strong></span> <span class='ocrx_word' id='word_1_305' title='bbox 363 3150 509 3212; x_wconf 91' lang='lat' dir='ltr'><strong>lrationi</strong></span> <span class='ocrx_word' id='word_1_306' title='bbox 546 3149 684 3210; x_wconf 82' lang='lat' dir='ltr'><strong>ethome</strong></span> <span class='ocrx_word' id='word_1_307' title='bbox 747 3146 817 3211; x_wconf 87' lang='lat' dir='ltr'><strong>3et</strong></span> <span class='ocrx_word' id='word_1_308' title='bbox 840 3148 973 3210; x_wconf 89' lang='lat' dir='ltr'><strong>animalia</strong></span> <span class='ocrx_word' id='word_1_309' title='bbox 1016 3152 1076 3211; x_wconf 91' lang='lat' dir='ltr'><strong>risu</strong></span> <span class='ocrx_word' id='word_1_310' title='bbox 1134 3149 1324 3231; x_wconf 74' lang='lat' dir='ltr'><strong>dseparauit</strong></span> <span class='ocrx_word' id='word_1_311' title='bbox 1344 3150 1413 3227; x_wconf 71' lang='lat' dir='ltr'><strong>(dit</strong></span> 
     </span>
     <span class='ocr_line' id='line_1_29' title="bbox 114 3250 1307 3331; baseline -0.001 -18"><span class='ocrx_word' id='word_1_312' title='bbox 114 3253 193 3331; x_wconf 85' lang='lat' dir='ltr'><strong>eod.)</strong></span> <span class='ocrx_word' id='word_1_313' title='bbox 258 3250 474 3314; x_wconf 86' lang='lat' dir='ltr'><strong>5tantundern</strong></span> <span class='ocrx_word' id='word_1_314' title='bbox 496 3250 610 3312; x_wconf 91' lang='lat' dir='ltr'><strong>homini</strong></span> <span class='ocrx_word' id='word_1_315' title='bbox 656 3268 713 3310; x_wconf 94' lang='lat' dir='ltr'><strong>non</strong></span> <span class='ocrx_word' id='word_1_316' title='bbox 737 3251 802 3312; x_wconf 89' lang='lat' dir='ltr'><strong>aliis</strong></span> <span class='ocrx_word' id='word_1_317' title='bbox 824 3251 992 3313; x_wconf 85' lang='lat' dir='ltr'><strong>rebus&#39;orn.</strong></span> <span class='ocrx_word' id='word_1_318' title='bbox 1039 3257 1067 3311; x_wconf 92' lang='lat' dir='ltr'><strong>et</strong></span> <span class='ocrx_word' id='word_1_319' title='bbox 1090 3270 1147 3313; x_wconf 94' lang='lat' dir='ltr'><strong>non</strong></span> <span class='ocrx_word' id='word_1_320' title='bbox 1171 3251 1226 3313; x_wconf 88' lang='lat' dir='ltr'><strong>alia</strong></span> <span class='ocrx_word' id='word_1_321' title='bbox 1249 3271 1307 3315; x_wconf 88' lang='lat' dir='ltr'><strong>res.</strong></span> 
     </span>
    </p>

    <p class='ocr_par' dir='ltr' id='par_1_6' title="bbox 110 3355 1413 3938">
     <span class='ocr_line' id='line_1_30' title="bbox 201 3355 1412 3434; baseline 0.001 -20"><span class='ocrx_word' id='word_1_322' title='bbox 201 3355 268 3414; x_wconf 87' lang='lat' dir='ltr'><strong>lem</strong></span> <span class='ocrx_word' id='word_1_323' title='bbox 290 3357 355 3415; x_wconf 82' lang='lat' dir='ltr'><strong>eius</strong></span> <span class='ocrx_word' id='word_1_324' title='bbox 376 3357 523 3431; x_wconf 77' lang='lat' dir='ltr'><strong>excerpti,</strong></span> <span class='ocrx_word' id='word_1_325' title='bbox 546 3356 629 3430; x_wconf 84' lang='lat' dir='ltr'><strong>quod</strong></span> <span class='ocrx_word' id='word_1_326' title='bbox 646 3372 678 3429; x_wconf 87' lang='lat' dir='ltr'><strong>p.</strong></span> <span class='ocrx_word' id='word_1_327' title='bbox 696 3362 762 3429; x_wconf 75' lang='lat' dir='ltr'><strong>tta,</strong></span> <span class='ocrx_word' id='word_1_328' title='bbox 784 3362 882 3414; x_wconf 79' lang='lat' dir='ltr'><strong>t—to</strong></span> <span class='ocrx_word' id='word_1_329' title='bbox 903 3359 1090 3431; x_wconf 82' lang='lat' dir='ltr'><strong>propositum</strong></span> <span class='ocrx_word' id='word_1_330' title='bbox 1111 3364 1165 3434; x_wconf 86' lang='lat' dir='ltr'><strong>est,</strong></span> <span class='ocrx_word' id='word_1_331' title='bbox 1183 3360 1275 3433; x_wconf 80' lang='lat' dir='ltr'><strong>prior</strong></span> <span class='ocrx_word' id='word_1_332' title='bbox 1294 3357 1412 3431; x_wconf 84' lang='lat' dir='ltr'><strong>quidem</strong></span> 
     </span>
     <span class='ocr_line' id='line_1_31' title="bbox 110 3455 1413 3534; baseline 0.002 -19"><span class='ocrx_word' id='word_1_333' title='bbox 110 3471 192 3533; x_wconf 80' lang='lat' dir='ltr'><strong>pere</strong></span> <span class='ocrx_word' id='word_1_334' title='bbox 212 3473 280 3517; x_wconf 79' lang='lat' dir='ltr'><strong>crem</strong></span> <span class='ocrx_word' id='word_1_335' title='bbox 302 3459 370 3517; x_wconf 88' lang='lat' dir='ltr'><strong>cod.</strong></span> <span class='ocrx_word' id='word_1_336' title='bbox 396 3456 489 3517; x_wconf 85' lang='lat' dir='ltr'><strong>Bern.</strong></span> <span class='ocrx_word' id='word_1_337' title='bbox 513 3459 558 3516; x_wconf 85' lang='lat' dir='ltr'><strong>ite</strong></span> <span class='ocrx_word' id='word_1_338' title='bbox 580 3455 732 3533; x_wconf 72' lang='lat' dir='ltr'><strong>eonpmit,</strong></span> <span class='ocrx_word' id='word_1_339' title='bbox 755 3465 788 3517; x_wconf 84' lang='lat' dir='ltr'><strong>ut</strong></span> <span class='ocrx_word' id='word_1_340' title='bbox 809 3458 1014 3518; x_wconf 81' lang='lat' dir='ltr'><strong>tantummodo</strong></span> <span class='ocrx_word' id='word_1_341' title='bbox 1037 3476 1066 3517; x_wconf 88' lang='lat' dir='ltr'><strong>u.</strong></span> <span class='ocrx_word' id='word_1_342' title='bbox 1086 3465 1119 3517; x_wconf 88' lang='lat'><strong>11</strong></span> <span class='ocrx_word' id='word_1_343' title='bbox 1137 3477 1198 3534; x_wconf 87' lang='lat' dir='ltr'><strong>pro</strong></span> <span class='ocrx_word' id='word_1_344' title='bbox 1212 3459 1274 3518; x_wconf 80' lang='lat' dir='ltr'><strong>itis:</strong></span> <span class='ocrx_word' id='word_1_345' title='bbox 1297 3459 1347 3517; x_wconf 84' lang='lat' dir='ltr'><strong>‘de</strong></span> <span class='ocrx_word' id='word_1_346' title='bbox 1360 3474 1413 3518; x_wconf 85' lang='lat' dir='ltr'><strong>suo</strong></span> 
     </span>
     <span class='ocr_line' id='line_1_32' title="bbox 116 3557 1410 3636; baseline -0.001 -18"><span class='ocrx_word' id='word_1_347' title='bbox 116 3559 249 3630; x_wconf 78' lang='lat' dir='ltr'><strong>artifieio</strong></span> <span class='ocrx_word' id='word_1_348' title='bbox 270 3560 395 3631; x_wconf 69' lang='lat' dir='ltr'><strong>iadipet’</strong></span> <span class='ocrx_word' id='word_1_349' title='bbox 419 3557 483 3619; x_wconf 80' lang='lat' dir='ltr'><strong>illic</strong></span> <span class='ocrx_word' id='word_1_350' title='bbox 504 3560 673 3619; x_wconf 82' lang='lat' dir='ltr'><strong>scribetur:</strong></span> <span class='ocrx_word' id='word_1_351' title='bbox 695 3560 823 3633; x_wconf 73' lang='lat' dir='ltr'><strong>‘tardipet</strong></span> <span class='ocrx_word' id='word_1_352' title='bbox 839 3557 1051 3635; x_wconf 80' lang='lat' dir='ltr'><strong>perfectiouis,</strong></span> <span class='ocrx_word' id='word_1_353' title='bbox 1074 3562 1144 3620; x_wconf 78' lang='lat' dir='ltr'><strong>drea</strong></span> <span class='ocrx_word' id='word_1_354' title='bbox 1161 3577 1221 3636; x_wconf 85' lang='lat' dir='ltr'><strong>per</strong></span> <span class='ocrx_word' id='word_1_355' title='bbox 1235 3577 1267 3620; x_wconf 88' lang='lat' dir='ltr'><strong>se</strong></span> <span class='ocrx_word' id='word_1_356' title='bbox 1281 3567 1410 3619; x_wconf 86' lang='lat' dir='ltr'><strong>natura-</strong></span> 
     </span>
     <span class='ocr_line' id='line_1_33' title="bbox 115 3661 1412 3738; baseline 0.001 -20"><span class='ocrx_word' id='word_1_357' title='bbox 115 3661 187 3719; x_wconf 81' lang='lat' dir='ltr'><strong>liter</strong></span> <span class='ocrx_word' id='word_1_358' title='bbox 206 3661 328 3735; x_wconf 82' lang='lat' dir='ltr'><strong>plenum</strong></span> <span class='ocrx_word' id='word_1_359' title='bbox 350 3663 417 3719; x_wconf 86' lang='lat' dir='ltr'><strong>est&#39;.</strong></span> <span class='ocrx_word' id='word_1_360' title='bbox 449 3662 558 3720; x_wconf 82' lang='lat' dir='ltr'><strong>Cetera</strong></span> <span class='ocrx_word' id='word_1_361' title='bbox 580 3677 651 3721; x_wconf 75' lang='lat' dir='ltr'><strong>atero</strong></span> <span class='ocrx_word' id='word_1_362' title='bbox 672 3668 733 3720; x_wconf 90' lang='lat' dir='ltr'><strong>toto</strong></span> <span class='ocrx_word' id='word_1_363' title='bbox 754 3663 840 3721; x_wconf 85' lang='lat' dir='ltr'><strong>caelo</strong></span> <span class='ocrx_word' id='word_1_364' title='bbox 862 3662 986 3722; x_wconf 80' lang='lat' dir='ltr'><strong>diuersa</strong></span> <span class='ocrx_word' id='word_1_365' title='bbox 1006 3670 1085 3735; x_wconf 81' lang='lat' dir='ltr'><strong>sunt,</strong></span> <span class='ocrx_word' id='word_1_366' title='bbox 1110 3679 1291 3737; x_wconf 83' lang='lat' dir='ltr'><strong>quemquem</strong></span> <span class='ocrx_word' id='word_1_367' title='bbox 1309 3664 1412 3738; x_wconf 84' lang='lat' dir='ltr'><strong>primu</strong></span> 
     </span>
     <span class='ocr_line' id='line_1_34' title="bbox 112 3763 1412 3839; baseline 0 -18"><span class='ocrx_word' id='word_1_368' title='bbox 112 3763 266 3835; x_wconf 75' lang='lat' dir='ltr'><strong>&#39;sequentes</strong></span> <span class='ocrx_word' id='word_1_369' title='bbox 287 3765 453 3822; x_wconf 76' lang='lat' dir='ltr'><strong>sententiae</strong></span> <span class='ocrx_word' id='word_1_370' title='bbox 474 3764 624 3823; x_wconf 83' lang='lat' dir='ltr'><strong>uocabulo</strong></span> <span class='ocrx_word' id='word_1_371' title='bbox 646 3763 751 3822; x_wconf 87' lang='lat' dir='ltr'><strong>eudem</strong></span> <span class='ocrx_word' id='word_1_372' title='bbox 773 3764 928 3837; x_wconf 80' lang='lat' dir='ltr'><strong>utrobique</strong></span> <span class='ocrx_word' id='word_1_373' title='bbox 949 3773 1036 3824; x_wconf 81' lang='lat' dir='ltr'><strong>sunt:</strong></span> <span class='ocrx_word' id='word_1_374' title='bbox 1065 3764 1136 3824; x_wconf 74' lang='lat' dir='ltr'><strong>‘iram</strong></span> <span class='ocrx_word' id='word_1_375' title='bbox 1159 3766 1186 3823; x_wconf 81' lang='lat' dir='ltr'><strong>si</strong></span> <span class='ocrx_word' id='word_1_376' title='bbox 1206 3766 1317 3824; x_wconf 78' lang='lat' dir='ltr'><strong>dixere</strong></span> <span class='ocrx_word' id='word_1_377' title='bbox 1334 3780 1412 3839; x_wconf 87' lang='lat' dir='ltr'><strong>per-</strong></span> 
     </span>
     <span class='ocr_line' id='line_1_35' title="bbox 118 3861 1184 3938; baseline 0.003 -17"><span class='ocrx_word' id='word_1_378' title='bbox 118 3861 253 3938; x_wconf 74' lang='lat' dir='ltr'><strong>seettor’.</strong></span> <span class='ocrx_word' id='word_1_379' title='bbox 300 3864 402 3924; x_wconf 82' lang='lat' dir='ltr'><strong>Codex</strong></span> <span class='ocrx_word' id='word_1_380' title='bbox 423 3867 503 3924; x_wconf 82' lang='lat' dir='ltr'><strong>enim</strong></span> <span class='ocrx_word' id='word_1_381' title='bbox 527 3865 689 3924; x_wconf 81' lang='lat' dir='ltr'><strong>Bernensis</strong></span> <span class='ocrx_word' id='word_1_382' title='bbox 710 3865 787 3925; x_wconf 81' lang='lat' dir='ltr'><strong>haec</strong></span> <span class='ocrx_word' id='word_1_383' title='bbox 808 3865 931 3925; x_wconf 78' lang='lat' dir='ltr'><strong>nebiade</strong></span> <span class='ocrx_word' id='word_1_384' title='bbox 953 3867 1042 3926; x_wconf 83' lang='lat' dir='ltr'><strong>addit</strong></span> <span class='ocrx_word' id='word_1_385' title='bbox 1060 3865 1088 3938; x_wconf 77' lang='lat' dir='ltr'><strong>l.</strong></span> <span class='ocrx_word' id='word_1_386' title='bbox 1113 3863 1184 3924; x_wconf 74' lang='lat'><strong>20⁶:</strong></span> 
     </span>
    </p>

    <p class='ocr_par' dir='ltr' id='par_1_7' title="bbox 118 3964 1413 4149">
     <span class='ocr_line' id='line_1_36' title="bbox 207 3964 1412 4046; baseline 0.003 -23"><span class='ocrx_word' id='word_1_387' title='bbox 207 3964 439 4042; x_wconf 77' lang='lat' dir='ltr'><strong>perfectissimus</strong></span> <span class='ocrx_word' id='word_1_388' title='bbox 462 3974 580 4043; x_wconf 87' lang='lat' dir='ltr'><strong>accepta</strong></span> <span class='ocrx_word' id='word_1_389' title='bbox 604 3967 814 4044; x_wconf 85' lang='lat' dir='ltr'><strong>conparatione</strong></span> <span class='ocrx_word' id='word_1_390' title='bbox 837 3969 942 4046; x_wconf 90' lang='lat' dir='ltr'><strong>incipit</strong></span> <span class='ocrx_word' id='word_1_391' title='bbox 969 3985 1034 4027; x_wconf 89' lang='lat' dir='ltr'><strong>esse</strong></span> <span class='ocrx_word' id='word_1_392' title='bbox 1056 3984 1116 4027; x_wconf 91' lang='lat' dir='ltr'><strong>non</strong></span> <span class='ocrx_word' id='word_1_393' title='bbox 1138 3965 1270 4044; x_wconf 88' lang='lat' dir='ltr'><strong>plenum.</strong></span> <span class='ocrx_word' id='word_1_394' title='bbox 1316 3965 1412 4037; x_wconf 79' lang='lat' dir='ltr'><strong>Quali·</strong></span> 
     </span>
     <span class='ocr_line' id='line_1_37' title="bbox 118 4065 1413 4149; baseline 0.001 -22"><span class='ocrx_word' id='word_1_395' title='bbox 118 4074 208 4127; x_wconf 90' lang='lat' dir='ltr'><strong>tatem</strong></span> <span class='ocrx_word' id='word_1_396' title='bbox 224 4074 256 4126; x_wconf 90' lang='lat' dir='ltr'><strong>ut</strong></span> <span class='ocrx_word' id='word_1_397' title='bbox 271 4065 368 4127; x_wconf 86' lang='lat' dir='ltr'><strong>bonus</strong></span> <span class='ocrx_word' id='word_1_398' title='bbox 391 4066 494 4127; x_wconf 88' lang='lat' dir='ltr'><strong>malus.</strong></span> <span class='ocrx_word' id='word_1_399' title='bbox 541 4066 671 4138; x_wconf 77' lang='lat' dir='ltr'><strong>Qualitas</strong></span> <span class='ocrx_word' id='word_1_400' title='bbox 694 4086 784 4145; x_wconf 85' lang='lat' dir='ltr'><strong>quare</strong></span> <span class='ocrx_word' id='word_1_401' title='bbox 808 4069 905 4129; x_wconf 83' lang='lat' dir='ltr'><strong>dicta?</strong></span> <span class='ocrx_word' id='word_1_402' title='bbox 935 4069 1008 4139; x_wconf 85' lang='lat' dir='ltr'><strong>Ouia</strong></span> <span class='ocrx_word' id='word_1_403' title='bbox 1029 4085 1161 4146; x_wconf 86' lang='lat' dir='ltr'><strong>peream</strong></span> <span class='ocrx_word' id='word_1_404' title='bbox 1177 4066 1413 4149; x_wconf 85' lang='lat' dir='ltr'><strong>qualisquisque</strong></span> 
     </span>
    </p>

    <p class='ocr_par' dir='ltr' id='par_1_8' title="bbox 119 4167 1189 4250">
     <span class='ocr_line' id='line_1_38' title="bbox 119 4167 1189 4250; baseline 0.002 -23"><span class='ocrx_word' id='word_1_405' title='bbox 119 4169 157 4228; x_wconf 88' lang='lat' dir='ltr'><strong>sit</strong></span> <span class='ocrx_word' id='word_1_406' title='bbox 178 4168 355 4235; x_wconf 87' lang='lat' dir='ltr'><strong>ostenditur,</strong></span> <span class='ocrx_word' id='word_1_407' title='bbox 380 4180 410 4229; x_wconf 94' lang='lat' dir='ltr'><strong>ut</strong></span> <span class='ocrx_word' id='word_1_408' title='bbox 432 4168 529 4228; x_wconf 83' lang='lat' dir='ltr'><strong>bonus</strong></span> <span class='ocrx_word' id='word_1_409' title='bbox 552 4167 654 4230; x_wconf 89' lang='lat' dir='ltr'><strong>malus.</strong></span> <span class='ocrx_word' id='word_1_410' title='bbox 701 4170 758 4231; x_wconf 81' lang='lat' dir='ltr'><strong>Vae</strong></span> <span class='ocrx_word' id='word_1_411' title='bbox 780 4170 849 4231; x_wconf 89' lang='lat' dir='ltr'><strong>inde</strong></span> <span class='ocrx_word' id='word_1_412' title='bbox 870 4171 1109 4250; x_wconf 88' lang='lat' dir='ltr'><strong>conparationem</strong></span> <span class='ocrx_word' id='word_1_413' title='bbox 1132 4179 1189 4231; x_wconf 90' lang='lat' dir='ltr'><strong>etc.</strong></span> 
     </span>
    </p>

    <p class='ocr_par' dir='ltr' id='par_1_9' title="bbox 68 4266 1416 4861">
     <span class='ocr_line' id='line_1_39' title="bbox 68 4266 1414 4352; baseline 0.002 -22"><span class='ocrx_word' id='word_1_414' title='bbox 68 4272 73 4279; x_wconf 89' lang='lat'>&#39;</span> <span class='ocrx_word' id='word_1_415' title='bbox 202 4287 234 4348; x_wconf 92' lang='lat' dir='ltr'><strong>p.</strong></span> <span class='ocrx_word' id='word_1_416' title='bbox 256 4266 336 4340; x_wconf 87' lang='lat'><strong>318,</strong></span> <span class='ocrx_word' id='word_1_417' title='bbox 368 4268 406 4331; x_wconf 78' lang='lat'><strong>18</strong></span> <span class='ocrx_word' id='word_1_418' title='bbox 433 4271 567 4331; x_wconf 88' lang='lat' dir='ltr'><strong>oriantur</strong></span> <span class='ocrx_word' id='word_1_419' title='bbox 651 4268 695 4332; x_wconf 89' lang='grc'><strong>20</strong></span> <span class='ocrx_word' id='word_1_420' title='bbox 723 4271 868 4332; x_wconf 83' lang='lat' dir='ltr'><strong>debentur</strong></span> <span class='ocrx_word' id='word_1_421' title='bbox 953 4270 992 4333; x_wconf 91' lang='grc'><strong>21</strong></span> <span class='ocrx_word' id='word_1_422' title='bbox 1023 4290 1097 4350; x_wconf 90' lang='lat' dir='ltr'><strong>quae</strong></span> <span class='ocrx_word' id='word_1_423' title='bbox 1124 4290 1178 4333; x_wconf 91' lang='lat' dir='ltr'><strong>nec</strong></span> <span class='ocrx_word' id='word_1_424' title='bbox 1207 4275 1331 4352; x_wconf 82' lang='lat' dir='ltr'><strong>gignunt</strong></span> <span class='ocrx_word' id='word_1_425' title='bbox 1358 4292 1414 4334; x_wconf 92' lang='lat' dir='ltr'><strong>nec</strong></span> 
     </span>
     <span class='ocr_line' id='line_1_40' title="bbox 119 4369 1413 4451; baseline 0.004 -20"><span class='ocrx_word' id='word_1_426' title='bbox 119 4373 279 4451; x_wconf 79' lang='lat' dir='ltr'><strong>gignuntur</strong></span> <span class='ocrx_word' id='word_1_427' title='bbox 308 4391 364 4433; x_wconf 86' lang='lat' dir='ltr'><strong>om.</strong></span> <span class='ocrx_word' id='word_1_428' title='bbox 436 4369 478 4432; x_wconf 89' lang='grc'><strong>22</strong></span> <span class='ocrx_word' id='word_1_429' title='bbox 512 4392 570 4432; x_wconf 91' lang='lat' dir='ltr'><strong>non</strong></span> <span class='ocrx_word' id='word_1_430' title='bbox 606 4377 737 4451; x_wconf 70' lang='lat' dir='ltr'><strong>proprie.</strong></span> <span class='ocrx_word' id='word_1_431' title='bbox 787 4373 886 4443; x_wconf 80' lang='lat' dir='ltr'><strong>Quae?</strong></span> <span class='ocrx_word' id='word_1_432' title='bbox 925 4384 1062 4434; x_wconf 87' lang='lat' dir='ltr'><strong>neutrum</strong></span> <span class='ocrx_word' id='word_1_433' title='bbox 1091 4384 1120 4434; x_wconf 89' lang='lat' dir='ltr'><strong>et</strong></span> <span class='ocrx_word' id='word_1_434' title='bbox 1147 4392 1282 4436; x_wconf 87' lang='lat' dir='ltr'><strong>cornone.</strong></span> <span class='ocrx_word' id='word_1_435' title='bbox 1333 4375 1413 4447; x_wconf 80' lang='lat' dir='ltr'><strong>Quae</strong></span> 
     </span>
     <span class='ocr_line' id='line_1_41' title="bbox 118 4471 1415 4556; baseline 0.002 -22"><span class='ocrx_word' id='word_1_436' title='bbox 118 4483 188 4535; x_wconf 87' lang='lat' dir='ltr'><strong>sunt</strong></span> <span class='ocrx_word' id='word_1_437' title='bbox 216 4474 390 4553; x_wconf 86' lang='lat' dir='ltr'><strong>principalia</strong></span> <span class='ocrx_word' id='word_1_438' title='bbox 417 4493 527 4551; x_wconf 78' lang='lat' dir='ltr'><strong>genera</strong></span> <span class='ocrx_word' id='word_1_439' title='bbox 591 4471 632 4536; x_wconf 88' lang='grc'><strong>23</strong></span> <span class='ocrx_word' id='word_1_440' title='bbox 662 4476 758 4545; x_wconf 79' lang='lat' dir='ltr'><strong>Quare</strong></span> <span class='ocrx_word' id='word_1_441' title='bbox 787 4476 864 4535; x_wconf 90' lang='lat' dir='ltr'><strong>dieta</strong></span> <span class='ocrx_word' id='word_1_442' title='bbox 893 4476 1083 4555; x_wconf 74' lang='lat' dir='ltr'><strong>principalia?</strong></span> <span class='ocrx_word' id='word_1_443' title='bbox 1118 4479 1184 4556; x_wconf 91' lang='lat' dir='ltr'><strong>quia</strong></span> <span class='ocrx_word' id='word_1_444' title='bbox 1219 4484 1357 4538; x_wconf 89' lang='lat' dir='ltr'><strong>neutrum</strong></span> <span class='ocrx_word' id='word_1_445' title='bbox 1385 4486 1415 4537; x_wconf 88' lang='lat' dir='ltr'><strong>et</strong></span> 
     </span>
     <span class='ocr_line' id='line_1_42' title="bbox 119 4575 1415 4654; baseline 0.002 -17"><span class='ocrx_word' id='word_1_446' title='bbox 119 4592 248 4637; x_wconf 87' lang='lat' dir='ltr'><strong>comune</strong></span> <span class='ocrx_word' id='word_1_447' title='bbox 270 4575 306 4636; x_wconf 87' lang='lat' dir='ltr'><strong>de</strong></span> <span class='ocrx_word' id='word_1_448' title='bbox 329 4585 456 4653; x_wconf 85' lang='lat' dir='ltr'><strong>utroque</strong></span> <span class='ocrx_word' id='word_1_449' title='bbox 480 4585 651 4638; x_wconf 87' lang='lat' dir='ltr'><strong>nascuntur.</strong></span> <span class='ocrx_word' id='word_1_450' title='bbox 696 4576 767 4637; x_wconf 87' lang='lat' dir='ltr'><strong>Tota</strong></span> <span class='ocrx_word' id='word_1_451' title='bbox 791 4595 899 4654; x_wconf 79' lang='lat' dir='ltr'><strong>genera</strong></span> <span class='ocrx_word' id='word_1_452' title='bbox 922 4587 989 4646; x_wconf 80' lang='lat' dir='ltr'><strong>etc,</strong></span> <span class='ocrx_word' id='word_1_453' title='bbox 1012 4583 1120 4639; x_wconf 64' lang='lat' dir='ltr'><strong>ceteris</strong></span> <span class='ocrx_word' id='word_1_454' title='bbox 1139 4583 1251 4640; x_wconf 83' lang='lat' dir='ltr'><strong>omissis</strong></span> <span class='ocrx_word' id='word_1_455' title='bbox 1307 4575 1349 4639; x_wconf 85' lang='grc'><strong>26</strong></span> <span class='ocrx_word' id='word_1_456' title='bbox 1365 4590 1415 4639; x_wconf 90' lang='lat' dir='ltr'><strong>aut</strong></span> 
     </span>
     <span class='ocr_line' id='line_1_43' title="bbox 120 4675 1415 4747; baseline 0.002 -10"><span class='ocrx_word' id='word_1_457' title='bbox 120 4686 189 4738; x_wconf 84' lang='lat' dir='ltr'><strong>surrt</strong></span> <span class='ocrx_word' id='word_1_458' title='bbox 276 4675 316 4738; x_wconf 81' lang='grc'><strong>27</strong></span> <span class='ocrx_word' id='word_1_459' title='bbox 347 4679 421 4738; x_wconf 90' lang='lat' dir='ltr'><strong>Sunt</strong></span> <span class='ocrx_word' id='word_1_460' title='bbox 450 4679 608 4747; x_wconf 87' lang='lat' dir='ltr'><strong>naturalia,</strong></span> <span class='ocrx_word' id='word_1_461' title='bbox 638 4688 707 4739; x_wconf 89' lang='lat' dir='ltr'><strong>sunt</strong></span> <span class='ocrx_word' id='word_1_462' title='bbox 736 4699 769 4739; x_wconf 85' lang='lat' dir='ltr'><strong>ex</strong></span> <span class='ocrx_word' id='word_1_463' title='bbox 799 4689 863 4739; x_wconf 88' lang='lat' dir='ltr'><strong>arte</strong></span> <span class='ocrx_word' id='word_1_464' title='bbox 892 4679 1099 4741; x_wconf 87' lang='lat' dir='ltr'><strong>descendentia</strong></span> <span class='ocrx_word' id='word_1_465' title='bbox 1123 4698 1178 4741; x_wconf 87' lang='lat' dir='ltr'><strong>om.</strong></span> <span class='ocrx_word' id='word_1_466' title='bbox 1267 4677 1309 4741; x_wconf 91' lang='grc'><strong>28</strong></span> <span class='ocrx_word' id='word_1_467' title='bbox 1332 4682 1415 4740; x_wconf 90' lang='lat' dir='ltr'><strong>euius</strong></span> 
     </span>
     <span class='ocr_line' id='line_1_44' title="bbox 122 4781 1416 4861; baseline 0.002 -20"><span class='ocrx_word' id='word_1_468' title='bbox 122 4788 274 4848; x_wconf 86' lang='lat' dir='ltr'><strong>naturam,</strong></span> <span class='ocrx_word' id='word_1_469' title='bbox 311 4783 419 4857; x_wconf 82' lang='lat' dir='ltr'><strong>optime</strong></span> <span class='ocrx_word' id='word_1_470' title='bbox 448 4782 614 4860; x_wconf 77' lang='lat' dir='ltr'><strong>(personam</strong></span> <span class='ocrx_word' id='word_1_471' title='bbox 644 4784 782 4844; x_wconf 82' lang='lat' dir='ltr'><strong>Iulianus</strong></span> <span class='ocrx_word' id='word_1_472' title='bbox 811 4782 914 4861; x_wconf 77' lang='lat' dir='ltr'><strong>Keilii)</strong></span> <span class='ocrx_word' id='word_1_473' title='bbox 944 4793 976 4841; x_wconf 91' lang='lat' dir='ltr'><strong>ut</strong></span> <span class='ocrx_word' id='word_1_474' title='bbox 1004 4781 1151 4844; x_wconf 88' lang='lat' dir='ltr'><strong>masculus</strong></span> <span class='ocrx_word' id='word_1_475' title='bbox 1179 4783 1302 4855; x_wconf 85' lang='lat' dir='ltr'><strong>lemine,</strong></span> <span class='ocrx_word' id='word_1_476' title='bbox 1331 4784 1416 4844; x_wconf 79' lang='lat' dir='ltr'><strong>dead</strong></span> 
     </span>
    </p>
   </div>
   <div class='ocr_carea' id='block_1_5' title="bbox 0 0 1724 5378">
    <p class='ocr_par' dir='ltr' id='par_1_10' title="bbox 0 0 1724 5378">
     <span class='ocr_line' id='line_1_45' title="bbox 0 0 1724 5378; baseline 0 0"><span class='ocrx_word' id='word_1_477' title='bbox 0 0 1724 5378; x_wconf 95' lang='lat' dir='ltr'><strong> </strong></span> 
     </span>
    </p>
   </div>
  </div>
 </body>
</html>
