3420 5378
172 266 235 330 232
567 266 803 319 conuuurvu
821 265 1066 320 mnamnunsu

172 463 306 518 rantur
335 463 454 517 autent
491 457 637 516 uomina
676 473 764 534 quae
801 463 863 516 aut
898 453 1117 534 qualitatem
1153 455 1378 535 significant
1414 464 1477 518 aut

173 558 439 635 quantitatem,
469 560 488 618 i.
513 558 609 618 omnia
638 559 773 627 nomina,
803 576 878 637 quae
907 563 1135 637 comparantur,
1163 563 1214 618 aut
1243 558 1395 636 qualitatis
1423 566 1478 619 aut

173 660 344 738 quantitatis
372 666 456 728 sunt,
471 659 537 724 ‚sed
561 677 620 720 non
643 661 756 728 omnia,
785 678 861 739 quae
891 658 1064 736 qualitatem
1086 668 1137 719 aut
1159 661 1358 736 quantitatem
1381 641 1476 739 silni-

174 764 275 831 ficant‚
293 767 514 840 comparantur.
545 752 618 820 Nam
635 764 766 822 ‘caecus'
783 763 931 823 ‘mancus’
947 768 976 821 et
990 761 1177 840 perlectus,
1193 778 1261 821 cum
1276 763 1339 824 sint
1352 762 1476 823 nomina

174 862 322 941 qualitatis
351 861 398 923 uel
426 861 606 932 accidentia,
635 864 756 924 minime
779 869 998 942 comparantur.
1043 861 1230 923 ‘Perfectus’
1259 863 1340 923 enim
1364 861 1501 925 dicituro

174 963 240 1034 ille,
264 967 313 1024 cui
335 962 407 1025 nihil
430 962 522 1026 deest.
567 964 597 1025 Si
621 982 692 1042 ergo
715 972 905 1044 comparetur
927 972 957 1023 et
979 964 1093 1025 dicatur
1121 964 1294 1044 ‘perfectior
1316 963 1477 1043 perlectis·

73 1067 289 1136 aar,1osimus',
319 1066 397 1145 perit
423 1065 506 1142 prior
534 1066 720 1144 significatio.
765 1065 834 1126 Per
867 1083 993 1125 omnes
1023 1064 1171 1143 gradus.
1223 1063 1346 1126 Duobus
1379 1065 1477 1127 modis

177 1168 297 1228 nomina
320 1167 350 1227 in
374 1169 595 1246 comparatione
623 1166 776 1237 deficiunt,
805 1169 825 1227 i.
848 1174 899 1227 aut
921 1166 1096 1238 litteratura,
1121 1163 1244 1250 ll152ll
1268 1173 1302 1228 ut
1322 1167 1404 1246 piior
1425 1174 1479 1229 aut

175 1287 280 1338 sensu,
303 1275 335 1328 ut
358 1267 526 1332 mediocris.
575 1268 645 1329 ldeo
674 1276 773 1330 autem
802 1287 856 1351 per
884 1286 987 1329 omnes
1014 1267 1123 1346 gradus
1151 1286 1210 1329 non
1238 1274 1364 1338 exeunt,
1396 1270 1476 1347 quia,

177 1369 340 1447 sicutipse
364 1368 493 1429 ltouatus
516 1370 545 1429 in
568 1371 762 1449 sequentibus
784 1372 870 1440 dicit,
899 1370 1043 1448 quaedam
1065 1377 1149 1440 sunt,
1178 1387 1256 1448 quae
1284 1376 1401 1431 tantum
1424 1368 1513 1431 lia-u

177 1471 249 1531 bent
271 1472 446 1549 positiuum,
479 1481 511 1531 ut
534 1471 706 1539 mediocris,
737 1472 792 1532 alia
817 1473 979 1550 positiuum
1002 1479 1031 1532 et
1053 1473 1303 1550 comparatiuum,
1328 1478 1365 1531 ut
1385 1489 1478 1532 senex

179 1573 288 1639 senior,
312 1571 420 1651 quibus
442 1571 525 1632 deest
548 1572 764 1649 superlatiuus,
788 1573 842 1635 alia
866 1575 1025 1652 positiunm
1050 1579 1079 1633 et
1101 1570 1331 1652 superlatiuum,
1357 1574 1479 1652 utplus

178 1673 343 1753 piissimus,
378 1672 485 1748 quibus
518 1674 602 1734 deest
635 1675 864 1752 comparatiuus.
924 1672 1147 1752 Aliquando,
1186 1675 1211 1734 i.
1241 1692 1478 1754 nonnumquam.

178 1775 372 1835 Positiuus
398 1773 536 1851 gradus
559 1783 699 1835 tanturn
727 1777 939 1844 inuenitur,
963 1776 981 1834 i.
1005 1777 1070 1836 siue
1094 1775 1297 1855 comparatiuo
1320 1783 1352 1836 et
1374 1794 1479 1856 super·

178 1875 277 1937 latino.
306 1878 366 1936 ·vt
399 1874 619 1936 mediocris.
662 1876 695 1935 lu
727 1876 783 1937 troc
811 1877 945 1951 nomine,
981 1875 1059 1954 quod
1089 1884 1135 1937 est
1162 1875 1337 1946 mediocris,
1373 1894 1514 1939 sensusu

180 1978 370 2046 contradicit,
404 1996 442 2038 ne
470 1975 579 2039 haheat
607 1979 840 2057 cotnparatiuunr
864 1985 894 2038 et
921 1976 1146 2058 superlatiuum.
1191 1978 1377 2040 ‘Mediocris’
1399 1980 1478 2039 enim

179 2079 288 2139 dicitur
318 2081 412 2139 iustus
441 2086 637 2157 temperatus,
672 2080 737 2139 siue
767 2079 845 2157 quod
875 2079 1005 2140 medium
1033 2077 1131 2140 locum
1160 2085 1275 2147 teneat,
1305 2079 1372 2139 siue
1399 2079 1480 2159 quod

181 2179 329 2240 modicum
346 2181 363 2238 i.
381 2180 564 2241 moderatum
588 2179 698 2258 aliquid
721 2180 763 2241 illi
785 2181 920 2244 sufficiat.
951 2181 1030 2258 Ergo
1045 2169 1249 2241 ‘'mediocrior’
1273 2196 1335 2239 non
1358 2178 1479 2254 dicitur,

79 2290 214 2354 on,rout
236 2298 295 2340 non
319 2279 433 2340 desinat
456 2299 519 2341 esso
542 2281 712 2343 mediocris.
757 2282 967 2363 Aliquando
1002 2281 1195 2361 positiuus
1223 2288 1258 2340 et
1287 2298 1481 2360 compara-

179 2384 295 2450 tiuus,
325 2382 476 2442 inuenitur·
503 2384 568 2442 sine
591 2383 788 2463 superlatiuo,
817 2392 855 2444 ut
882 2401 995 2444 senex
1024 2384 1162 2443 senior.
1208 2382 1305 2442 Senex
1329 2381 1444 2444 dieitur
1464 2403 1515 2445 ato

181 2483 376 2543 diminutione
399 2500 504 2543 sensus
527 2491 555 2543 et
578 2483 643 2561 plus
665 2486 809 2563 signifieat
833 2486 979 2564 positiuus
1001 2486 1087 2545 istius
1111 2484 1251 2552 nominis,
1284 2501 1376 2561 quam
1398 2503 1482 2547 eoru·

180 2586 347 2664 paratiuus,
371 2585 439 2663 quia
463 2585 586 2646 ‘senior’
608 2585 717 2647 dicitur
739 2588 790 2664 qui
812 2588 888 2647 intra
912 2592 1097 2647 senectutem
1120 2592 1173 2655 est,
1191 2588 1308 2646 ‘senex’
1332 2605 1408 2648 uero
1432 2588 1482 2665 qui

79 2708 128 2756 an,
141 2709 165 2748 n
181 2685 216 2746 ad
239 2684 372 2747 ultimam
395 2689 453 2747 iam
476 2688 612 2766 peruenit
641 2694 776 2749 aetatem.
823 2686 1031 2765 Aliquando
1058 2687 1252 2766 positiuus
1280 2695 1318 2749 et
1346 2708 1481 2769 super·

180 2787 337 2857 latiuus,
366 2788 531 2857 inuenitur,
562 2795 600 2848 ut
626 2789 710 2868 pius
738 2790 944 2868 piissimus.
989 2788 1060 2849 Pius
1087 2787 1196 2849 dicitur
1225 2786 1402 2865 religiosus,
1434 2791 1485 2868 qui

181 2888 313 2948 diuinum
337 2887 449 2949 cultum
472 2889 610 2968 religiose
633 2889 831 2957 administrat,
856 2897 990 2950 econtra
1014 2908 1085 2951 uero
1108 2891 1217 2971 impius
1238 2890 1349 2951 dicitur
1381 2890 1519 2952 incoli-u

181 2992 292 3067 giosus.
342 2988 407 3049 Non
441 2989 530 3051 habet
561 2998 659 3051 autem
694 2989 750 3051 hoc
783 3010 890 3052 nornen
925 2993 1161 3072 eomparatiuum
1196 3008 1284 3051 causa
1318 2989 1436 3065 hiatus,
1466 2992 1501 3053 i.‘

182 3095 305 3168 propter
333 3091 453 3150 nimiam
481 3093 542 3151 ocis
568 3094 762 3171 apertionem.
807 3092 920 3152 Elatia
945 3094 1079 3163 nomina,
1110 3112 1185 3173 quae
1208 3093 1237 3152 in
1261 3093 1307 3152 ius
1330 3091 1485 3162 desinunt,

183 3210 242 3251 non
258 3190 371 3251 iaciunt
385 3194 618 3270 cornparatiuum
642 3193 781 3270 gradum,
806 3202 837 3253 ut
860 3195 986 3254 exintius
1009 3213 1067 3254 non
1090 3194 1161 3255 lacit
1182 3194 1335 3254 ‘eximior’
1359 3201 1487 3273 propter

183 3291 382 3372 supradictam
410 3312 535 3354 oausam.
586 3294 668 3354 Nam
698 3313 764 3372 pro
793 3294 955 3355 secundo
984 3294 1114 3372 gradu,
1143 3297 1163 3356 i.
1187 3312 1242 3374 pro
1264 3297 1485 3374 comparatiuo.

82 3395 297 3472 ara‚eelllagis
320 3393 536 3455 aduerbium
559 3397 744 3473 ponimus,
769 3414 837 3457 cum
860 3397 1000 3475 positiuo.
1045 3399 1088 3458 Vt
1111 3398 1227 3474 magis
1249 3397 1342 3476 pius.
1382 3393 1521 3465 Quen-oo

183 3505 244 3558 tum
268 3495 389 3565 ualeret,
412 3497 436 3555 si
453 3495 620 3557 diceremus
643 3497 754 3575 ‘pilor’,
778 3504 891 3558 tantum
916 3497 1003 3567 ualet,
1027 3515 1094 3558 cum
1118 3498 1243 3558 dicimus
1265 3499 1376 3574 ‘magis
1391 3499 1484 3577 pius'.

183 3596 393 3676 Aliquando
424 3599 703 3674 comparatiuus
727 3609 761 3659 et
783 3600 1058 3678 superlatiuus,
1089 3619 1112 3660 ε.
1137 3600 1289 3660 inuenitur
1312 3599 1380 3659 siue
1402 3600 1485 3677 posi·

82 3700 254 3769 amiatiuo.
300 3698 341 3757 Vt
365 3697 527 3758 ulterior
556 3697 714 3759 ultimus
739 3695 871 3779 l1153!l.
918 3699 997 3760 Haeo
1019 3701 1078 3761 ‹luo
1102 3718 1160 3760 non
1184 3698 1295 3760 hahent
1316 3701 1484 3779 positiuuur

84 3779 92 3800 ⁹
184 3801 317 3878 gradum.
364 3799 436 3859 Nam
460 3798 552 3868 ultra,
575 3818 590 3858 a
614 3818 673 3880 quo
696 3802 751 3861 ista
774 3802 915 3869 ueniunt,
946 3809 977 3861 ut
1000 3800 1328 3870 Priscianusdieit,
1355 3820 1415 3863 nou
1440 3814 1487 3862 est

184 3921 309 3969 nornen,
337 3900 388 3962 sed
418 3899 592 3961 aduerltiurn
622 3899 678 3961 loci
708 3900 756 3962 uel
784 3893 972 3980 praepositio
1024 3902 1235 3980 Aliquando
1271 3902 1521 3982 superlati-35

185 4022 251 4063 uus
279 4012 435 4070 tanturn,
466 4023 488 4062 s.
514 4003 666 4063 inuenitur
694 4003 758 4062 siue
786 4004 912 4081 positiuo
936 4012 966 4063 et
988 4005 1200 4084 oonrparatiuu.
1245 4004 1285 4064 Vt
1314 4006 1486 4065 nouissi-

190 4122 278 4164 mus.
322 4104 505 4164 Nouissimus
527 4104 664 4163 ordinem
687 4105 872 4181 significati.
898 4104 1044 4169 ultimum.
1086 4106 1233 4176 Quantum
1257 4124 1330 4182 ergo
1354 4105 1392 4165 ad
1415 4124 1485 4166 sen·

185 4223 249 4265 sum
272 4207 414 4285 pertinet,
439 4205 537 4266 deficit
558 4207 588 4265 in
612 4207 739 4284 positiuo
756 4213 784 4266 et
800 4208 1009 4284 comparatiuo‚
1033 4209 1100 4285 qnia
1124 4208 1232 4268 ‘nouus
1255 4208 1378 4267 nouior’
1403 4204 1485 4268 aliud

254 4529 270 4577 8
288 4525 365 4594 pilor]
386 4528 418 4577 Ia
436 4544 527 4592 worp:
547 4529 595 4577 nisi
615 4529 681 4593 pilot·
699 4527 839 4577 diceremus
858 4528 983 4577 absonum
1002 4538 1070 4579 esset
1082 4539 1106 4577 et
1118 4529 1194 4577 nimio
1208 4529 1258 4577 oris
1271 4529 1373 4592 apertio
1392 4528 1490 4579 luisset

187 4611 244 4644 rum
263 4610 357 4660 magno
376 4596 446 4645 hiatu
517 4598 547 4647 15
567 4594 916 4661 utmediorris11amorpn
942 4614 1046 4647 ...rsus
1065 4611 1115 4646 non
1135 4596 1257 4662 permittit
1275 4606 1303 4643 nt
1321 4590 1489 4661 [eomeare

188 4674 228 4711 tur
246 4663 381 4714 mediocris
404 4661 499 4729 [ue]1·bi
519 4665 600 4727 gratia
619 4679 729 4728 magnus
748 4673 787 4712 est
809 4681 886 4715 ....e
899 4664 976 4714 homo
990 4665 1072 4715 maior
1088 4680 1165 4714 ....e
1182 4665 1230 4713 iste
1242 4661 1383 4714 mediocris
1455 4667 1491 4715 20

188 4731 365 4809 udminqtione¹
430 4733 463 4782 34
480 4728 639 4798 Priscianus]
662 4731 676 4780 I
691 4749 718 4796 p.
737 4733 782 4794 83,
800 4734 817 4781 8
