3420 5378
208 303 268 351 xvi
625 286 674 339 or.
694 253 815 340 morus
834 287 1092 341 iiuouousmvs.

204 466 436 553 (luorum’puoe
457 480 488 537 iu
509 479 634 538 sinistra
650 485 745 554 parte
766 480 917 551 lepuutur,
948 479 1123 538 hexametri
1148 480 1295 556 dactylici
1314 499 1377 540 esse
1399 484 1502 541 uideu—

204 588 256 640 tur
283 596 379 654 oeque
405 596 465 638 uon
493 581 620 639 alterius
646 582 753 638 luteris
777 596 855 654 pars
875 583 1033 655 superior:
1062 586 1167 641 cetera
1195 584 1319 641 norniuo
1348 587 1503 643 octonario

204 682 361 741 trochaico
382 680 590 755 comprehendi
610 681 741 753 diceres,
765 682 793 738 si
813 681 891 740 illud
912 682 993 755 ‘que'
1018 684 1143 742 deesset.
1187 683 1267 742 Nam
1285 687 1423 759 pedestri
1442 703 1503 743 ser-

124 786 128 793 '
203 799 291 842 moue
312 783 367 841 illa
389 783 512 841 uomina
534 783 710 840 oiumerari
728 781 797 839 ideo
819 782 916 840 minoas
937 783 1062 857 credas,
1093 786 1167 858 quia
1189 801 1249 843 nou
1272 787 1374 844 eodem
1398 789 1504 844 ordine

203 886 234 943 iu
261 886 327 960 ipso
352 882 433 942 libro
459 884 576 957 scripta
605 889 683 940 sunt.
737 882 846 941 Versus
873 885 953 958 ipsos
980 886 1061 943 male
1087 889 1260 961 conpositos
1286 904 1349 945 esse
1376 906 1435 946 noo
1459 897 1502 945 est

203 986 286 1060 quod
305 1001 452 1045 moneam.

287 1088 324 1146 F.
343 1093 360 1145 2
381 1083 454 1156 ets.
471 1091 503 1152 3,
525 1101 605 1159 quae
626 1086 670 1143 ad
691 1086 883 1163 deperditam
904 1087 1019 1146 codicis
1034 1095 1157 1163 partem
1175 1091 1363 1170 pertinuisse
1383 1094 1502 1148 rrrrroeri

204 1196 264 1248 lbi
286 1194 316 1248 et
339 1193 397 1245 257
418 1188 586 1262 antiquitus
607 1188 709 1246 additi
729 1193 915 1261 coarpuuul,
939 1188 1092 1248 diuersum
1115 1193 1236 1250 omuino
1258 1193 1408 1263 areliquo
1431 1193 1503 1249 libri

203 1291 307 1350 habitu
332 1291 533 1363 prammalico
561 1297 772 1363 arpumentum
793 1305 876 1364 prae
903 1305 936 1347 se
958 1287 1083 1360 seruum
1112 1308 1183 1350 horu
1202 1291 1231 1364 f.
1259 1301 1293 1350 2³
1323 1293 1361 1350 de
1382 1294 1500 1365 loquela

203 1393 368 1466 dipitorum
391 1392 496 1464 apitur
517 1392 655 1450 mutilato
677 1392 716 1449 ab
738 1391 825 1449 initio
848 1397 982 1449 tractatu
1004 1393 1064 1450 sic:

290 1492 358 1552 lena
382 1491 507 1568 digitum
529 1490 685 1552 inflectens
707 1493 738 1551 in
761 1489 892 1551 medium
914 1489 1030 1568 palmos
1052 1499 1150 1550 ortum
1178 1492 1297 1569 iunges,
1328 1512 1395 1553 oum
1425 1495 1500 1554 dicis

203 1595 276 1663 buo,
300 1593 465 1653 secundum
487 1612 503 1653 a
526 1593 650 1652 minimo
672 1592 780 1654 flexum
803 1591 915 1651 ibidem
937 1594 1064 1670 inpones
1084 1624 1127 1635 -
1145 1588 1175 1661 s.
1193 1589 1231 1648 2¹³
1253 1595 1345 1652 med:
1372 1597 1498 1654 eundem

203 1713 280 1775 pene
309 1695 426 1754 numeri
454 1693 602 1772 figuranti
631 1710 719 1771 quem
740 1691 900 1781 ‚scribendi
928 1690 1078 1771 alphabeti
1101 1690 1239 1751 ordinem
1262 1703 1422 1768 sequentes
1445 1695 1501 1753 hon

204 1796 302 1856 modo.

286 1897 438 1959 Secuntur
470 1900 593 1958 diuersa
624 1898 804 1973 alphabeta,
839 1913 930 1957 uuum
963 1898 1111 1957 Graecum
1143 1878 1362 1972 suprascriptis
1394 1898 1502 1971 obium

200 2003 334 2061 numeris
355 2000 515 2068 Romanis,
538 2002 666 2059 oltermn
689 2000 871 2059 Hebraicum
892 2001 1109 2075 suprascriptis
1125 1999 1297 2058 litterarum
1320 2000 1497 2070 nominibus,

201 2104 265 2161 alia
295 2101 406 2161 deiude
433 2102 496 2160 tria
523 2101 574 2159 uel
599 2106 742 2174 quattuor
770 2100 897 2159 Gothico
926 2100 970 2160 ad
994 2107 1143 2160 secretam
1171 2101 1327 2160 scribendi
1352 2103 1499 2159 rationem

202 2204 451 2279 adcommodata,
479 2218 556 2276 quas
577 2219 673 2261 runos
694 2207 823 2273 uocant,
854 2201 961 2275 ouibus
982 2202 1142 2261 subiuncta
1164 2209 1232 2262 umt
1253 2203 1423 2262 litterarum
1447 2219 1499 2260 no·

203 2306 286 2364 mina
307 2306 429 2380 mystice
449 2305 589 2364 sonantia
611 2303 704 2363 haec:

287 2403 353 2465 ach.
376 2403 457 2464 bero.
482 2403 569 2464 chen.
592 2403 651 2464 dei.
675 2403 760 2480 egoh.
782 2404 861 2481 sego.
890 2402 977 2482 gobo.
1006 2401 1101 2463 Iioorl.
1124 2403 1181 2463 ish.
1205 2402 1303 2464 kaiod.
1327 2402 1397 2463 Into.
1421 2421 1499 2463 sirau.

203 2516 261 2569 net.
283 2525 327 2567 os.
350 2525 416 2584 per.
440 2504 548 2584 quello.
572 2512 627 2564 ret.
651 2504 720 2565 sini.
744 2507 775 2565 ti.
800 2522 846 2565 ur.
870 2503 939 2564 noh.
963 2503 1017 2563 uis.
1042 2521 1103 2566 ear.

286 2607 488 2680 Postremus.
516 2604 554 2666 2b
583 2608 651 2667 loco
678 2608 764 2666 aliud
791 2606 983 2683 alphabetum
1009 2607 1155 2681 scriptum
1182 2614 1238 2675 est,
1267 2608 1350 2681 quod
1377 2609 1501 2667 Aethico

198 2710 379 2784 philosopho
405 2708 626 2783 cosmoprapho
653 2709 759 2769 tribuit
786 2708 952 2768 IIrahauus
979 2708 1124 2776 Maurus,
1153 2709 1197 2767 ita
1227 2715 1260 2766 ut
1288 2715 1358 2783 post
1383 2712 1499 2781 siprurm

201 2799 354 2887 quodlibet
376 2811 496 2869 litterae
521 2811 666 2886 aeriusque
693 2825 800 2870 nomeu
821 2811 967 2885 scriptum
994 2811 1048 2888 sit,
1078 2826 1156 2885 quae
1182 2810 1300 2883 quidem
1328 2812 1499 2870 litterarum

200 2916 323 2974 uomina
343 2915 388 2972 ita
408 2926 441 2971 se
461 2911 588 2972 habeut:

287 3013 404 3074 alomoi.
429 3011 530 3072 boone.
555 3014 635 3075 caiti.
658 3012 759 3073 deiioi.
783 3015 865 3074 ei'oti.
889 3014 962 3073 fuiti.
984 3015 1098 3093 garpoi
1116 3013 1244 3074 huconi.
1263 3010 1377 3073 intoiat.
1396 3012 1429 3072 h.
1444 3059 1450 3072 .
1465 3060 1493 3073 ..

203 3114 314 3176 Iethmi.
338 3112 470 3175 molathi.
494 3111 645 3175 nabeleth.
669 3113 754 3173 oithI.
777 3112 911 3191 pithirin.
935 3115 1099 3189 quorizotb.
1116 3113 1288 3175 sebonius
1296 3159 1389 3172 .....
1411 3112 1499 3171 totbi·

204 3233 275 3276 oros.
299 3218 405 3277 uzoiot.
430 3215 532 3276 elhmi.
556 3215 646 3294 yofiti.
669 3212 867 3294 zothiohio.*)

285 3320 383 3394 Atque
408 3319 496 3380 huius
525 3318 684 3404 alphabeti
707 3318 804 3391 siquis
830 3333 901 3376 usus
927 3324 972 3375 est
994 3319 1127 3392 scriptor
1145 3316 1174 3388 f.
1200 3311 1253 3372 3²1⁶
1280 3316 1324 3374 ad
1345 3317 1422 3375 artis
1444 3318 1498 3375 uli-

200 3422 286 3480 cuius
306 3422 425 3481 titulum
447 3419 674 3492 coufieieudm
688 3416 737 3496 **)

269 3669 299 3738 *)
318 3671 417 3722 Similin
434 3683 461 3723 et
478 3673 553 3738 signo
571 3680 595 3720 et
614 3671 718 3720 nomino
735 3670 815 3721 habeo
834 3673 859 3720 in
878 3671 989 3720 Iirobooi
1012 3670 1093 3718 hiouri
1116 3669 1222 3719 obbatis
1245 3671 1378 3722 FuIdeusis
1403 3672 1496 3730 libello,

200 3741 245 3803 qui
262 3751 302 3789 est
319 3741 363 3790 ‘de
379 3742 528 3790 inuenbone
545 3739 689 3805 liuguorum
707 3748 733 3788 ct
749 3739 817 3788 notio
835 3739 971 3804 antiquio’,
989 3737 1022 3792 ci.
1040 3737 1154 3788 Goldosti
1174 3739 1395 3789 Ainnrounicurum
1414 3756 1497 3789 rerum

201 3818 263 3858 tom.
282 3808 304 3857 ΙΙ
342 3807 562 3873 .92(a.1ooo).

251 3872 298 3938 ”I
316 3823 390 3926 §otis
409 3877 514 3926 secretis
532 3877 582 3924 ium
601 3876 721 3937 anitiquoo
745 3874 876 3924 Romanos
900 3888 962 3923 usos
984 3889 1042 3923 esse
1064 3887 1096 3922 ex
1118 3874 1286 3925 celeberrimis
1308 3876 1358 3925 iliis
1382 3874 1497 3924 Suetonii

200 3943 263 3993 Iocis
282 3945 459 4009 cognoscitur,
484 3944 577 4005 quibus
595 3943 627 3993 do
646 3942 762 3992 Caesaris
786 3940 858 4007 (cop.
878 3940 950 4006 LVI)
972 3952 997 3991 et
1018 3942 1129 4007 Augusti
1147 3941 1216 4007 (cop.
1233 3942 1405 4003 LXXXVIII)
1428 3959 1498 3991 ruore

200 4012 266 4076 egit,
285 4010 319 4066 ci.
337 4010 399 4061 GeII.
418 4010 491 4060 xvu
509 4014 533 4062 9.
569 4011 633 4059 IIioc
650 4011 806 4076 explicatur,
825 4011 895 4073 quod
913 4011 938 4058 in
956 4010 1013 4059 cod.
1033 4008 1187 4060 Einsidiensi
1204 4012 1267 4073 326,
1292 4013 1335 4073 qui
1360 4022 1433 4059 iiotos
1451 4011 1497 4058 I'a-

199 4081 292 4144 pianes
310 4080 430 4142 contiuet,
448 4076 616 4128 INCIPIVNT
634 4077 745 4128 NOTAE
764 4076 845 4128 IVLII
864 4075 1026 4126 CAESARIS
1045 4079 1247 4143 suprascriptum
1267 4091 1314 4127 est.
1339 4077 1496 4140 Qiiomqnom

202 4150 249 4196 hoe
267 4148 351 4212 ipsum
371 4147 543 4196 Mommsenus
562 4146 634 4196 aliter
652 4149 833 4212 interpretatus
852 4158 905 4206 ost,
929 4147 973 4208 qui
996 4144 1075 4194 IVLII
1098 4144 1261 4195 CAESARIS
1286 4161 1318 4195 ex
1341 4147 1408 4196 noris
1427 4148 1446 4196 I.
1468 4146 1496 4196 C.

201 4215 275 4276 (iuris
292 4214 387 4277 ciuilis)
406 4215 472 4264 mole
489 4214 622 4264 inteliecbs
641 4214 726 4264 fictum
746 4231 802 4265 esse
820 4214 924 4276 diceret,
942 4213 1053 4263 Grumm.
1071 4213 1126 4263 Lat.
1145 4215 1179 4262 IV
1197 4230 1224 4279 p.
1241 4216 1300 4265 315.
1337 4213 1410 4264 Certo
1426 4215 1490 4263 Hro-

201 4283 282 4332 banus
300 4282 404 4332 Maurus
422 4282 454 4333 de
472 4285 531 4348 ipso
549 4282 612 4332 Iulio
632 4284 740 4333 ersore
757 4282 890 4348 cogitauit,
909 4295 967 4329 oum
984 4281 1000 4330 I.
1019 4281 1035 4331 Ι.
1053 4297 1080 4346 p.
1099 4284 1131 4333 92
1151 4283 1291 4347 propositio
1315 4281 1411 4344 aliquot
1430 4284 1480 4331 nob

200 4351 263 4401 Isaeo
280 4351 463 4416 subiungebat:
487 4351 651 4400 ‘istiusmodi
669 4367 751 4416 genus
769 4350 951 4414 descriptionis
968 4348 1071 4399 «Notos
1089 4348 1229 4400 Caesario»
1247 4350 1402 4415 appellatur,
1427 4365 1474 4411 quc

199 4434 257 4467 eom
280 4419 384 4479 litteris,
407 4434 473 4481 quae
495 4421 601 4481 antiqua
622 4433 713 4468 manns
737 4419 892 4485 appellatur,
917 4416 1060 4483 perficitur’
1083 4427 1130 4468 etc.
1167 4416 1253 4479 Neque
1276 4431 1358 4467 tomen
1378 4428 1475 4466 noturus

158 4545 160 4549 ¹
201 4487 343 4552 specImIno
365 4502 431 4550 quoe
452 4486 485 4537 nd
511 4502 587 4536 uriom
611 4501 698 4536 omnes
717 4489 782 4537 inter
799 4487 941 4552 Popiuuos,
961 4501 1026 4548 quius
1046 4498 1150 4547 uocum,
1174 4485 1292 4550 leguntur
1310 4502 1341 4534 ex
1360 4488 1417 4550 ipso
1437 4500 1476 4533 cor

203 4554 357 4604 IIInsidIensi
383 4556 487 4621 petiuit,
515 4555 561 4604 sed
588 4570 620 4602 ox
647 4554 712 4604 libro
741 4555 781 4604 uel
803 4554 920 4603 Parisino
945 4554 988 4616 (ei.
1009 4554 1161 4608 Mommsen,
1180 4553 1195 4602 I.
1216 4553 1231 4601 I.
1251 4570 1277 4619 p.
1296 4554 1357 4613 315)
1380 4554 1418 4601 uei
1441 4555 1468 4601 ei

200 4622 344 4681 siuiiIIimo‚
364 4623 435 4687 quod
452 4623 559 4673 conlutis
578 4624 643 4672 inter
661 4640 689 4671 so
707 4625 775 4672 irotis
794 4623 903 4687 singulis
921 4623 1062 4671 certissImo
1081 4622 1214 4671 euincitur.

268 4690 316 4739 Per
342 4692 419 4740 medii
446 4706 507 4741 onero
534 4691 591 4740 oriri
618 4701 732 4756 temporo
759 4705 852 4740 nonmn
881 4691 1009 4752 (uniondum
1036 4690 1176 4740 sententias
1199 4704 1259 4738 suos
1279 4689 1408 4754 operiendi
1429 4705 1443 4736 u

201 4759 312 4824 ingressi
334 4760 516 4809 coerrobiornm
539 4759 636 4807 incoioe
657 4759 796 4808 litterurnm
820 4759 955 4824 oiphobeto
978 4759 1012 4807 ito
1038 4759 1183 4818 utebantur,
1207 4768 1233 4806 ut
1256 4759 1442 4807 corisounntiun
