3420 5378
201 313 304 363 CCLVI
604 300 654 351 DE
673 297 823 351 ISIDORO
843 298 1094 352 GRAMMATICO.

201 506 286 558 num,
315 495 347 548 ut
376 485 504 548 ‘amandi
535 485 660 546 amando
688 486 845 548 amandum
874 495 1003 549 amatum
1032 495 1154 553 amatu’.
1182 492 1212 545 et
1238 485 1305 546 ideo
1328 485 1497 547 Phoenices

202 589 341 651 dixerunt
363 588 424 650 xli.

286 792 299 877 ll
316 794 336 856 l.
352 791 393 854 9¹¹
410 791 421 874 ΙΙ
445 793 480 853 Vt
507 792 678 854 Isidorus
705 793 792 854 dicit:
821 791 992 870 Cognomen
1020 795 1103 869 quasi
1133 791 1267 855 naturale
1297 810 1406 854 nomen
1437 803 1495 859 est:

200 896 238 957 ab
269 896 390 956 inlantia
419 896 498 955 enim
528 894 635 972 aliquis
663 897 772 974 accipit
793 893 880 962 illud,
911 894 1004 973 quod,
1034 896 1059 954 si
1083 894 1147 954 aliis
1168 893 1328 974 speciebus
1350 897 1495 965 caruerit,

200 1015 359 1078 numquam
383 1004 483 1058 tamen
507 998 685 1074 cognomine
708 995 830 1057 carebit
1506 1010 1519 1049 s

286 1197 300 1283 ll
316 1201 336 1265 l.
355 1197 413 1261 10⁸
429 1197 441 1281 ΙΙ
457 1198 534 1271 Quot
556 1198 653 1261 modis
676 1201 822 1280 accipitur
844 1201 1009 1279 agnomen?
1053 1200 1164 1262 Tribus
1193 1202 1304 1270 modis,
1334 1201 1372 1262 ab
1395 1203 1497 1263 auimo

200 1322 216 1364 a
240 1320 365 1382 corpore
389 1304 583 1372 extrinsecus,
607 1300 726 1364 additur
748 1304 832 1381 quasi
854 1301 1003 1385 accidens.
1042 1301 1076 1363 Vt
1098 1301 1267 1364 Isidorus
1289 1303 1374 1364 dicit:
1397 1305 1496 1383 Agno-

200 1422 269 1466 men
303 1423 377 1465 uero
411 1404 495 1482 quasi
522 1403 662 1465 accidens
696 1421 820 1472 nomen,
853 1412 885 1463 ut
914 1401 1084 1473 ‘Creticus’,
1120 1407 1189 1484 quia
1218 1404 1334 1465 Cretam
1363 1404 1493 1484 subegit.

200 1505 311 1568 Tribus
339 1524 410 1567 uero
439 1504 657 1587 principalibus
686 1504 781 1566 modis
804 1506 961 1583 recipitur,
985 1504 1022 1565 alr
1048 1507 1165 1575 animo,
1190 1514 1222 1567 nt
1245 1505 1395 1567 ‘Achates’
1418 1506 1495 1568 idest

203 1610 422 1688 magnanimum
444 1628 460 1670 a
482 1626 625 1687 corpore,
649 1616 681 1668 ut
696 1606 861 1669 ‘Excelsus’
884 1616 934 1669 aut
950 1606 1101 1677 ‘Arduus’,
1123 1606 1200 1668 idest
1221 1607 1354 1680 †ciclos;
1379 1610 1493 1669 extrin-
1509 1622 1531 1659 ¹⁰

206 1730 292 1798 secus
315 1719 347 1772 ut
369 1711 482 1772 ‘lliues’
506 1710 656 1790 ‘Pauper’.

285 1912 300 1999 ll
316 1917 335 1978 l.
355 1912 413 1977 12⁸
429 1914 440 1999 ΙΙ
457 1915 636 1985 Sciendum,
659 1923 759 1976 utrum
782 1916 902 1975 nomina
926 1921 1140 1994 conparantur,
1165 1931 1201 1973 an
1225 1922 1395 1984 creaturae,
1419 1933 1495 1995 quae

199 2019 440 2080 demonstrantur
463 2036 516 2096 per
539 2017 677 2079 nomina?
714 2017 785 2077 Siue
801 2016 891 2077 dubio
906 2024 1059 2077 creaturae
1077 2023 1275 2094 conparantur
1290 2034 1345 2096 per
1361 2018 1493 2094 nomina,

200 2131 231 2182 ut
252 2120 424 2182 isidorus
453 2119 539 2180 dicit:
570 2104 747 2199 Conparatio
769 2126 815 2179 est
837 2137 943 2185 nomen
967 2119 1075 2178 mentis
1096 2119 1287 2196 conparautis
1308 2102 1496 2198 praecellens

200 2225 230 2282 iu
254 2225 413 2292 creaturis,
437 2240 492 2282 nec
514 2223 651 2291 nomina,
674 2220 726 2282 sed
749 2228 901 2282 creaturas
923 2238 977 2299 per
999 2222 1119 2280 nomina
1141 2236 1349 2300 couparamus.
1505 2231 1530 2272 ¹⁶

285 2423 298 2509 ss
314 2426 333 2488 l.
353 2421 440 2509 12⁶1]
462 2424 564 2486 Vtrum
586 2432 786 2505 conparantur
808 2426 908 2485 omnia
932 2425 1052 2486 nomina
1079 2423 1226 2504 qualitatis
1249 2432 1279 2486 et
1300 2426 1497 2506 quantitatis?

199 2519 278 2600 Non,
301 2535 334 2590 ut
355 2528 526 2590 Isidorus
549 2527 630 2588 dicit:
654 2527 718 2589 Nou
741 2527 839 2587 omnia
863 2528 982 2589 uomina
1005 2525 1155 2606 qualitatis
1177 2535 1206 2587 et
1228 2528 1400 2606 quantitatis
1422 2546 1494 2590 cuu-

200 2638 352 2712 parantur,
376 2631 427 2691 sed
452 2648 526 2710 quae
549 2635 761 2708 conparantur,
785 2625 956 2705 qualitatem
979 2636 1029 2688 aut
1050 2628 1243 2709 quantitatem
1267 2630 1444 2707 significant.

284 2832 333 2917 lli.
352 2832 438 2918 15⁸1}
459 2833 542 2895 Vnde
570 2842 600 2896 et
628 2851 714 2895 casus
741 2853 758 2893 a
786 2831 918 2894 cadendo
951 2832 1105 2901 dicuntur,
1141 2840 1172 2893 ut
1201 2833 1370 2895 isidorus
1403 2832 1491 2896 dicit:

199 2935 289 2997 Casus
320 2936 407 2997 llexio
440 2955 493 3016 per
523 2936 623 2997 uarias
649 2934 805 3014 qualitates
834 2932 1004 2995 nominandi
1032 2935 1166 3014 corporis
1193 2933 1241 2995 uel
1270 2937 1330 3005 rei,
1367 2934 1447 2997 unde
1475 2944 1530 2997 ι’)

199 3038 333 3100 cadendo
361 3056 446 3100 casus
473 3037 543 3099 dicti
570 3045 654 3109 suut,
690 3035 737 3099 uel
767 3034 844 3115 quod
873 3035 1104 3118 unumquodque
1132 3056 1238 3098 nomen
1267 3037 1346 3099 eadit
1373 3036 1410 3098 de
1438 3056 1493 3099 suo

198 3148 278 3201 statu
302 3143 333 3201 in
356 3141 482 3202 alterum
506 3147 629 3209 statum,
653 3139 745 3200 ueluti
769 3146 815 3199 est
837 3139 953 3200 ‘doctus
975 3137 1077 3200 docti'.

267 3380 280 3429 1
304 3336 369 3428 allelu
421 3374 957 3444 plreuiees]cs.eod.Bern.123s.7¹³:
994 3374 1060 3436 Quid
1082 3375 1141 3426 lecit
1162 3376 1303 3427 Donatus
1321 3377 1354 3427 de
1371 3388 1493 3440 quattuor

198 3448 314 3515 partibus
332 3461 396 3510 ques
415 3446 566 3495 addiderant
583 3444 719 3510 phenices?
755 3443 895 3493 Articulum
914 3445 1012 3494 iuncxit
1028 3445 1186 3510 pronomini,
1205 3445 1265 3508 quia
1283 3460 1422 3510 pronomen
1442 3458 1491 3505 est,

198 3515 387 3582 inpersoualem
406 3515 503 3563 iuncxit
520 3514 611 3570 uerbo,
634 3513 695 3574 quia
712 3522 795 3562 actum
819 3511 965 3576 significant
987 3513 1160 3578 inpersouulia
1180 3513 1270 3569 uerba,
1295 3513 1449 3563 influitiuum
1468 3524 1493 3565 et

198 3576 305 3650 gerendi
321 3584 427 3633 modum
447 3582 503 3631 ideo
522 3580 599 3630 uerbo
618 3579 727 3638 iuncxit,
746 3579 816 3642 quod
828 3580 953 3629 actionem
972 3591 997 3629 et
1013 3581 1161 3646 passionem
1180 3581 1274 3631 liabent
1291 3592 1316 3630 et
1333 3592 1450 3647 tempore
1468 3594 1493 3632 et

199 3687 290 3736 modos
376 3686 522 3745 uunquam
591 3681 668 3744 equi
686 3692 779 3731 cretam
858 3684 891 3732 10
908 3679 1094 3747 magrratniudus
1154 3651 1270 3733 &leneus
1288 3690 1326 3731 'ut
1388 3684 1421 3733 14
1438 3685 1492 3748 isy-

198 3750 289 3820 dorus]
310 3753 393 3803 Extat
411 3755 437 3801 in
454 3757 512 3801 arte
529 3767 654 3814 anonyma
672 3749 800 3801 Beruensi
816 3752 874 3801 eod.
894 3753 954 3812 123,
973 3767 999 3815 p.
1019 3754 1064 3814 td,
1083 3753 1199 3856 ignoratio
1218 3753 1307 3802 aaddito
1325 3753 1423 3802 nominc

199 3872 403 3950 praecellentiam
420 3887 466 3921 ors
483 3886 608 3937 anonyma
678 3871 710 3918 19
727 3868 847 3933 ispdorus
916 3862 1348 3935 eoeosuaneuo,eorr.m.'11
1415 3871 1449 3920 21
1467 3882 1492 3920 et

197 3940 434 4003 qunumqucdque
519 3970 522 3975 -

283 4111 340 4171 His
361 4112 460 4170 oddus
481 4108 560 4171 artis
581 4105 751 4186 anonymae
773 4107 938 4170 Beruenses
958 4111 1038 4170 locos
1059 4111 1175 4184 aliquot
1190 4126 1224 4184 p.
1242 4115 1290 4186 82,
1307 4116 1342 4178 2,·
1365 4114 1416 4179 86,
1434 4116 1492 4179 27,·

201 4221 269 4289 140,
296 4220 345 4274 24.
