<?xml version="1.0" encoding="UTF-8"?>
<!DOCTYPE html PUBLIC "-//W3C//DTD XHTML 1.0 Transitional//EN"
    "http://www.w3.org/TR/xhtml1/DTD/xhtml1-transitional.dtd">
<html xmlns="http://www.w3.org/1999/xhtml" xml:lang="en" lang="en">
 <head>
  <title>
</title>
<meta http-equiv="Content-Type" content="text/html;charset=utf-8" />
  <meta name='ocr-system' content='tesseract 3.04.00' />
  <meta name='ocr-capabilities' content='ocr_page ocr_carea ocr_par ocr_line ocrx_word'/>
</head>
<body>
  <div class='ocr_page' id='page_1' title='image "./grammaticilatin04keilgoog/grammaticilatin04keilgoog_0083.png"; bbox 0 0 3466 5422; ppageno 0'>
   <div class='ocr_carea' id='block_1_1' title="bbox 310 324 1195 385">
    <p class='ocr_par' dir='ltr' id='par_1_1' title="bbox 310 324 1195 385">
     <span class='ocr_line' id='line_1_1' title="bbox 310 324 1195 385; baseline -0.012 0"><span class='ocrx_word' id='word_1_1' title='bbox 310 338 433 385; x_wconf 78' lang='lat' dir='ltr'>Lxxxu</span> <span class='ocrx_word' id='word_1_2' title='bbox 720 324 787 377; x_wconf 76' lang='lat' dir='ltr'><em>Ans</em></span> <span class='ocrx_word' id='word_1_3' title='bbox 805 325 936 376; x_wconf 71' lang='lat' dir='ltr'><em>asennt</em></span> <span class='ocrx_word' id='word_1_4' title='bbox 955 324 1195 378; x_wconf 81' lang='lat' dir='ltr'><strong>GRAMMATICI.</strong></span> 
     </span>
    </p>
   </div>
   <div class='ocr_carea' id='block_1_2' title="bbox 292 510 1605 4864">
    <p class='ocr_par' dir='ltr' id='par_1_2' title="bbox 292 510 1605 4256">
     <span class='ocr_line' id='line_1_2' title="bbox 309 510 1605 592; baseline 0.003 -21"><span class='ocrx_word' id='word_1_5' title='bbox 309 513 396 571; x_wconf 71' lang='lat' dir='ltr'><em>‘Item</em></span> <span class='ocrx_word' id='word_1_6' title='bbox 418 510 525 587; x_wconf 83' lang='lat' dir='ltr'><em>atiqna</em></span> <span class='ocrx_word' id='word_1_7' title='bbox 547 513 586 571; x_wconf 86' lang='lat' dir='ltr'><em>de</em></span> <span class='ocrx_word' id='word_1_8' title='bbox 608 512 737 573; x_wconf 88' lang='lat' dir='ltr'><em>nornine.</em></span> <span class='ocrx_word' id='word_1_9' title='bbox 785 514 893 574; x_wconf 87' lang='lat' dir='ltr'><em>Maras</em></span> <span class='ocrx_word' id='word_1_10' title='bbox 911 514 1034 586; x_wconf 74' lang='lat' dir='ltr'><em>somrrts’</em></span> <span class='ocrx_word' id='word_1_11' title='bbox 1057 520 1283 590; x_wconf 65' lang='lat' dir='ltr'><em>eto-pet,</em></span> <span class='ocrx_word' id='word_1_12' title='bbox 1304 523 1338 574; x_wconf 94' lang='grc'><em>12</em></span> <span class='ocrx_word' id='word_1_13' title='bbox 1361 515 1472 575; x_wconf 79' lang='lat' dir='ltr'><em>‘altare</em></span> <span class='ocrx_word' id='word_1_14' title='bbox 1493 518 1605 592; x_wconf 79' lang='lat' dir='ltr'><em>aptare</em></span> 
     </span>
     <span class='ocr_line' id='line_1_3' title="bbox 309 613 1604 695; baseline 0.003 -21"><span class='ocrx_word' id='word_1_15' title='bbox 309 615 468 674; x_wconf 74' lang='lat' dir='ltr'><em>cochleare</em></span> <span class='ocrx_word' id='word_1_16' title='bbox 482 613 547 675; x_wconf 88' lang='lat' dir='ltr'><em>dici</em></span> <span class='ocrx_word' id='word_1_17' title='bbox 562 616 671 692; x_wconf 82' lang='lat' dir='ltr'><em>debet’,</em></span> <span class='ocrx_word' id='word_1_18' title='bbox 694 632 773 689; x_wconf 79' lang='lat' dir='ltr'><em>(petae</em></span> <span class='ocrx_word' id='word_1_19' title='bbox 793 613 825 673; x_wconf 91' lang='lat' dir='ltr'><em>in</em></span> <span class='ocrx_word' id='word_1_20' title='bbox 841 616 910 674; x_wconf 90' lang='lat' dir='ltr'><em>cod.</em></span> <span class='ocrx_word' id='word_1_21' title='bbox 929 623 984 673; x_wconf 91' lang='grc'><em>011</em></span> <span class='ocrx_word' id='word_1_22' title='bbox 1000 618 1098 691; x_wconf 88' lang='lat' dir='ltr'><em>plane</em></span> <span class='ocrx_word' id='word_1_23' title='bbox 1118 617 1239 688; x_wconf 81' lang='lat' dir='ltr'><em>desunt,</em></span> <span class='ocrx_word' id='word_1_24' title='bbox 1264 614 1335 689; x_wconf 79' lang='lat' dir='ltr'><em>attin</em></span> <span class='ocrx_word' id='word_1_25' title='bbox 1351 618 1390 676; x_wconf 86' lang='grc'><em>2212</em></span> <span class='ocrx_word' id='word_1_26' title='bbox 1407 616 1473 693; x_wconf 92' lang='lat' dir='ltr'><em>ipso</em></span> <span class='ocrx_word' id='word_1_27' title='bbox 1488 621 1604 695; x_wconf 79' lang='lat' dir='ltr'><em>Aspero</em></span> 
     </span>
     <span class='ocr_line' id='line_1_4' title="bbox 307 714 1604 792; baseline 0.003 -17"><span class='ocrx_word' id='word_1_28' title='bbox 307 714 426 792; x_wconf 89' lang='lat' dir='ltr'><em>scripta</em></span> <span class='ocrx_word' id='word_1_29' title='bbox 453 715 515 776; x_wconf 88' lang='lat' dir='ltr'><em>sint</em></span> <span class='ocrx_word' id='word_1_30' title='bbox 541 734 636 791; x_wconf 79' lang='lat' dir='ltr'><em>nepta</em></span> <span class='ocrx_word' id='word_1_31' title='bbox 657 734 677 774; x_wconf 91' lang='lat' dir='ltr'><em>a</em></span> <span class='ocrx_word' id='word_1_32' title='bbox 698 714 830 775; x_wconf 79' lang='lat' dir='ltr'><em>titrario</em></span> <span class='ocrx_word' id='word_1_33' title='bbox 852 719 901 776; x_wconf 86' lang='lat' dir='ltr'><em>ael</em></span> <span class='ocrx_word' id='word_1_34' title='bbox 928 716 992 775; x_wconf 89' lang='lat' dir='ltr'><em>alia</em></span> <span class='ocrx_word' id='word_1_35' title='bbox 1011 715 1213 791; x_wconf 84' lang='lat' dir='ltr'><em>prarrnnatico</em></span> <span class='ocrx_word' id='word_1_36' title='bbox 1241 716 1378 790; x_wconf 87' lang='lat' dir='ltr'><em>adiecta,</em></span> <span class='ocrx_word' id='word_1_37' title='bbox 1410 736 1468 780; x_wconf 93' lang='lat' dir='ltr'><em>nan</em></span> <span class='ocrx_word' id='word_1_38' title='bbox 1498 718 1604 780; x_wconf 74' lang='lat' dir='ltr'><em>dedito</em></span> 
     </span>
     <span class='ocr_line' id='line_1_5' title="bbox 307 815 1603 896; baseline 0.004 -20"><span class='ocrx_word' id='word_1_39' title='bbox 307 826 335 876; x_wconf 90' lang='grc'><em>21</em></span> <span class='ocrx_word' id='word_1_40' title='bbox 358 819 394 877; x_wconf 87' lang='grc'><em>00</em></span> <span class='ocrx_word' id='word_1_41' title='bbox 417 815 465 890; x_wconf 91' lang='lat' dir='ltr'><em>id,</em></span> <span class='ocrx_word' id='word_1_42' title='bbox 490 817 562 894; x_wconf 80' lang='lat' dir='ltr'><em>qnia</em></span> <span class='ocrx_word' id='word_1_43' title='bbox 585 816 664 877; x_wconf 90' lang='lat' dir='ltr'><em>tatia</em></span> <span class='ocrx_word' id='word_1_44' title='bbox 686 816 910 877; x_wconf 89' lang='lat' dir='ltr'><em>adiectamenta</em></span> <span class='ocrx_word' id='word_1_45' title='bbox 932 837 991 878; x_wconf 89' lang='lat' dir='ltr'><em>non</em></span> <span class='ocrx_word' id='word_1_46' title='bbox 1016 817 1045 878; x_wconf 89' lang='lat' dir='ltr'><em>in</em></span> <span class='ocrx_word' id='word_1_47' title='bbox 1069 816 1173 891; x_wconf 90' lang='lat' dir='ltr'><em>initio,</em></span> <span class='ocrx_word' id='word_1_48' title='bbox 1197 820 1252 879; x_wconf 90' lang='lat' dir='ltr'><em>sed</em></span> <span class='ocrx_word' id='word_1_49' title='bbox 1274 818 1303 879; x_wconf 90' lang='lat' dir='ltr'><em>in</em></span> <span class='ocrx_word' id='word_1_50' title='bbox 1325 823 1385 891; x_wconf 76' lang='grc'><em>27222</em></span> <span class='ocrx_word' id='word_1_51' title='bbox 1406 819 1603 896; x_wconf 74' lang='lat' dir='ltr'><em>adolatinari</em></span> 
     </span>
     <span class='ocr_line' id='line_1_6' title="bbox 306 917 1604 996; baseline 0.002 -18"><span class='ocrx_word' id='word_1_52' title='bbox 306 922 414 996; x_wconf 86' lang='lat' dir='ltr'><em>solent,</em></span> <span class='ocrx_word' id='word_1_53' title='bbox 437 928 467 979; x_wconf 91' lang='lat' dir='ltr'><em>et</em></span> <span class='ocrx_word' id='word_1_54' title='bbox 482 927 669 995; x_wconf 89' lang='lat' dir='ltr'><em>propterea,</em></span> <span class='ocrx_word' id='word_1_55' title='bbox 698 921 781 995; x_wconf 79' lang='lat' dir='ltr'><em>qaod</em></span> <span class='ocrx_word' id='word_1_56' title='bbox 801 937 861 979; x_wconf 86' lang='grc'><em>22022</em></span> <span class='ocrx_word' id='word_1_57' title='bbox 889 917 994 988; x_wconf 71' lang='lat' dir='ltr'><em>ntideo,</em></span> <span class='ocrx_word' id='word_1_58' title='bbox 1024 921 1172 994; x_wconf 78' lang='lat' dir='ltr'><em>preonrodo</em></span> <span class='ocrx_word' id='word_1_59' title='bbox 1201 919 1343 995; x_wconf 84' lang='lat' dir='ltr'><em>sinpatae</em></span> <span class='ocrx_word' id='word_1_60' title='bbox 1365 921 1442 982; x_wconf 85' lang='lat' dir='ltr'><em>istnc</em></span> <span class='ocrx_word' id='word_1_61' title='bbox 1463 923 1604 983; x_wconf 75' lang='lat' dir='ltr'><em>posenn-</em></span> 
     </span>
     <span class='ocr_line' id='line_1_7' title="bbox 307 1019 1604 1099; baseline 0.004 -20"><span class='ocrx_word' id='word_1_62' title='bbox 307 1019 403 1080; x_wconf 92' lang='lat' dir='ltr'><em>tiones</em></span> <span class='ocrx_word' id='word_1_63' title='bbox 419 1020 462 1079; x_wconf 89' lang='lat' dir='ltr'><em>ad</em></span> <span class='ocrx_word' id='word_1_64' title='bbox 481 1020 627 1082; x_wconf 88' lang='lat' dir='ltr'><em>serrnanis</em></span> <span class='ocrx_word' id='word_1_65' title='bbox 643 1019 866 1097; x_wconf 84' lang='lat' dir='ltr'><em>proprietatem</em></span> <span class='ocrx_word' id='word_1_66' title='bbox 885 1020 1087 1097; x_wconf 76' lang='lat' dir='ltr'><em>pertinentes,</em></span> <span class='ocrx_word' id='word_1_67' title='bbox 1112 1039 1190 1097; x_wconf 78' lang='lat' dir='ltr'><em>qaae</em></span> <span class='ocrx_word' id='word_1_68' title='bbox 1205 1021 1276 1083; x_wconf 90' lang='lat' dir='ltr'><em>inde</em></span> <span class='ocrx_word' id='word_1_69' title='bbox 1291 1040 1311 1081; x_wconf 93' lang='lat' dir='ltr'><em>a</em></span> <span class='ocrx_word' id='word_1_70' title='bbox 1327 1041 1362 1099; x_wconf 92' lang='lat' dir='ltr'><em>p.</em></span> <span class='ocrx_word' id='word_1_71' title='bbox 1377 1031 1425 1097; x_wconf 74' lang='lat' dir='ltr'><em>tt,</em></span> <span class='ocrx_word' id='word_1_72' title='bbox 1443 1031 1478 1083; x_wconf 84' lang='grc'><em>12</em></span> <span class='ocrx_word' id='word_1_73' title='bbox 1498 1026 1604 1098; x_wconf 69' lang='lat' dir='ltr'><em>tepean-</em></span> 
     </span>
     <span class='ocr_line' id='line_1_8' title="bbox 307 1121 1601 1202; baseline 0.002 -21"><span class='ocrx_word' id='word_1_74' title='bbox 307 1134 368 1195; x_wconf 89' lang='lat' dir='ltr'><em>tar,</em></span> <span class='ocrx_word' id='word_1_75' title='bbox 393 1125 475 1183; x_wconf 87' lang='grc'><em>2222110</em></span> <span class='ocrx_word' id='word_1_76' title='bbox 497 1122 588 1197; x_wconf 78' lang='lat' dir='ltr'><em>perosi</em></span> <span class='ocrx_word' id='word_1_77' title='bbox 607 1121 725 1198; x_wconf 81' lang='lat' dir='ltr'><em>platine</em></span> <span class='ocrx_word' id='word_1_78' title='bbox 746 1121 927 1199; x_wconf 86' lang='lat' dir='ltr'><em>interposito</em></span> <span class='ocrx_word' id='word_1_79' title='bbox 948 1122 1049 1183; x_wconf 86' lang='lat' dir='ltr'><em>statim</em></span> <span class='ocrx_word' id='word_1_80' title='bbox 1069 1133 1139 1199; x_wconf 91' lang='lat' dir='ltr'><em>post</em></span> <span class='ocrx_word' id='word_1_81' title='bbox 1159 1143 1191 1199; x_wconf 93' lang='lat' dir='ltr'><em>p.</em></span> <span class='ocrx_word' id='word_1_82' title='bbox 1220 1132 1268 1197; x_wconf 89' lang='grc'><em>10,</em></span> <span class='ocrx_word' id='word_1_83' title='bbox 1290 1132 1324 1182; x_wconf 88' lang='grc'><em>21</em></span> <span class='ocrx_word' id='word_1_84' title='bbox 1345 1123 1493 1186; x_wconf 88' lang='lat' dir='ltr'><em>collocari</em></span> <span class='ocrx_word' id='word_1_85' title='bbox 1510 1134 1601 1202; x_wconf 88' lang='lat' dir='ltr'><em>pota·</em></span> 
     </span>
     <span class='ocr_line' id='line_1_9' title="bbox 306 1223 1601 1300; baseline 0.002 -18"><span class='ocrx_word' id='word_1_86' title='bbox 306 1223 397 1284; x_wconf 88' lang='lat' dir='ltr'><em>erint.</em></span> <span class='ocrx_word' id='word_1_87' title='bbox 443 1225 540 1299; x_wconf 62' lang='lat' dir='ltr'><em>ottone</em></span> <span class='ocrx_word' id='word_1_88' title='bbox 563 1223 641 1285; x_wconf 89' lang='lat' dir='ltr'><em>idern</em></span> <span class='ocrx_word' id='word_1_89' title='bbox 665 1227 703 1285; x_wconf 87' lang='lat' dir='ltr'><em>de</em></span> <span class='ocrx_word' id='word_1_90' title='bbox 724 1223 787 1285; x_wconf 86' lang='lat' dir='ltr'><em>atio</em></span> <span class='ocrx_word' id='word_1_91' title='bbox 808 1228 875 1285; x_wconf 83' lang='lat' dir='ltr'><em>loco</em></span> <span class='ocrx_word' id='word_1_92' title='bbox 895 1243 927 1300; x_wconf 93' lang='lat' dir='ltr'><em>p.</em></span> <span class='ocrx_word' id='word_1_93' title='bbox 952 1232 1003 1295; x_wconf 80' lang='grc'><em>51,</em></span> <span class='ocrx_word' id='word_1_94' title='bbox 1031 1232 1066 1283; x_wconf 96' lang='grc'><em>27</em></span> <span class='ocrx_word' id='word_1_95' title='bbox 1088 1260 1130 1268; x_wconf 96' lang='grc'>-</span> <span class='ocrx_word' id='word_1_96' title='bbox 1147 1243 1182 1300; x_wconf 93' lang='lat' dir='ltr'><em>p.</em></span> <span class='ocrx_word' id='word_1_97' title='bbox 1207 1234 1256 1297; x_wconf 75' lang='lat'><em>55,</em></span> <span class='ocrx_word' id='word_1_98' title='bbox 1277 1233 1314 1284; x_wconf 87' lang='grc'><em>22</em></span> <span class='ocrx_word' id='word_1_99' title='bbox 1334 1228 1524 1287; x_wconf 84' lang='lat' dir='ltr'><em>statuendam</em></span> <span class='ocrx_word' id='word_1_100' title='bbox 1546 1234 1601 1286; x_wconf 91' lang='lat' dir='ltr'><em>est.</em></span> 
     </span>
     <span class='ocr_line' id='line_1_10' title="bbox 306 1325 1603 1403; baseline 0.003 -20"><span class='ocrx_word' id='word_1_101' title='bbox 306 1325 385 1385; x_wconf 86' lang='lat' dir='ltr'><em>Norn</em></span> <span class='ocrx_word' id='word_1_102' title='bbox 408 1335 440 1385; x_wconf 88' lang='lat' dir='ltr'><em>at</em></span> <span class='ocrx_word' id='word_1_103' title='bbox 461 1327 640 1398; x_wconf 79' lang='lat' dir='ltr'><em>concedam,</em></span> <span class='ocrx_word' id='word_1_104' title='bbox 667 1328 760 1386; x_wconf 82' lang='grc'><em>22221222</em></span> <span class='ocrx_word' id='word_1_105' title='bbox 780 1345 811 1403; x_wconf 90' lang='lat' dir='ltr'><em>p.</em></span> <span class='ocrx_word' id='word_1_106' title='bbox 838 1336 878 1385; x_wconf 79' lang='grc'><em>5-1</em></span> <span class='ocrx_word' id='word_1_107' title='bbox 885 1372 894 1403; x_wconf 98' lang='grc'><em>,</em></span> <span class='ocrx_word' id='word_1_108' title='bbox 920 1333 1054 1384; x_wconf 82' lang='grc'><em>27-20,·</em></span> <span class='ocrx_word' id='word_1_109' title='bbox 1084 1326 1132 1386; x_wconf 78' lang='lat' dir='ltr'><em>‘at</em></span> <span class='ocrx_word' id='word_1_110' title='bbox 1154 1344 1174 1385; x_wconf 90' lang='lat' dir='ltr'><em>a</em></span> <span class='ocrx_word' id='word_1_111' title='bbox 1195 1326 1350 1387; x_wconf 89' lang='lat' dir='ltr'><em>constanti</em></span> <span class='ocrx_word' id='word_1_112' title='bbox 1370 1335 1545 1389; x_wconf 76' lang='lat' dir='ltr'><em>constanter</em></span> <span class='ocrx_word' id='word_1_113' title='bbox 1559 1361 1603 1371; x_wconf 96' lang='lat'>—</span> 
     </span>
     <span class='ocr_line' id='line_1_11' title="bbox 306 1426 1602 1505; baseline 0.002 -19"><span class='ocrx_word' id='word_1_114' title='bbox 306 1445 326 1486; x_wconf 90' lang='lat' dir='ltr'><em>a</em></span> <span class='ocrx_word' id='word_1_115' title='bbox 347 1427 497 1488; x_wconf 77' lang='lat' dir='ltr'><em>concordi</em></span> <span class='ocrx_word' id='word_1_116' title='bbox 518 1427 712 1489; x_wconf 90' lang='lat' dir='ltr'><em>concorditer</em></span> <span class='ocrx_word' id='word_1_117' title='bbox 734 1437 763 1488; x_wconf 91' lang='lat' dir='ltr'><em>et</em></span> <span class='ocrx_word' id='word_1_118' title='bbox 784 1427 833 1488; x_wconf 81' lang='lat' dir='ltr'><em>tris</em></span> <span class='ocrx_word' id='word_1_119' title='bbox 854 1426 986 1487; x_wconf 85' lang='lat' dir='ltr'><em>simitia’</em></span> <span class='ocrx_word' id='word_1_120' title='bbox 1010 1429 1048 1487; x_wconf 83' lang='lat' dir='ltr'><em>ab</em></span> <span class='ocrx_word' id='word_1_121' title='bbox 1070 1427 1135 1488; x_wconf 90' lang='lat' dir='ltr'><em>alio</em></span> <span class='ocrx_word' id='word_1_122' title='bbox 1157 1427 1267 1487; x_wconf 87' lang='lat' dir='ltr'><em>addita</em></span> <span class='ocrx_word' id='word_1_123' title='bbox 1283 1446 1375 1504; x_wconf 87' lang='lat' dir='ltr'><em>passe</em></span> <span class='ocrx_word' id='word_1_124' title='bbox 1397 1428 1513 1505; x_wconf 79' lang='lat' dir='ltr'><em>uideri,</em></span> <span class='ocrx_word' id='word_1_125' title='bbox 1544 1432 1602 1489; x_wconf 84' lang='grc'><em>1202</em></span> 
     </span>
     <span class='ocr_line' id='line_1_12' title="bbox 306 1527 1602 1607; baseline 0.002 -19"><span class='ocrx_word' id='word_1_126' title='bbox 306 1531 344 1588; x_wconf 91' lang='lat' dir='ltr'><em>de</em></span> <span class='ocrx_word' id='word_1_127' title='bbox 365 1527 475 1590; x_wconf 85' lang='lat' dir='ltr'><em>ceteris</em></span> <span class='ocrx_word' id='word_1_128' title='bbox 491 1549 525 1606; x_wconf 92' lang='lat' dir='ltr'><em>p.</em></span> <span class='ocrx_word' id='word_1_129' title='bbox 551 1538 605 1603; x_wconf 78' lang='grc'><em>57,</em></span> <span class='ocrx_word' id='word_1_130' title='bbox 633 1538 742 1589; x_wconf 81' lang='grc'><em>1-22</em></span> <span class='ocrx_word' id='word_1_131' title='bbox 763 1527 887 1590; x_wconf 83' lang='lat' dir='ltr'><em>rninirne</em></span> <span class='ocrx_word' id='word_1_132' title='bbox 908 1528 1124 1605; x_wconf 74' lang='lat' dir='ltr'><em>concesserint,</em></span> <span class='ocrx_word' id='word_1_133' title='bbox 1147 1528 1221 1603; x_wconf 82' lang='lat' dir='ltr'><em>arria</em></span> <span class='ocrx_word' id='word_1_134' title='bbox 1243 1532 1281 1590; x_wconf 88' lang='lat' dir='ltr'><em>de</em></span> <span class='ocrx_word' id='word_1_135' title='bbox 1301 1531 1525 1607; x_wconf 89' lang='lat' dir='ltr'><em>conparatione</em></span> <span class='ocrx_word' id='word_1_136' title='bbox 1546 1532 1602 1591; x_wconf 88' lang='lat' dir='ltr'><em>ad-</em></span> 
     </span>
     <span class='ocr_line' id='line_1_13' title="bbox 306 1629 1600 1708; baseline 0.002 -17"><span class='ocrx_word' id='word_1_137' title='bbox 306 1630 478 1692; x_wconf 82' lang='lat' dir='ltr'><em>neroiornrn</em></span> <span class='ocrx_word' id='word_1_138' title='bbox 501 1630 685 1708; x_wconf 83' lang='lat' dir='ltr'><em>ortipraptro</em></span> <span class='ocrx_word' id='word_1_139' title='bbox 709 1629 823 1693; x_wconf 71' lang='lat' dir='ltr'><em>[tornati</em></span> <span class='ocrx_word' id='word_1_140' title='bbox 844 1641 940 1691; x_wconf 82' lang='grc'><em>22212222</em></span> <span class='ocrx_word' id='word_1_141' title='bbox 966 1630 1098 1706; x_wconf 74' lang='lat' dir='ltr'><em>primone</em></span> <span class='ocrx_word' id='word_1_142' title='bbox 1127 1630 1345 1708; x_wconf 83' lang='lat' dir='ltr'><em>interpretanti</em></span> <span class='ocrx_word' id='word_1_143' title='bbox 1366 1632 1488 1693; x_wconf 81' lang='lat' dir='ltr'><em>orrrnino</em></span> <span class='ocrx_word' id='word_1_144' title='bbox 1509 1650 1600 1707; x_wconf 82' lang='lat' dir='ltr'><em>apen·</em></span> 
     </span>
     <span class='ocr_line' id='line_1_14' title="bbox 306 1730 1602 1811; baseline 0 -18"><span class='ocrx_word' id='word_1_145' title='bbox 306 1737 469 1794; x_wconf 84' lang='grc'><em>2120222201.</em></span> <span class='ocrx_word' id='word_1_146' title='bbox 501 1735 541 1793; x_wconf 84' lang='lat' dir='ltr'><em>Et</em></span> <span class='ocrx_word' id='word_1_147' title='bbox 562 1730 687 1801; x_wconf 73' lang='lat' dir='ltr'><em>reinero,</em></span> <span class='ocrx_word' id='word_1_148' title='bbox 711 1751 791 1808; x_wconf 80' lang='lat' dir='ltr'><em>qerae</em></span> <span class='ocrx_word' id='word_1_149' title='bbox 813 1735 851 1792; x_wconf 91' lang='lat' dir='ltr'><em>de</em></span> <span class='ocrx_word' id='word_1_150' title='bbox 871 1750 981 1793; x_wconf 88' lang='lat' dir='ltr'><em>rnanca</em></span> <span class='ocrx_word' id='word_1_151' title='bbox 1003 1731 1120 1808; x_wconf 77' lang='lat' dir='ltr'><em>aliqtrot</em></span> <span class='ocrx_word' id='word_1_152' title='bbox 1141 1732 1357 1794; x_wconf 80' lang='lat' dir='ltr'><em>adaerbiornnr</em></span> <span class='ocrx_word' id='word_1_153' title='bbox 1379 1733 1602 1811; x_wconf 79' lang='lat' dir='ltr'><em>conparatione</em></span> 
     </span>
     <span class='ocr_line' id='line_1_15' title="bbox 299 1834 1601 1913; baseline 0.001 -18"><span class='ocrx_word' id='word_1_154' title='bbox 299 1854 335 1912; x_wconf 95' lang='lat' dir='ltr'><em>p.</em></span> <span class='ocrx_word' id='word_1_155' title='bbox 361 1845 414 1909; x_wconf 79' lang='lat'><em>55,</em></span> <span class='ocrx_word' id='word_1_156' title='bbox 440 1844 539 1894; x_wconf 81' lang='grc'><em>1-10</em></span> <span class='ocrx_word' id='word_1_157' title='bbox 561 1838 770 1913; x_wconf 82' lang='lat' dir='ltr'><em>absernantar,</em></span> <span class='ocrx_word' id='word_1_158' title='bbox 799 1834 910 1911; x_wconf 77' lang='lat' dir='ltr'><em>optineo</em></span> <span class='ocrx_word' id='word_1_159' title='bbox 931 1837 970 1895; x_wconf 80' lang='lat' dir='ltr'><em>ab</em></span> <span class='ocrx_word' id='word_1_160' title='bbox 992 1837 1095 1896; x_wconf 84' lang='lat' dir='ltr'><em>eodem</em></span> <span class='ocrx_word' id='word_1_161' title='bbox 1118 1834 1170 1896; x_wconf 86' lang='lat' dir='ltr'><em>ido</em></span> <span class='ocrx_word' id='word_1_162' title='bbox 1193 1834 1348 1910; x_wconf 88' lang='lat' dir='ltr'><em>dicantar,</em></span> <span class='ocrx_word' id='word_1_163' title='bbox 1378 1835 1445 1910; x_wconf 77' lang='lat' dir='ltr'><em>arei,</em></span> <span class='ocrx_word' id='word_1_164' title='bbox 1473 1854 1540 1897; x_wconf 86' lang='grc'><em>222222</em></span> <span class='ocrx_word' id='word_1_165' title='bbox 1562 1838 1601 1895; x_wconf 84' lang='grc'><em>212</em></span> 
     </span>
     <span class='ocr_line' id='line_1_16' title="bbox 305 1935 1596 2014; baseline -0.001 -17"><span class='ocrx_word' id='word_1_166' title='bbox 305 1936 457 1998; x_wconf 78' lang='grc'><em>2202210200</em></span> <span class='ocrx_word' id='word_1_167' title='bbox 480 1935 703 2012; x_wconf 78' lang='lat' dir='ltr'><em>conparatione</em></span> <span class='ocrx_word' id='word_1_168' title='bbox 724 1939 847 2012; x_wconf 76' lang='lat' dir='ltr'><em>apetiret,</em></span> <span class='ocrx_word' id='word_1_169' title='bbox 870 1956 902 2013; x_wconf 90' lang='lat' dir='ltr'><em>p.</em></span> <span class='ocrx_word' id='word_1_170' title='bbox 928 1946 976 2009; x_wconf 85' lang='grc'><em>10,</em></span> <span class='ocrx_word' id='word_1_171' title='bbox 1003 1946 1080 1995; x_wconf 76' lang='grc'><em>1-5</em></span> <span class='ocrx_word' id='word_1_172' title='bbox 1102 1936 1217 1998; x_wconf 86' lang='lat' dir='ltr'><em>sirnitio</em></span> <span class='ocrx_word' id='word_1_173' title='bbox 1240 1936 1382 1998; x_wconf 79' lang='lat' dir='ltr'><em>tradidit.</em></span> <span class='ocrx_word' id='word_1_174' title='bbox 1428 1939 1537 2014; x_wconf 81' lang='lat' dir='ltr'><em>Itaqne</em></span> <span class='ocrx_word' id='word_1_175' title='bbox 1558 1955 1596 1997; x_wconf 90' lang='lat' dir='ltr'><em>ea</em></span> 
     </span>
     <span class='ocr_line' id='line_1_17' title="bbox 304 2037 1598 2114; baseline -0.001 -14"><span class='ocrx_word' id='word_1_176' title='bbox 304 2056 435 2114; x_wconf 76' lang='lat' dir='ltr'><em>quoqne,</em></span> <span class='ocrx_word' id='word_1_177' title='bbox 460 2057 539 2114; x_wconf 76' lang='grc'><em>022222</em></span> <span class='ocrx_word' id='word_1_178' title='bbox 557 2058 589 2114; x_wconf 89' lang='lat' dir='ltr'><em>p.</em></span> <span class='ocrx_word' id='word_1_179' title='bbox 615 2047 664 2106; x_wconf 75' lang='lat'><em>55,</em></span> <span class='ocrx_word' id='word_1_180' title='bbox 691 2046 808 2098; x_wconf 83' lang='grc'><em>12-22</em></span> <span class='ocrx_word' id='word_1_181' title='bbox 828 2037 860 2099; x_wconf 87' lang='lat' dir='ltr'><em>in</em></span> <span class='ocrx_word' id='word_1_182' title='bbox 882 2044 945 2099; x_wconf 91' lang='lat' dir='ltr'><em>sota</em></span> <span class='ocrx_word' id='word_1_183' title='bbox 966 2042 1033 2099; x_wconf 91' lang='lat' dir='ltr'><em>cod.</em></span> <span class='ocrx_word' id='word_1_184' title='bbox 1053 2046 1109 2098; x_wconf 89' lang='grc'><em>207</em></span> <span class='ocrx_word' id='word_1_185' title='bbox 1132 2042 1283 2114; x_wconf 74' lang='lat' dir='ltr'><em>tepentia,</em></span> <span class='ocrx_word' id='word_1_186' title='bbox 1308 2059 1368 2101; x_wconf 90' lang='lat' dir='ltr'><em>non</em></span> <span class='ocrx_word' id='word_1_187' title='bbox 1390 2049 1451 2100; x_wconf 88' lang='lat' dir='ltr'><em>tarn</em></span> <span class='ocrx_word' id='word_1_188' title='bbox 1473 2042 1509 2101; x_wconf 82' lang='lat' dir='ltr'><em>oo</em></span> <span class='ocrx_word' id='word_1_189' title='bbox 1531 2058 1598 2100; x_wconf 86' lang='lat' dir='ltr'><em>eam</em></span> 
     </span>
     <span class='ocr_line' id='line_1_18' title="bbox 304 2138 1600 2222; baseline 0.001 -22"><span class='ocrx_word' id='word_1_190' title='bbox 304 2158 444 2214; x_wconf 81' lang='grc'><em>2222220222,</em></span> <span class='ocrx_word' id='word_1_191' title='bbox 469 2139 593 2215; x_wconf 80' lang='grc'><em>02212222.</em></span> <span class='ocrx_word' id='word_1_192' title='bbox 622 2148 656 2198; x_wconf 91' lang='grc'><em>12</em></span> <span class='ocrx_word' id='word_1_193' title='bbox 679 2145 722 2201; x_wconf 88' lang='lat' dir='ltr'><em>‘nt</em></span> <span class='ocrx_word' id='word_1_194' title='bbox 743 2140 970 2217; x_wconf 80' lang='lat' dir='ltr'><em>supradictum</em></span> <span class='ocrx_word' id='word_1_195' title='bbox 992 2146 1047 2201; x_wconf 91' lang='lat' dir='ltr'><em>est’</em></span> <span class='ocrx_word' id='word_1_196' title='bbox 1072 2138 1121 2222; x_wconf 87' lang='lat' dir='ltr'><em>(p.</em></span> <span class='ocrx_word' id='word_1_197' title='bbox 1140 2150 1195 2215; x_wconf 81' lang='grc'><em>71,</em></span> <span class='ocrx_word' id='word_1_198' title='bbox 1219 2150 1248 2201; x_wconf 87' lang='grc'><em>1.</em></span> <span class='ocrx_word' id='word_1_199' title='bbox 1271 2140 1302 2222; x_wconf 86' lang='grc'><em>0)</em></span> <span class='ocrx_word' id='word_1_200' title='bbox 1325 2141 1464 2215; x_wconf 81' lang='lat' dir='ltr'><em>additur,</em></span> <span class='ocrx_word' id='word_1_201' title='bbox 1488 2140 1600 2217; x_wconf 82' lang='lat' dir='ltr'><em>Asperi</em></span> 
     </span>
     <span class='ocr_line' id='line_1_19' title="bbox 304 2239 1598 2319; baseline 0.001 -18"><span class='ocrx_word' id='word_1_202' title='bbox 304 2261 368 2303; x_wconf 90' lang='lat' dir='ltr'><em>esse</em></span> <span class='ocrx_word' id='word_1_203' title='bbox 389 2240 589 2316; x_wconf 81' lang='lat' dir='ltr'><em>crediderim,</em></span> <span class='ocrx_word' id='word_1_204' title='bbox 621 2259 710 2316; x_wconf 77' lang='lat' dir='ltr'><em>atterat</em></span> <span class='ocrx_word' id='word_1_205' title='bbox 733 2243 1283 2317; x_wconf 68' lang='grc'><em>020211012210222222222222012210002</em></span> <span class='ocrx_word' id='word_1_206' title='bbox 1309 2261 1399 2319; x_wconf 84' lang='lat' dir='ltr'><em>qnam</em></span> <span class='ocrx_word' id='word_1_207' title='bbox 1427 2239 1598 2319; x_wconf 85' lang='lat' dir='ltr'><em>loerrpletis·</em></span> 
     </span>
     <span class='ocr_line' id='line_1_20' title="bbox 303 2342 1599 2420; baseline -0.003 -15"><span class='ocrx_word' id='word_1_208' title='bbox 303 2343 394 2405; x_wconf 86' lang='lat' dir='ltr'><em>simos</em></span> <span class='ocrx_word' id='word_1_209' title='bbox 416 2360 591 2420; x_wconf 76' lang='lat' dir='ltr'><em>proponere</em></span> <span class='ocrx_word' id='word_1_210' title='bbox 619 2342 715 2419; x_wconf 89' lang='lat' dir='ltr'><em>ipsias</em></span> <span class='ocrx_word' id='word_1_211' title='bbox 736 2361 800 2404; x_wconf 88' lang='lat' dir='ltr'><em>mos</em></span> <span class='ocrx_word' id='word_1_212' title='bbox 821 2345 952 2417; x_wconf 82' lang='lat' dir='ltr'><em>estsere</em></span> <span class='ocrx_word' id='word_1_213' title='bbox 986 2343 1094 2419; x_wconf 75' lang='lat' dir='ltr'><em>istrione</em></span> <span class='ocrx_word' id='word_1_214' title='bbox 1126 2346 1320 2414; x_wconf 81' lang='lat' dir='ltr'><em>obserantns;</em></span> <span class='ocrx_word' id='word_1_215' title='bbox 1353 2343 1489 2418; x_wconf 85' lang='lat' dir='ltr'><em>idcirco,</em></span> <span class='ocrx_word' id='word_1_216' title='bbox 1524 2342 1599 2418; x_wconf 81' lang='lat' dir='ltr'><em>arcia</em></span> 
     </span>
     <span class='ocr_line' id='line_1_21' title="bbox 300 2444 1598 2522; baseline 0.002 -18"><span class='ocrx_word' id='word_1_217' title='bbox 300 2465 334 2522; x_wconf 92' lang='lat' dir='ltr'><em>p.</em></span> <span class='ocrx_word' id='word_1_218' title='bbox 360 2454 409 2515; x_wconf 83' lang='lat' dir='ltr'><em>5t,</em></span> <span class='ocrx_word' id='word_1_219' title='bbox 433 2452 531 2504; x_wconf 67' lang='grc' dir='ltr'><em>«ς’-11</em></span> <span class='ocrx_word' id='word_1_220' title='bbox 553 2444 690 2505; x_wconf 86' lang='lat' dir='ltr'><em>rariores</em></span> <span class='ocrx_word' id='word_1_221' title='bbox 718 2445 931 2507; x_wconf 81' lang='lat' dir='ltr'><em>adnerbiornrn</em></span> <span class='ocrx_word' id='word_1_222' title='bbox 956 2445 1520 2522; x_wconf 70' lang='grc'><em>100202220222222210222222221022022</em></span> <span class='ocrx_word' id='word_1_223' title='bbox 1544 2465 1598 2507; x_wconf 85' lang='grc'><em>220·</em></span> 
     </span>
     <span class='ocr_line' id='line_1_22' title="bbox 303 2544 1595 2624; baseline 0 -17"><span class='ocrx_word' id='word_1_224' title='bbox 303 2564 386 2608; x_wconf 87' lang='lat' dir='ltr'><em>mero</em></span> <span class='ocrx_word' id='word_1_225' title='bbox 400 2544 607 2620; x_wconf 78' lang='lat' dir='ltr'><em>instruxerat,</em></span> <span class='ocrx_word' id='word_1_226' title='bbox 634 2546 762 2608; x_wconf 81' lang='lat' dir='ltr'><em>usitatas</em></span> <span class='ocrx_word' id='word_1_227' title='bbox 776 2555 865 2621; x_wconf 77' lang='lat' dir='ltr'><em>atone</em></span> <span class='ocrx_word' id='word_1_228' title='bbox 881 2551 1025 2623; x_wconf 83' lang='lat' dir='ltr'><em>nnlpares</em></span> <span class='ocrx_word' id='word_1_229' title='bbox 1039 2567 1073 2609; x_wconf 87' lang='lat' dir='ltr'><em>eo</em></span> <span class='ocrx_word' id='word_1_230' title='bbox 1089 2557 1266 2609; x_wconf 85' lang='lat' dir='ltr'><em>ornamento</em></span> <span class='ocrx_word' id='word_1_231' title='bbox 1280 2565 1389 2607; x_wconf 89' lang='lat' dir='ltr'><em>carere</em></span> <span class='ocrx_word' id='word_1_232' title='bbox 1403 2566 1462 2608; x_wconf 88' lang='lat' dir='ltr'><em>noa</em></span> <span class='ocrx_word' id='word_1_233' title='bbox 1473 2564 1595 2624; x_wconf 83' lang='lat' dir='ltr'><em>possus,</em></span> 
     </span>
     <span class='ocr_line' id='line_1_23' title="bbox 303 2648 1597 2729; baseline -0.002 -19"><span class='ocrx_word' id='word_1_234' title='bbox 303 2667 382 2726; x_wconf 78' lang='lat' dir='ltr'><em>perae</em></span> <span class='ocrx_word' id='word_1_235' title='bbox 412 2667 508 2727; x_wconf 86' lang='lat' dir='ltr'><em>snpro</em></span> <span class='ocrx_word' id='word_1_236' title='bbox 542 2648 698 2729; x_wconf 82' lang='lat' dir='ltr'><em>omiserat,</em></span> <span class='ocrx_word' id='word_1_237' title='bbox 736 2648 768 2710; x_wconf 91' lang='lat' dir='ltr'><em>in</em></span> <span class='ocrx_word' id='word_1_238' title='bbox 798 2653 861 2723; x_wconf 76' lang='lat' dir='ltr'><em>fine</em></span> <span class='ocrx_word' id='word_1_239' title='bbox 891 2649 1060 2712; x_wconf 81' lang='lat' dir='ltr'><em>subintulit.</em></span> <span class='ocrx_word' id='word_1_240' title='bbox 1112 2651 1238 2711; x_wconf 81' lang='lat' dir='ltr'><em>Rectum</em></span> <span class='ocrx_word' id='word_1_241' title='bbox 1269 2648 1347 2710; x_wconf 89' lang='lat' dir='ltr'><em>enim</em></span> <span class='ocrx_word' id='word_1_242' title='bbox 1379 2648 1597 2710; x_wconf 79' lang='lat' dir='ltr'><em>sententiarum</em></span> 
     </span>
     <span class='ocr_line' id='line_1_24' title="bbox 302 2749 1598 2828; baseline 0 -16"><span class='ocrx_word' id='word_1_243' title='bbox 302 2751 440 2813; x_wconf 83' lang='lat' dir='ltr'><em>ordinem</em></span> <span class='ocrx_word' id='word_1_244' title='bbox 462 2750 638 2828; x_wconf 83' lang='lat' dir='ltr'><em>saepissime</em></span> <span class='ocrx_word' id='word_1_245' title='bbox 664 2750 813 2826; x_wconf 72' lang='lat' dir='ltr'><em>neptenr,</em></span> <span class='ocrx_word' id='word_1_246' title='bbox 842 2753 924 2828; x_wconf 83' lang='lat' dir='ltr'><em>qnod</em></span> <span class='ocrx_word' id='word_1_247' title='bbox 945 2750 1016 2813; x_wconf 87' lang='lat' dir='ltr'><em>inde</em></span> <span class='ocrx_word' id='word_1_248' title='bbox 1038 2760 1135 2813; x_wconf 89' lang='lat' dir='ltr'><em>ortnrn</em></span> <span class='ocrx_word' id='word_1_249' title='bbox 1163 2761 1222 2827; x_wconf 87' lang='lat' dir='ltr'><em>est,</em></span> <span class='ocrx_word' id='word_1_250' title='bbox 1252 2754 1347 2827; x_wconf 79' lang='lat' dir='ltr'><em>pirod,</em></span> <span class='ocrx_word' id='word_1_251' title='bbox 1379 2749 1598 2826; x_wconf 73' lang='grc'><em>0222212210-</em></span> 
     </span>
     <span class='ocr_line' id='line_1_25' title="bbox 301 2851 1597 2930; baseline -0.002 -16"><span class='ocrx_word' id='word_1_252' title='bbox 301 2853 383 2929; x_wconf 69' lang='grc'><em>222112</em></span> <span class='ocrx_word' id='word_1_253' title='bbox 410 2852 561 2914; x_wconf 90' lang='lat' dir='ltr'><em>orationis</em></span> <span class='ocrx_word' id='word_1_254' title='bbox 587 2853 728 2930; x_wconf 82' lang='lat' dir='ltr'><em>portibus</em></span> <span class='ocrx_word' id='word_1_255' title='bbox 756 2853 943 2929; x_wconf 78' lang='lat' dir='ltr'><em>repedariter</em></span> <span class='ocrx_word' id='word_1_256' title='bbox 970 2852 1055 2915; x_wconf 87' lang='lat' dir='ltr'><em>dicto</em></span> <span class='ocrx_word' id='word_1_257' title='bbox 1084 2851 1243 2915; x_wconf 76' lang='lat' dir='ltr'><em>obseruari</em></span> <span class='ocrx_word' id='word_1_258' title='bbox 1266 2861 1427 2929; x_wconf 88' lang='lat' dir='ltr'><em>poterant,</em></span> <span class='ocrx_word' id='word_1_259' title='bbox 1456 2855 1509 2914; x_wconf 83' lang='lat' dir='ltr'><em>snb</em></span> <span class='ocrx_word' id='word_1_260' title='bbox 1537 2869 1597 2914; x_wconf 88' lang='grc'><em>0220</em></span> 
     </span>
     <span class='ocr_line' id='line_1_26' title="bbox 303 2953 1596 3032; baseline -0.001 -16"><span class='ocrx_word' id='word_1_261' title='bbox 303 2955 404 3016; x_wconf 88' lang='lat' dir='ltr'><em>ornnia</em></span> <span class='ocrx_word' id='word_1_262' title='bbox 425 2964 587 3032; x_wconf 86' lang='lat' dir='ltr'><em>conspectu</em></span> <span class='ocrx_word' id='word_1_263' title='bbox 605 2973 792 3031; x_wconf 83' lang='lat' dir='ltr'><em>proponere,</em></span> <span class='ocrx_word' id='word_1_264' title='bbox 818 2954 937 3032; x_wconf 81' lang='lat' dir='ltr'><em>reliqna</em></span> <span class='ocrx_word' id='word_1_265' title='bbox 961 2954 1180 3031; x_wconf 83' lang='lat' dir='ltr'><em>inreptdariter</em></span> <span class='ocrx_word' id='word_1_266' title='bbox 1202 2962 1351 3030; x_wconf 86' lang='lat' dir='ltr'><em>nsnrpota</em></span> <span class='ocrx_word' id='word_1_267' title='bbox 1373 2953 1461 3029; x_wconf 86' lang='lat' dir='ltr'><em>qnasi</em></span> <span class='ocrx_word' id='word_1_268' title='bbox 1482 2972 1596 3032; x_wconf 88' lang='lat' dir='ltr'><em>oppen-</em></span> 
     </span>
     <span class='ocr_line' id='line_1_27' title="bbox 303 3054 1598 3134; baseline 0 -17"><span class='ocrx_word' id='word_1_269' title='bbox 303 3057 382 3117; x_wconf 90' lang='lat' dir='ltr'><em>dicis</em></span> <span class='ocrx_word' id='word_1_270' title='bbox 408 3060 476 3117; x_wconf 86' lang='lat' dir='ltr'><em>loeo</em></span> <span class='ocrx_word' id='word_1_271' title='bbox 502 3056 684 3132; x_wconf 82' lang='lat' dir='ltr'><em>subianpere</em></span> <span class='ocrx_word' id='word_1_272' title='bbox 710 3057 826 3118; x_wconf 83' lang='lat' dir='ltr'><em>rrteelnit.</em></span> <span class='ocrx_word' id='word_1_273' title='bbox 872 3061 969 3132; x_wconf 74' lang='lat' dir='ltr'><em>Arqne</em></span> <span class='ocrx_word' id='word_1_274' title='bbox 996 3061 1071 3119; x_wconf 82' lang='lat' dir='ltr'><em>lraec</em></span> <span class='ocrx_word' id='word_1_275' title='bbox 1100 3057 1169 3134; x_wconf 88' lang='lat' dir='ltr'><em>ipsa</em></span> <span class='ocrx_word' id='word_1_276' title='bbox 1196 3059 1265 3117; x_wconf 84' lang='grc'><em>2122222</em></span> <span class='ocrx_word' id='word_1_277' title='bbox 1295 3075 1335 3118; x_wconf 80' lang='lat' dir='ltr'><em>ex</em></span> <span class='ocrx_word' id='word_1_278' title='bbox 1358 3055 1488 3117; x_wconf 74' lang='lat' dir='ltr'><em>dioensis</em></span> <span class='ocrx_word' id='word_1_279' title='bbox 1509 3054 1598 3117; x_wconf 77' lang='lat' dir='ltr'><em>liaris</em></span> 
     </span>
     <span class='ocr_line' id='line_1_28' title="bbox 301 3157 1598 3237; baseline 0.002 -20"><span class='ocrx_word' id='word_1_280' title='bbox 301 3158 513 3233; x_wconf 83' lang='lat' dir='ltr'><em>promoraticis</em></span> <span class='ocrx_word' id='word_1_281' title='bbox 539 3176 706 3235; x_wconf 81' lang='lat' dir='ltr'><em>eorrperere</em></span> <span class='ocrx_word' id='word_1_282' title='bbox 733 3161 847 3231; x_wconf 86' lang='lat' dir='ltr'><em>studet,</em></span> <span class='ocrx_word' id='word_1_283' title='bbox 879 3177 969 3237; x_wconf 90' lang='lat' dir='ltr'><em>saepe</em></span> <span class='ocrx_word' id='word_1_284' title='bbox 996 3158 1090 3220; x_wconf 83' lang='lat' dir='ltr'><em>nintio</em></span> <span class='ocrx_word' id='word_1_285' title='bbox 1122 3157 1288 3233; x_wconf 81' lang='lat' dir='ltr'><em>collipendi</em></span> <span class='ocrx_word' id='word_1_286' title='bbox 1314 3161 1428 3218; x_wconf 88' lang='lat' dir='ltr'><em>ardore</em></span> <span class='ocrx_word' id='word_1_287' title='bbox 1455 3161 1598 3235; x_wconf 82' lang='lat' dir='ltr'><em>nIrreptns</em></span> 
     </span>
     <span class='ocr_line' id='line_1_29' title="bbox 302 3259 1596 3337; baseline -0.002 -16"><span class='ocrx_word' id='word_1_288' title='bbox 302 3278 337 3322; x_wconf 87' lang='lat' dir='ltr'><em>eo</em></span> <span class='ocrx_word' id='word_1_289' title='bbox 359 3262 505 3321; x_wconf 82' lang='lat' dir='ltr'><em>dedoctus</em></span> <span class='ocrx_word' id='word_1_290' title='bbox 532 3269 590 3336; x_wconf 90' lang='lat' dir='ltr'><em>est,</em></span> <span class='ocrx_word' id='word_1_291' title='bbox 626 3270 658 3321; x_wconf 88' lang='lat' dir='ltr'><em>nt</em></span> <span class='ocrx_word' id='word_1_292' title='bbox 684 3263 835 3335; x_wconf 82' lang='lat' dir='ltr'><em>nepteoto,</em></span> <span class='ocrx_word' id='word_1_293' title='bbox 869 3280 928 3336; x_wconf 80' lang='lat' dir='ltr'><em>qno</em></span> <span class='ocrx_word' id='word_1_294' title='bbox 961 3260 1019 3322; x_wconf 90' lang='lat' dir='ltr'><em>ista</em></span> <span class='ocrx_word' id='word_1_295' title='bbox 1051 3259 1208 3337; x_wconf 79' lang='lat' dir='ltr'><em>explicata</em></span> <span class='ocrx_word' id='word_1_296' title='bbox 1241 3269 1346 3329; x_wconf 89' lang='lat' dir='ltr'><em>erant,</em></span> <span class='ocrx_word' id='word_1_297' title='bbox 1378 3259 1596 3321; x_wconf 85' lang='lat' dir='ltr'><em>sententiarum</em></span> 
     </span>
     <span class='ocr_line' id='line_1_30' title="bbox 301 3361 1596 3439; baseline -0.002 -15"><span class='ocrx_word' id='word_1_298' title='bbox 301 3380 435 3430; x_wconf 82' lang='lat' dir='ltr'><em>conexo,</em></span> <span class='ocrx_word' id='word_1_299' title='bbox 461 3370 554 3439; x_wconf 85' lang='lat' dir='ltr'><em>prout</em></span> <span class='ocrx_word' id='word_1_300' title='bbox 583 3362 689 3423; x_wconf 81' lang='lat' dir='ltr'><em>liberet</em></span> <span class='ocrx_word' id='word_1_301' title='bbox 716 3362 863 3438; x_wconf 75' lang='lat' dir='ltr'><em>aniciano,</em></span> <span class='ocrx_word' id='word_1_302' title='bbox 893 3371 1080 3439; x_wconf 74' lang='lat' dir='ltr'><em>excerperet.</em></span> <span class='ocrx_word' id='word_1_303' title='bbox 1128 3362 1191 3433; x_wconf 75' lang='lat' dir='ltr'><em>Ono</em></span> <span class='ocrx_word' id='word_1_304' title='bbox 1208 3361 1329 3434; x_wconf 86' lang='lat' dir='ltr'><em>factam</em></span> <span class='ocrx_word' id='word_1_305' title='bbox 1351 3371 1406 3431; x_wconf 89' lang='lat' dir='ltr'><em>est,</em></span> <span class='ocrx_word' id='word_1_306' title='bbox 1436 3371 1468 3423; x_wconf 87' lang='lat' dir='ltr'><em>nt</em></span> <span class='ocrx_word' id='word_1_307' title='bbox 1494 3361 1596 3422; x_wconf 83' lang='lat' dir='ltr'><em>multis</em></span> 
     </span>
     <span class='ocr_line' id='line_1_31' title="bbox 301 3463 1593 3541; baseline 0 -18"><span class='ocrx_word' id='word_1_308' title='bbox 301 3463 378 3526; x_wconf 87' lang='lat' dir='ltr'><em>locis</em></span> <span class='ocrx_word' id='word_1_309' title='bbox 399 3463 502 3525; x_wconf 76' lang='lat' dir='ltr'><em>‘eninr’</em></span> <span class='ocrx_word' id='word_1_310' title='bbox 525 3466 574 3524; x_wconf 87' lang='lat' dir='ltr'><em>net</em></span> <span class='ocrx_word' id='word_1_311' title='bbox 595 3463 988 3541; x_wconf 58' lang='grc' dir='ltr'><em>ε22222222221122102202110</em></span> <span class='ocrx_word' id='word_1_312' title='bbox 1010 3483 1070 3525; x_wconf 88' lang='lat' dir='ltr'><em>nan</em></span> <span class='ocrx_word' id='word_1_313' title='bbox 1093 3466 1218 3539; x_wconf 77' lang='lat' dir='ltr'><em>lrabeat,</em></span> <span class='ocrx_word' id='word_1_314' title='bbox 1250 3466 1293 3523; x_wconf 88' lang='lat' dir='ltr'><em>nd</em></span> <span class='ocrx_word' id='word_1_315' title='bbox 1319 3466 1400 3541; x_wconf 81' lang='lat' dir='ltr'><em>qaod</em></span> <span class='ocrx_word' id='word_1_316' title='bbox 1425 3464 1593 3536; x_wconf 80' lang='lat' dir='ltr'><em>reseratur,</em></span> 
     </span>
     <span class='ocr_line' id='line_1_32' title="bbox 292 3565 1595 3643; baseline -0.001 -17"><span class='ocrx_word' id='word_1_317' title='bbox 292 3565 346 3639; x_wconf 77' lang='lat' dir='ltr'><em>es.</em></span> <span class='ocrx_word' id='word_1_318' title='bbox 366 3585 400 3643; x_wconf 92' lang='lat' dir='ltr'><em>p.</em></span> <span class='ocrx_word' id='word_1_319' title='bbox 419 3574 468 3634; x_wconf 81' lang='grc'><em>17,</em></span> <span class='ocrx_word' id='word_1_320' title='bbox 489 3574 532 3626; x_wconf 93' lang='grc'><em>17.</em></span> <span class='ocrx_word' id='word_1_321' title='bbox 552 3575 606 3637; x_wconf 88' lang='grc'><em>20;</em></span> <span class='ocrx_word' id='word_1_322' title='bbox 631 3576 679 3641; x_wconf 82' lang='grc'><em>50,</em></span> <span class='ocrx_word' id='word_1_323' title='bbox 700 3575 750 3636; x_wconf 88' lang='grc'><em>21;</em></span> <span class='ocrx_word' id='word_1_324' title='bbox 776 3576 893 3638; x_wconf 87' lang='grc'><em>00,10;</em></span> <span class='ocrx_word' id='word_1_325' title='bbox 916 3565 1055 3628; x_wconf 81' lang='lat' dir='ltr'><em>similiter</em></span> <span class='ocrx_word' id='word_1_326' title='bbox 1073 3585 1106 3642; x_wconf 90' lang='lat' dir='ltr'><em>p.</em></span> <span class='ocrx_word' id='word_1_327' title='bbox 1126 3574 1172 3639; x_wconf 86' lang='lat' dir='ltr'><em>aa,</em></span> <span class='ocrx_word' id='word_1_328' title='bbox 1200 3575 1238 3625; x_wconf 79' lang='grc'><em>21</em></span> <span class='ocrx_word' id='word_1_329' title='bbox 1261 3585 1320 3626; x_wconf 88' lang='lat' dir='ltr'><em>nan</em></span> <span class='ocrx_word' id='word_1_330' title='bbox 1343 3573 1402 3632; x_wconf 87' lang='lat' dir='ltr'><em>est.</em></span> <span class='ocrx_word' id='word_1_331' title='bbox 1426 3584 1484 3641; x_wconf 81' lang='lat' dir='ltr'><em>qno</em></span> <span class='ocrx_word' id='word_1_332' title='bbox 1506 3568 1595 3626; x_wconf 77' lang='lat' dir='ltr'><em>‘isaeo</em></span> 
     </span>
     <span class='ocr_line' id='line_1_33' title="bbox 303 3666 1593 3744; baseline 0 -16"><span class='ocrx_word' id='word_1_333' title='bbox 303 3670 407 3729; x_wconf 66' lang='grc'><em>2222120</em></span> <span class='ocrx_word' id='word_1_334' title='bbox 426 3667 585 3744; x_wconf 86' lang='lat' dir='ltr'><em>pertinere</em></span> <span class='ocrx_word' id='word_1_335' title='bbox 613 3667 765 3735; x_wconf 81' lang='lat' dir='ltr'><em>dicamus,</em></span> <span class='ocrx_word' id='word_1_336' title='bbox 797 3666 859 3729; x_wconf 90' lang='lat' dir='ltr'><em>nisi</em></span> <span class='ocrx_word' id='word_1_337' title='bbox 881 3679 1035 3729; x_wconf 83' lang='lat' dir='ltr'><em>ernetorern</em></span> <span class='ocrx_word' id='word_1_338' title='bbox 1057 3669 1136 3727; x_wconf 88' lang='lat' dir='ltr'><em>rnole</em></span> <span class='ocrx_word' id='word_1_339' title='bbox 1157 3670 1233 3728; x_wconf 86' lang='grc'><em>12022</em></span> <span class='ocrx_word' id='word_1_340' title='bbox 1255 3667 1443 3744; x_wconf 70' lang='lat' dir='ltr'><em>excerpsisse</em></span> <span class='ocrx_word' id='word_1_341' title='bbox 1465 3667 1593 3728; x_wconf 84' lang='lat' dir='ltr'><em>arbitre-</em></span> 
     </span>
     <span class='ocr_line' id='line_1_34' title="bbox 302 3768 1593 3846; baseline 0 -17"><span class='ocrx_word' id='word_1_342' title='bbox 302 3789 379 3831; x_wconf 88' lang='lat' dir='ltr'><em>rnar.</em></span> <span class='ocrx_word' id='word_1_343' title='bbox 419 3773 553 3831; x_wconf 77' lang='lat' dir='ltr'><em>Ceterum</em></span> <span class='ocrx_word' id='word_1_344' title='bbox 575 3769 736 3832; x_wconf 77' lang='lat' dir='ltr'><em>apiscersns</em></span> <span class='ocrx_word' id='word_1_345' title='bbox 758 3769 896 3846; x_wconf 85' lang='lat' dir='ltr'><em>opascali</em></span> <span class='ocrx_word' id='word_1_346' title='bbox 917 3769 1037 3830; x_wconf 82' lang='lat' dir='ltr'><em>lintritns</em></span> <span class='ocrx_word' id='word_1_347' title='bbox 1058 3769 1086 3830; x_wconf 86' lang='lat' dir='ltr'><em>is</em></span> <span class='ocrx_word' id='word_1_348' title='bbox 1107 3777 1165 3845; x_wconf 88' lang='grc'><em>221,</em></span> <span class='ocrx_word' id='word_1_349' title='bbox 1189 3778 1229 3839; x_wconf 88' lang='grc'><em>21,</em></span> <span class='ocrx_word' id='word_1_350' title='bbox 1252 3768 1306 3844; x_wconf 84' lang='lat' dir='ltr'><em>qni</em></span> <span class='ocrx_word' id='word_1_351' title='bbox 1327 3768 1461 3845; x_wconf 89' lang='lat' dir='ltr'><em>scripsit,</em></span> <span class='ocrx_word' id='word_1_352' title='bbox 1482 3788 1593 3845; x_wconf 88' lang='lat' dir='ltr'><em>paera-</em></span> 
     </span>
     <span class='ocr_line' id='line_1_35' title="bbox 301 3870 1594 3949; baseline -0.002 -17"><span class='ocrx_word' id='word_1_353' title='bbox 301 3890 369 3932; x_wconf 89' lang='lat' dir='ltr'><em>ram</em></span> <span class='ocrx_word' id='word_1_354' title='bbox 398 3871 509 3933; x_wconf 85' lang='lat' dir='ltr'><em>arrian&#39;s</em></span> <span class='ocrx_word' id='word_1_355' title='bbox 536 3870 761 3949; x_wconf 83' lang='lat' dir='ltr'><em>simplicissima</em></span> <span class='ocrx_word' id='word_1_356' title='bbox 789 3870 866 3931; x_wconf 91' lang='lat' dir='ltr'><em>artis</em></span> <span class='ocrx_word' id='word_1_357' title='bbox 896 3871 1118 3945; x_wconf 82' lang='lat' dir='ltr'><em>prnaanoticae</em></span> <span class='ocrx_word' id='word_1_358' title='bbox 1141 3879 1310 3948; x_wconf 89' lang='lat' dir='ltr'><em>praecepta</em></span> <span class='ocrx_word' id='word_1_359' title='bbox 1337 3889 1427 3947; x_wconf 79' lang='lat' dir='ltr'><em>quarn</em></span> <span class='ocrx_word' id='word_1_360' title='bbox 1450 3870 1594 3946; x_wconf 80' lang='lat' dir='ltr'><em>plurimis</em></span> 
     </span>
     <span class='ocr_line' id='line_1_36' title="bbox 298 3970 1593 4051; baseline 0 -18"><span class='ocrx_word' id='word_1_361' title='bbox 298 3978 422 4048; x_wconf 79' lang='lat' dir='ltr'><em>firmato</em></span> <span class='ocrx_word' id='word_1_362' title='bbox 444 3975 590 4051; x_wconf 85' lang='lat' dir='ltr'><em>exemplis</em></span> <span class='ocrx_word' id='word_1_363' title='bbox 614 3974 771 4034; x_wconf 84' lang='lat' dir='ltr'><em>inentcore</em></span> <span class='ocrx_word' id='word_1_364' title='bbox 792 3970 921 4033; x_wconf 80' lang='lat' dir='ltr'><em>noluisse</em></span> <span class='ocrx_word' id='word_1_365' title='bbox 943 3971 1094 4048; x_wconf 82' lang='lat' dir='ltr'><em>uideatur,</em></span> <span class='ocrx_word' id='word_1_366' title='bbox 1118 3974 1201 4047; x_wconf 83' lang='lat' dir='ltr'><em>qaod</em></span> <span class='ocrx_word' id='word_1_367' title='bbox 1215 3983 1246 4034; x_wconf 86' lang='grc'><em>221</em></span> <span class='ocrx_word' id='word_1_368' title='bbox 1261 3973 1406 4047; x_wconf 79' lang='lat' dir='ltr'><em>efficeret,</em></span> <span class='ocrx_word' id='word_1_369' title='bbox 1431 3991 1509 4047; x_wconf 74' lang='grc'><em>2222222</em></span> <span class='ocrx_word' id='word_1_370' title='bbox 1531 3972 1593 4046; x_wconf 86' lang='lat' dir='ltr'><em>dis-</em></span> 
     </span>
     <span class='ocr_line' id='line_1_37' title="bbox 300 4072 1594 4153; baseline -0.002 -17"><span class='ocrx_word' id='word_1_371' title='bbox 300 4075 435 4147; x_wconf 73' lang='lat' dir='ltr'><em>ficiliara</em></span> <span class='ocrx_word' id='word_1_372' title='bbox 456 4086 546 4137; x_wconf 88' lang='lat' dir='ltr'><em>erant</em></span> <span class='ocrx_word' id='word_1_373' title='bbox 569 4075 737 4153; x_wconf 84' lang='lat' dir='ltr'><em>intellecta,</em></span> <span class='ocrx_word' id='word_1_374' title='bbox 765 4084 820 4135; x_wconf 88' lang='lat' dir='ltr'><em>ant</em></span> <span class='ocrx_word' id='word_1_375' title='bbox 842 4072 963 4135; x_wconf 85' lang='lat' dir='ltr'><em>omnino</em></span> <span class='ocrx_word' id='word_1_376' title='bbox 989 4073 1197 4151; x_wconf 84' lang='lat' dir='ltr'><em>praetermisit</em></span> <span class='ocrx_word' id='word_1_377' title='bbox 1225 4084 1294 4149; x_wconf 87' lang='lat' dir='ltr'><em>ant,</em></span> <span class='ocrx_word' id='word_1_378' title='bbox 1321 4093 1359 4134; x_wconf 91' lang='lat' dir='ltr'><em>ne</em></span> <span class='ocrx_word' id='word_1_379' title='bbox 1386 4077 1468 4133; x_wconf 82' lang='grc'><em>1222222</em></span> <span class='ocrx_word' id='word_1_380' title='bbox 1494 4072 1594 4147; x_wconf 76' lang='lat' dir='ltr'><em>officii</em></span> 
     </span>
     <span class='ocr_line' id='line_1_38' title="bbox 296 4174 1507 4256; baseline -0.003 -18"><span class='ocrx_word' id='word_1_381' title='bbox 296 4187 418 4255; x_wconf 86' lang='lat' dir='ltr'><em>partern</em></span> <span class='ocrx_word' id='word_1_382' title='bbox 436 4183 533 4256; x_wconf 82' lang='lat' dir='ltr'><em>plone</em></span> <span class='ocrx_word' id='word_1_383' title='bbox 554 4177 724 4253; x_wconf 79' lang='lat' dir='ltr'><em>neptenisse</em></span> <span class='ocrx_word' id='word_1_384' title='bbox 743 4185 915 4253; x_wconf 81' lang='lat' dir='ltr'><em>patoretur,</em></span> <span class='ocrx_word' id='word_1_385' title='bbox 941 4175 1036 4237; x_wconf 77' lang='lat' dir='ltr'><em>obiter</em></span> <span class='ocrx_word' id='word_1_386' title='bbox 1058 4187 1148 4252; x_wconf 77' lang='lat' dir='ltr'><em>atone</em></span> <span class='ocrx_word' id='word_1_387' title='bbox 1170 4176 1282 4253; x_wconf 85' lang='lat' dir='ltr'><em>raptim</em></span> <span class='ocrx_word' id='word_1_388' title='bbox 1303 4174 1507 4253; x_wconf 82' lang='lat' dir='ltr'><em>percursanit.</em></span> 
     </span>
    </p>

    <p class='ocr_par' dir='ltr' id='par_1_3' title="bbox 300 4276 1593 4864">
     <span class='ocr_line' id='line_1_39' title="bbox 385 4276 1592 4354; baseline -0.002 -13"><span class='ocrx_word' id='word_1_389' title='bbox 385 4284 423 4342; x_wconf 89' lang='lat' dir='ltr'><em>In</em></span> <span class='ocrx_word' id='word_1_390' title='bbox 446 4282 632 4341; x_wconf 85' lang='lat' dir='ltr'><em>errrendando</em></span> <span class='ocrx_word' id='word_1_391' title='bbox 653 4277 753 4338; x_wconf 77' lang='lat' dir='ltr'><em>libella</em></span> <span class='ocrx_word' id='word_1_392' title='bbox 775 4295 852 4352; x_wconf 84' lang='lat' dir='ltr'><em>qaae</em></span> <span class='ocrx_word' id='word_1_393' title='bbox 874 4296 920 4337; x_wconf 86' lang='lat' dir='ltr'><em>rne</em></span> <span class='ocrx_word' id='word_1_394' title='bbox 938 4278 1103 4353; x_wconf 79' lang='lat' dir='ltr'><em>superant,</em></span> <span class='ocrx_word' id='word_1_395' title='bbox 1127 4281 1296 4340; x_wconf 84' lang='grc'><em>1222222021.</em></span> <span class='ocrx_word' id='word_1_396' title='bbox 1332 4281 1365 4338; x_wconf 82' lang='lat' dir='ltr'><em>P.</em></span> <span class='ocrx_word' id='word_1_397' title='bbox 1386 4285 1434 4354; x_wconf 88' lang='grc'><em>10,</em></span> <span class='ocrx_word' id='word_1_398' title='bbox 1451 4286 1468 4335; x_wconf 81' lang='grc'><em>5</em></span> <span class='ocrx_word' id='word_1_399' title='bbox 1485 4276 1592 4352; x_wconf 86' lang='lat' dir='ltr'><em>‘piior&#39;</em></span> 
     </span>
     <span class='ocr_line' id='line_1_40' title="bbox 300 4378 1593 4456; baseline -0.002 -15"><span class='ocrx_word' id='word_1_400' title='bbox 300 4382 490 4444; x_wconf 81' lang='lat' dir='ltr'><em>scribendum</em></span> <span class='ocrx_word' id='word_1_401' title='bbox 513 4391 599 4451; x_wconf 89' lang='lat' dir='ltr'><em>erat;</em></span> <span class='ocrx_word' id='word_1_402' title='bbox 618 4400 652 4456; x_wconf 94' lang='lat' dir='ltr'><em>p.</em></span> <span class='ocrx_word' id='word_1_403' title='bbox 680 4390 733 4453; x_wconf 86' lang='grc'><em>12,</em></span> <span class='ocrx_word' id='word_1_404' title='bbox 761 4388 793 4438; x_wconf 76' lang='lat' dir='ltr'><em>ts</em></span> <span class='ocrx_word' id='word_1_405' title='bbox 818 4382 900 4456; x_wconf 81' lang='lat' dir='ltr'><em>qnod</em></span> <span class='ocrx_word' id='word_1_406' title='bbox 919 4378 1032 4455; x_wconf 82' lang='lat' dir='ltr'><em>lepino·</em></span> <span class='ocrx_word' id='word_1_407' title='bbox 1055 4383 1226 4456; x_wconf 71' lang='lat' dir='ltr'><em>‘preteriens&#39;,</em></span> <span class='ocrx_word' id='word_1_408' title='bbox 1248 4383 1343 4456; x_wconf 78' lang='lat' dir='ltr'><em>praeto</em></span> <span class='ocrx_word' id='word_1_409' title='bbox 1362 4388 1431 4455; x_wconf 90' lang='lat' dir='ltr'><em>past</em></span> <span class='ocrx_word' id='word_1_410' title='bbox 1455 4387 1489 4437; x_wconf 87' lang='grc'><em>21</em></span> <span class='ocrx_word' id='word_1_411' title='bbox 1509 4378 1593 4451; x_wconf 86' lang='lat' dir='ltr'><em>falso</em></span> 
     </span>
     <span class='ocr_line' id='line_1_41' title="bbox 301 4481 1592 4561; baseline -0.003 -17"><span class='ocrx_word' id='word_1_412' title='bbox 301 4484 446 4561; x_wconf 84' lang='lat' dir='ltr'><em>repetini,</em></span> <span class='ocrx_word' id='word_1_413' title='bbox 475 4501 542 4544; x_wconf 84' lang='grc'><em>22022</em></span> <span class='ocrx_word' id='word_1_414' title='bbox 570 4481 686 4544; x_wconf 87' lang='lat' dir='ltr'><em>codicis</em></span> <span class='ocrx_word' id='word_1_415' title='bbox 715 4484 740 4541; x_wconf 79' lang='grc' dir='ltr'><em>Α</em></span> <span class='ocrx_word' id='word_1_416' title='bbox 767 4481 923 4559; x_wconf 83' lang='lat' dir='ltr'><em>scriptore</em></span> <span class='ocrx_word' id='word_1_417' title='bbox 946 4485 1101 4558; x_wconf 76' lang='lat' dir='ltr'><em>‘prernen&#39;</em></span> <span class='ocrx_word' id='word_1_418' title='bbox 1127 4483 1229 4559; x_wconf 86' lang='lat' dir='ltr'><em>potins</em></span> <span class='ocrx_word' id='word_1_419' title='bbox 1252 4482 1406 4556; x_wconf 70' lang='lat' dir='ltr'><em>‘pernen’</em></span> <span class='ocrx_word' id='word_1_420' title='bbox 1435 4483 1592 4556; x_wconf 79' lang='lat' dir='ltr'><em>teporatanr</em></span> 
     </span>
     <span class='ocr_line' id='line_1_42' title="bbox 301 4581 1591 4662; baseline -0.003 -17"><span class='ocrx_word' id='word_1_421' title='bbox 301 4605 362 4646; x_wconf 88' lang='lat' dir='ltr'><em>esse</em></span> <span class='ocrx_word' id='word_1_422' title='bbox 384 4588 603 4646; x_wconf 84' lang='lat' dir='ltr'><em>demonstraret</em></span> <span class='ocrx_word' id='word_1_423' title='bbox 609 4606 620 4655; x_wconf 91' lang='lat'><em>;</em></span> <span class='ocrx_word' id='word_1_424' title='bbox 637 4604 672 4662; x_wconf 93' lang='lat' dir='ltr'><em>p.</em></span> <span class='ocrx_word' id='word_1_425' title='bbox 698 4592 747 4662; x_wconf 80' lang='grc'><em>13,</em></span> <span class='ocrx_word' id='word_1_426' title='bbox 766 4592 802 4643; x_wconf 88' lang='grc'><em>27</em></span> <span class='ocrx_word' id='word_1_427' title='bbox 822 4603 882 4661; x_wconf 92' lang='lat' dir='ltr'><em>pro</em></span> <span class='ocrx_word' id='word_1_428' title='bbox 900 4585 980 4645; x_wconf 84' lang='lat' dir='ltr'><em>‘rnel’</em></span> <span class='ocrx_word' id='word_1_429' title='bbox 996 4588 1140 4644; x_wconf 85' lang='lat' dir='ltr'><em>rncllnrn</em></span> <span class='ocrx_word' id='word_1_430' title='bbox 1162 4583 1297 4645; x_wconf 76' lang='lat' dir='ltr'><em>scribere</em></span> <span class='ocrx_word' id='word_1_431' title='bbox 1318 4581 1465 4656; x_wconf 79' lang='lat' dir='ltr'><em>clicbitani,</em></span> <span class='ocrx_word' id='word_1_432' title='bbox 1491 4601 1591 4657; x_wconf 79' lang='lat' dir='ltr'><em>artant-</em></span> 
     </span>
     <span class='ocr_line' id='line_1_43' title="bbox 300 4675 1591 4763; baseline -0.002 -16"><span class='ocrx_word' id='word_1_433' title='bbox 300 4706 388 4762; x_wconf 82' lang='lat' dir='ltr'><em>onarn</em></span> <span class='ocrx_word' id='word_1_434' title='bbox 411 4675 518 4748; x_wconf 87' lang='lat' dir='ltr'><em>anctor</em></span> <span class='ocrx_word' id='word_1_435' title='bbox 535 4686 696 4763; x_wconf 88' lang='lat' dir='ltr'><em>proposito</em></span> <span class='ocrx_word' id='word_1_436' title='bbox 724 4688 868 4747; x_wconf 78' lang='lat' dir='ltr'><em>‘anrnrn&#39;</em></span> <span class='ocrx_word' id='word_1_437' title='bbox 898 4686 1040 4747; x_wconf 83' lang='lat' dir='ltr'><em>naeabati</em></span> <span class='ocrx_word' id='word_1_438' title='bbox 1068 4685 1274 4746; x_wconf 84' lang='lat' dir='ltr'><em>declinatione</em></span> <span class='ocrx_word' id='word_1_439' title='bbox 1297 4683 1368 4743; x_wconf 85' lang='lat' dir='ltr'><em>‘sic</em></span> <span class='ocrx_word' id='word_1_440' title='bbox 1391 4683 1591 4745; x_wconf 88' lang='lat' dir='ltr'><em>declinan-</em></span> 
     </span>
     <span class='ocr_line' id='line_1_44' title="bbox 301 4787 1591 4864; baseline -0.001 -17"><span class='ocrx_word' id='word_1_441' title='bbox 301 4792 381 4849; x_wconf 83' lang='grc'><em>2122222</em></span> <span class='ocrx_word' id='word_1_442' title='bbox 409 4808 489 4848; x_wconf 89' lang='lat' dir='ltr'><em>esse</em></span> <span class='ocrx_word' id='word_1_443' title='bbox 517 4798 675 4864; x_wconf 77' lang='lat' dir='ltr'><em>carpentum</em></span> <span class='ocrx_word' id='word_1_444' title='bbox 698 4799 755 4849; x_wconf 87' lang='lat' dir='ltr'><em>etc.</em></span> <span class='ocrx_word' id='word_1_445' title='bbox 779 4792 837 4849; x_wconf 87' lang='lat' dir='ltr'><em>mel</em></span> <span class='ocrx_word' id='word_1_446' title='bbox 859 4787 963 4849; x_wconf 83' lang='lat' dir='ltr'><em>teirnon</em></span> <span class='ocrx_word' id='word_1_447' title='bbox 986 4789 1097 4848; x_wconf 85' lang='lat' dir='ltr'><em>olennr’</em></span> <span class='ocrx_word' id='word_1_448' title='bbox 1122 4806 1235 4864; x_wconf 83' lang='lat' dir='ltr'><em>parurn</em></span> <span class='ocrx_word' id='word_1_449' title='bbox 1263 4795 1407 4847; x_wconf 82' lang='lat' dir='ltr'><em>accurate</em></span> <span class='ocrx_word' id='word_1_450' title='bbox 1429 4788 1591 4857; x_wconf 83' lang='lat' dir='ltr'><em>elocreer·at;</em></span> 
     </span>
    </p>
   </div>
   <div class='ocr_carea' id='block_1_3' title="bbox 0 0 1738 5422">
    <p class='ocr_par' dir='ltr' id='par_1_4' title="bbox 0 0 1738 5422">
     <span class='ocr_line' id='line_1_45' title="bbox 0 0 1738 5422; baseline 0 3"><span class='ocrx_word' id='word_1_451' title='bbox 0 0 1738 5422; x_wconf 95' lang='lat' dir='ltr'><em> </em></span> 
     </span>
    </p>
   </div>
  </div>
 </body>
</html>
