3420 5378
227 304 269 369 94
738 303 807 355 aas
825 303 1002 356 auouuua

228 492 395 555 famulabus
424 498 547 572 propter
575 491 771 552 differentiam
806 500 909 552 contra
938 491 987 552 illa
1016 493 1135 554 nomina
1164 488 1340 563 masculina,
1376 509 1393 552 a
1424 493 1526 570 quihus

227 598 379 664 oriuntur,
408 613 483 674 qnae
505 601 575 655 sunt
596 594 744 654 secundae
766 592 985 662 declinationis,
1016 594 1072 655 hoc
1101 601 1147 656 est
1169 597 1287 657 nomina
1316 596 1391 658 dens
1413 599 1526 659 animus

227 699 303 759 filins
337 697 435 758 merlus
468 713 561 774 equus
593 712 678 755 urstis
712 695 849 757 lamulns.
901 695 972 756 item
1002 699 1127 776 septima
1163 699 1277 777 species
1304 708 1352 760 est
1378 702 1524 761 contraria

227 802 339 880 primae
368 797 589 859 declinationis:
625 799 745 858 nomina
767 798 796 858 in
825 816 841 858 a
871 797 1051 867 desinentia,
1080 816 1156 876 quae
1183 801 1356 876 genetiuum
1384 804 1417 872 in
1446 820 1478 862 as
1497 809 1526 861 et

227 903 357 963 datiuum
386 903 417 960 in
448 901 475 959 ai
499 899 659 959 terminant
686 899 848 959 secundum
872 900 1054 960 Graecorum
1078 918 1206 969 neonem,
1236 910 1269 961 nt
1294 901 1371 962 haec
1393 901 1545 963 custodias

227 1004 314 1064 lanius
337 1000 486 1062 custodias
514 1001 583 1061 huic
606 1000 765 1068 custodian,
797 1000 871 1060 haec
894 1001 1002 1061 lamilia
1027 1000 1114 1063 huius
1136 1001 1264 1063 familias
1292 1001 1365 1064 huto
1386 1003 1522 1065 familiai:

169 1126 176 1137 ·
227 1106 296 1165 laiac
311 1105 418 1181 legitur
433 1105 463 1163 in
481 1101 683 1180 euangelio
705 1101 868 1162 seeundum
887 1120 971 1162 usum
988 1105 1193 1183 antiquorum:
1217 1103 1253 1162 Si
1276 1106 1398 1166 sciret
1421 1113 1523 1185 pater

225 1205 410 1281 familias,
444 1223 511 1283 qua
544 1203 634 1264 hora
667 1204 726 1264 iur
759 1205 909 1263 ueniret
940 1213 970 1265 et
1004 1204 1125 1285 reliqua.
1181 1205 1406 1266 Priscianus
1439 1205 1521 1267 dixit:

226 1308 361 1369 ‘Veteres
385 1305 522 1368 dicebant
545 1305 669 1365 lamilias
692 1323 745 1384 pro
769 1304 898 1365 lamiliae
921 1314 951 1366 et
973 1316 1069 1368 terras
1091 1326 1146 1385 pro
1169 1315 1282 1377 terrae,
1312 1308 1451 1369 fortunas
1472 1326 1522 1387 pro

150 1436 158 1451 =
226 1411 387 1471 lortnnae’.
432 1405 691 1467 Enniusdixit:
716 1406 785 1466 ‹lux
814 1408 895 1485 ipso
923 1411 1001 1469 trias
1025 1428 1079 1490 pro
1101 1411 1176 1469 uiae.
1214 1409 1418 1487 Pompeius
1439 1407 1551 1469 dicitza

225 1509 397 1572 Familias
431 1509 631 1587 genetiuus
664 1506 873 1585 singularis
908 1511 1086 1590 antiquus
1117 1520 1188 1579 est:
1225 1508 1323 1590 apud
1358 1509 1521 1571 maiores

227 1620 375 1673 nostros
398 1614 495 1671 enim
518 1609 699 1688 pleraque
722 1611 867 1670 nomina
891 1609 932 1670 ad
957 1613 1066 1671 ritum
1083 1612 1265 1674 Graecum
1283 1608 1519 1673 declinaban-

226 1723 294 1775 tur.
339 1712 525 1774 llalremus
552 1709 645 1790 apud
682 1709 904 1770 Salustium:
941 1710 1137 1774 thesauros
1164 1712 1364 1775 custodias
1389 1714 1519 1791 regias.

225 1816 273 1875 Sic
295 1816 373 1875 enim
388 1814 551 1875 secundnm
566 1813 709 1873 Graecam
727 1809 955 1873 declinationem
971 1813 1081 1876 dicitur
1094 1813 1153 1894 τῆς
1164 1813 1326 1883 custodias,
1343 1813 1405 1894 τῆς
1420 1814 1520 1893 regias,

224 1917 282 1996 τῆς
304 1916 411 1983 Musas,
435 1915 493 1993 τῆς
516 1913 637 1988 tabulas,
661 1912 718 1974 hoo
734 1922 779 1973 est
793 1912 881 1973 linitis
903 1915 1053 1976 custodian
1075 1914 1163 1977 huius
1178 1918 1278 1993 regiae
1301 1914 1393 1976 liuius
1409 1914 1550 1977 talniaco

224 2018 313 2079 liuius
327 2017 443 2082 Musae:
466 2018 509 2076 sic
533 2016 620 2075 etiam
644 2013 718 2074 haec
740 2014 850 2076 lamilia
871 2015 955 2077 addis
969 2035 983 2077 s
999 2017 1035 2078 ad
1051 2018 1138 2078 istum
1159 2018 1376 2078 nominatinurn
1400 2026 1433 2078 et
1453 2018 1521 2079 iaci·

225 2122 288 2198 pies
310 2119 409 2179 lacere
433 2114 573 2184 familias:
598 2123 627 2176 et
650 2134 687 2175 ne
710 2116 786 2176 lorte
809 2115 890 2177 dicas
912 2123 988 2181 ‘nou
1011 2126 1057 2179 est
1078 2119 1236 2196 genetiuus
1257 2120 1330 2188 iste,
1359 2121 1417 2181 sed
1438 2118 1521 2180 dehet

225 2240 291 2281 esse
314 2221 501 2281 aecusatiuus
523 2217 668 2296 pluralis,
694 2234 749 2294 ego
771 2218 838 2278 dieo
860 2219 915 2279 tihi
938 2237 998 2279 non
1020 2239 1086 2280 esse
1108 2221 1321 2290 accusatinum,
1339 2220 1393 2282 sed
1411 2228 1521 2283 uatum

225 2321 313 2383 modo
335 2322 515 2399 genetiuum.
568 2318 641 2379 Nam
665 2316 772 2379 licebat
799 2319 959 2380 maioribus
982 2322 1091 2382 nostris
1113 2323 1169 2382 ista
1191 2322 1310 2384 nomina
1335 2324 1454 2403 primae
1475 2323 1521 2383 de·

225 2424 394 2484 clinatioois
418 2423 506 2481 etiam
530 2422 641 2482 Graeca
665 2417 860 2480 declinatione
884 2422 1005 2489 ellerre,
1030 2429 1062 2482 nt
1085 2422 1200 2487 hahetis
1221 2425 1252 2485 io
1275 2424 1425 2487 Salustio:
1448 2425 1551 2485 ‘the-⁹

225 2544 329 2586 sauros
352 2521 502 2584 custodias
524 2522 649 2600 regias',
679 2539 733 2600 pro
757 2522 892 2601 eoquod
915 2532 962 2584 est
983 2522 1135 2584 custodiae
1157 2526 1268 2603 rogiae.
1313 2526 1406 2588 Pater
1426 2534 1521 2588 autem

224 2627 425 2687 nominatiuus
449 2631 501 2691 est,
526 2621 652 2684 lamilias
674 2628 772 2683 autem
796 2631 840 2683 est
862 2623 1022 2702 singularis
1040 2627 1158 2687 numeri
1180 2627 1338 2703 genetiuus
1353 2636 1392 2703 ,et
1407 2631 1455 2689 sic
1475 2627 1522 2689 de·

223 2729 352 2790 clinatur
373 2744 429 2806 per
451 2743 554 2785 omnes
576 2742 678 2785 casus:
711 2724 760 2784 hic
782 2733 866 2803 pater
890 2726 1028 2796 lamilias,
1057 2726 1146 2788 huius
1169 2729 1261 2806 patris
1282 2726 1428 2799 lamilias,
1458 2730 1523 2791 hnic

222 2827 456 2911 patrifamilias,
480 2825 560 2886 launo
583 2833 696 2905 patrem
720 2825 862 2900 lamilias,
886 2846 904 2887 o
925 2837 1011 2907 pater
1033 2827 1166 2898 lamilias,
1190 2829 1227 2890 ab
1250 2829 1307 2890 hoc
1329 2838 1418 2910 patre
1440 2831 1522 2893 lanii·

224 2937 276 2994 lias
299 2941 328 2992 et
351 2926 505 3011 pluraliter
528 2928 557 2986 hi
580 2935 682 3005 patres
704 2926 844 2995 lamilias,
868 2927 973 2989 horum
997 2937 1113 3008 patrum
1141 2930 1283 3000 lamilias,
1313 2930 1361 2993 his
1389 2933 1553 3012 patribus¹⁵

224 3032 366 3101 lamilias,
399 3032 452 3091 lios
475 3038 576 3110 patres
597 3027 737 3099 familias
768 3038 908 3107 opatrcs
931 3029 1070 3101 lamilias,
1100 3030 1136 3092 ah
1159 3032 1204 3092 his
1226 3031 1522 3111 patribusfamilias

223 3134 302 3193 llaec
332 3141 430 3193 autem
458 3133 576 3191 nomina
607 3131 748 3191 leminina
775 3134 890 3211 primae
912 3131 1119 3193 declinationis
1141 3135 1172 3193 in
1196 3153 1211 3194 a
1235 3133 1419 3205 desinentia,
1449 3154 1523 3214 quae

223 3234 393 3312 gonetinum
422 3241 451 3294 et
474 3231 606 3293 datiuum
634 3233 665 3292 io
689 3251 723 3293 ae
746 3231 950 3313 diphthongon
979 3235 1154 3305 terminant,
1184 3235 1261 3314 apud
1290 3243 1412 3297 ueteres
1434 3253 1523 3315 gene·

225 3339 319 3398 titium
336 3345 365 3396 et
381 3335 513 3395 datiuum
530 3336 560 3394 ia
577 3335 603 3393 ai
620 3332 788 3401 mittebant:
813 3334 881 3396 inde
898 3335 926 3395 in
944 3336 1101 3414 Virgilio
1117 3337 1242 3415 legitur:
1266 3335 1341 3398 Olli
1364 3356 1523 3418 respon·

223 3440 279 3500 dit
311 3457 376 3500 rea
408 3435 514 3498 Albai
548 3435 688 3512 Longai
826 3434 923 3497 atilai
958 3437 1076 3499 medio
1100 3483 1207 3499 .....
1237 3440 1354 3518 pictai
1390 3442 1553 3501 uestisa

223 3541 293 3602 lnde
316 3540 542 3601 Priscianus
564 3536 652 3597 dixit:
677 3536 808 3599 ‘ueteres
831 3538 1032 3599 Rornanorum
1054 3548 1160 3619 poetae
1183 3541 1212 3599 in
1235 3539 1379 3618 genetiuo
1406 3538 1522 3622 primae

223 3641 427 3703 declinationis
449 3639 622 3718 frequenter
644 3638 819 3699 diuisionem
843 3648 873 3699 et
894 3639 1071 3701 solutionem
1095 3640 1270 3720 diphthongi
1293 3640 1463 3715 iaciebant,
1491 3650 1523 3705 nt

222 3758 449 3768 ---.-—-.-——-
461 3756 466 3765 ι

291 3828 390 3877 liliam
443 3825 590 3876 2seeunda
641 3823 756 3875 3malns
817 3826 980 3891 bgre⁰orum
1032 3826 1125 3877 ilhnic
1143 3827 1259 3878 custodia
1312 3825 1520 3895 leuangelium]

224 3895 355 3949 eueni!
374 3898 409 3946 39
461 3895 539 3956 8qui
559 3894 622 3941 hora
668 3888 826 3958 Priscianus]
845 3896 881 3956 es.
902 3894 917 3942 I
933 3897 1126 3960 p.198‚7aeq.
1196 3899 1309 3946 literne·
1344 3896 1520 3963 luetunaspro

221 3966 338 4012 l'urtnnae
391 3965 422 4013 10
441 3956 552 4027 Enraius]
572 3960 656 4010 Prisc.
675 3962 691 4010 l.
709 3962 727 4010 l.
744 3977 772 4025 p.
793 3963 886 4022 199,d
938 3959 1028 4027 Pomp]
1047 3962 1275 4027 rfip.180,3K.
1348 3968 1380 4014 11
1398 3967 1520 4029 antiquos

223 4035 254 4081 13
272 4036 316 4096 ap’
335 4031 454 4080 salutium
474 4030 610 4079 thesaurus
667 4030 736 4093 regis
789 4031 822 4078 14
840 4027 882 4078 Sic
900 4032 968 4079 enim
986 4028 1045 4096 ete]
1066 4032 1100 4093 es.
1110 4031 1400 4098 Poarp.p.180,7aeq.
1448 4031 1520 4083 decla

221 4100 313 4148 dieitur
330 4100 394 4159 thes,
413 4114 514 4161 semper
566 4096 621 4146 thes
640 4097 719 4159 regi⁸s
790 4098 821 4146 16
840 4097 913 4146 addis
932 4099 964 4147 ael
983 4100 1034 4148 istu
1122 4100 1150 4147 l‘l
1170 4098 1216 4147 sed
1234 4114 1280 4151 nm.
1302 4113 1361 4149 esse
1379 4098 1412 4148 ari
1489 4100 1520 4151 18

221 4169 304 4233 prima
365 4169 398 4217 20
416 4179 518 4230 grecam
537 4165 611 4214 decis
663 4164 798 4214 thesaurus
867 4167 899 4215 21
910 4167 990 4231 regPs
1037 4165 1153 4215 custodia
1205 4163 1268 4214 Nam
1288 4165 1519 4234 licebat-regiae]

221 4236 309 4299 Pomp.
326 4251 352 4297 p.
372 4237 432 4292 180,
451 4235 553 4282 16-18
621 4233 695 4281 Pater·
713 4242 797 4281 autem
817 4231 875 4281 nom
890 4231 913 4283 ie
931 4234 1039 4283 familias
1058 4234 1107 4283 hoc
1125 4243 1164 4283 est
1182 4236 1235 4299 regi
1254 4231 1314 4284 nom
1329 4236 1352 4284 si
1372 4237 1518 4301 genetinnm

220 4305 252 4353 24
270 4303 302 4350 ab
321 4300 395 4349 huius
481 4302 515 4349 26
534 4299 568 4349 hii
621 4299 711 4349 horum
731 4312 829 4364 patrem
915 4305 948 4352 tt
967 4301 1060 4351 lemine
1079 4303 1161 4367 prima
1235 4304 1268 4353 28
1285 4303 1312 4351 iu
1331 4318 1345 4352 e
1364 4304 1518 4371 dyptongou

220 4373 252 4420 29
271 4373 295 4418 in
314 4367 435 4433 Virgilio:
455 4367 503 4417 lllli
522 4365 582 4431 eto]
604 4369 661 4418 Non
679 4376 717 4418 eat
730 4368 852 4432 Vergilii,
870 4372 918 4420 aed
935 4370 1025 4433 Ennii,
1044 4371 1078 4431 ef.
1101 4366 1211 4435 [Sergii]
1231 4373 1366 4434 explanat.
1386 4372 1519 4424 annonae

219 4455 244 4501 p.
259 4439 347 4495 5132
367 4436 393 4483 a·
461 4438 494 4486 30
512 4436 578 4486 aliha
597 4439 603 4484 i
623 4435 699 4500 longa
718 4437 726 4485 i
744 4437 769 4485 iu
789 4437 873 4486 medio
892 4440 984 4487 uestris
1004 4439 1097 4503 pictani
1149 4435 1518 4504 aulninredi01Ver9.Aea.

220 4504 341 4553 111354
394 4504 470 4568 pictai
489 4501 582 4568 uestis]
607 4504 684 4567 Verp.
704 4507 769 4553 Aen.
793 4504 887 4555 VIIII
904 4509 938 4556 26
1023 4509 1053 4557 31
1073 4503 1232 4569 Priscianus]
1252 4506 1321 4569 (Η
1338 4523 1366 4571 ρ.
1386 4510 1520 4571 28d,2d:

221 4573 268 4619 nisi
280 4572 375 4620 dinisio
389 4571 433 4619 liat
451 4574 476 4620 in
495 4576 615 4636 genetiuo
635 4574 743 4636 poetica,
761 4588 812 4634 qua
831 4572 975 4634 frequenter
993 4585 1090 4622 ueteres
1103 4573 1275 4622 Romanorum
1294 4585 1388 4639 poetae
1406 4588 1518 4634 ntuattnr,

222 4640 313 4686 herreai
333 4651 357 4688 et
369 4639 492 4688 elaacltisai
512 4651 536 4688 et
554 4641 631 4706 pictai
649 4650 674 4688 et
691 4641 758 4688 aulai
777 4655 823 4704 pro
843 4643 944 4691 herenae
962 4652 1007 4692 etc,
1027 4641 1148 4689 dieentes.
1186 4642 1270 4705 Saepe
1289 4645 1354 4692 enim
1372 4661 1425 4695 nora
1442 4645 1519 4696 merda

220 4709 346 4768 auctores,
365 4710 410 4772 pai
426 4708 554 4765 laudatur,
578 4711 648 4771 ipen,
671 4709 718 4757 aed
736 4716 779 4757 eat
797 4717 946 4773 eaeeerptnm
962 4717 1006 4759 nat
1024 4710 1167 4759 aeniaeraom
1184 4711 1284 4760 laudati
1300 4712 1351 4761 loer'
1367 4717 1519 4764 catenata

220 4775 290 4836 arqui
307 4776 349 4823 illo
368 4776 450 4823 ‘dirit’
468 4776 635 4837 siparilientnr.
688 4787 744 4838 pete
813 4778 845 4825 32
863 4775 1003 4843 ‹tgptloagi

88 5014 238 5070 A
