3420 5378
199 240 260 345 'cvl
503 281 555 334 DE
574 280 751 335 VERGILIO
769 280 922 334 alaone
941 280 1191 335 GRAMMATICO.

196 475 357 547 terronam·
381 473 537 548 potueriat
568 471 698 544 difficile
730 471 812 532 dictu
840 478 893 532 est.
943 472 1079 532 Ceterum
1111 474 1141 531 in
1177 472 1266 534 buius
1302 475 1361 533 loci
1396 474 1505 535 uerbis

201 575 390 634 recensendis
422 571 494 634 librt'
528 575 655 647 uestipia
685 569 879 635 ΥΡΟΡΑΝΤΙ
920 575 1057 647 quurnnis
1089 582 1236 651 corrupta
1271 575 1358 649 sequi
1387 578 1503 649 raalai,

201 692 290 751 quam
312 667 497 752 ὑπάντησις
524 676 574 733 uel
598 666 797 745 ὑπαντίασις
824 677 976 751 conicere,
1006 676 1087 749 quod
1113 678 1209 752 ipsum
1238 678 1350 737 additis
1378 676 1505 738 ‘obuia-

200 778 299 837 tionis'
329 780 378 837 uel
406 777 572 836 ‘decursus’
603 777 901 852 interpretationibus
928 779 1100 851 sipuipioari
1125 781 1256 839 uidetur.
1311 777 1366 837 Est
1396 787 1505 840 aretem

201 880 287 955 apud
309 880 440 940 Graecos
462 881 567 939 montem
590 880 652 938 diei
663 856 749 950 ‘sesti
770 880 920 953 postridie
943 880 1101 939 Kalendas
1123 880 1311 939 Februarias
1337 880 1503 956 celebrati,

202 984 255 1042 eui
267 984 353 1057 apud
367 981 519 1041 Romanos
533 981 737 1040 Candelariae
756 996 861 1039 nomeu
878 988 935 1053 est,
959 981 1165 1058 uealpaute
1179 982 1228 1041 uel
1241 980 1429 1059 propaate
1452 988 1508 1044 uel

202 1085 363 1158 l'papanti
376 1084 458 1156 dieti,
483 1083 566 1157 quod
586 1084 681 1157 ipsum
704 1082 860 1141 ‘obuiatio’
884 1083 997 1143 dieitur
1017 1085 1190 1157 sipnip'eare
1205 1084 1291 1158 apud
1301 1083 1505 1146 Ditlanorum

154 1224 164 1231 ·-
202 1186 477 1259 Merseburpensent
505 1185 662 1258 (leibnitii
680 1182 793 1259 Seript.
823 1182 848 1241 T
846 1201 901 1244 om.
926 1185 947 1245 I
966 1203 1002 1260 p.
1028 1189 1116 1260 375):
1147 1187 1269 1260 ‘quarto
1296 1185 1377 1246 Non.
1401 1187 1503 1248 Febr.

202 1290 220 1346 i.
244 1305 269 1346 e.
287 1288 433 1364 praatp
448 1287 568 1346 bomini
580 1303 632 1346 seu
646 1287 817 1346 obniatt'one
839 1288 910 1346 iusd
923 1287 1093 1361 Sirtteonis’,
1118 1285 1162 1361 es.
1179 1288 1311 1349 Halteres
1327 1288 1502 1351 Calendar.

200 1391 292 1448 medii
312 1391 383 1448 aeui
403 1405 423 1447 a
444 1389 601 1464 Sabellero
623 1404 745 1462 recopm
773 1394 845 1446 ttot
863 1405 898 1464 p.
923 1395 971 1447 ot.

775 2021 917 2100 VH.
944 2079 947 2085 -

320 2199 396 2282 DE
418 2199 691 2283 VERGILIO
713 2200 954 2288 MARONE
977 2197 1370 2283 GRAMMATICO.

292 2508 420 2583 l'erpilii
441 2508 580 2569 Maronis
599 2510 807 2586 prammatici,
831 2525 917 2585 quem
939 2514 1025 2569 sesto
1048 2509 1096 2568 uel
1116 2510 1241 2583 septimo
1260 2515 1328 2583 post
1344 2508 1495 2569 Cbristum

199 2613 320 2672 saeculo
330 2618 433 2671 rnatum
445 2628 508 2670 esse
520 2619 609 2687 atque
622 2614 650 2672 si
659 2610 712 2670 Dis
720 2614 826 2686 placet
838 2613 978 2687 floruisse
989 2613 1049 2670 iam
1063 2627 1123 2670 uno
1135 2618 1178 2669 est
1190 2613 1324 2670 uirorum
1335 2610 1494 2672 doctorum

199 2731 271 2786 nox,
296 2714 377 2788 quod
390 2715 471 2773 locos
486 2714 615 2787 aliquot,
636 2730 762 2788 quorum
780 2722 833 2773 out
853 2715 967 2774 nullam
984 2715 1103 2773 omnino
1120 2720 1173 2770 aut
1192 2719 1307 2772 tenuem
1326 2719 1416 2787 atque
1431 2731 1494 2774 non

199 2832 273 2875 raro
297 2816 358 2886 fide
385 2815 558 2876 destitutam
584 2816 785 2876 ltabueramus
807 2817 960 2888 notitiam,
989 2832 1028 2874 ex
1050 2815 1142 2873 medii
1162 2816 1233 2873 aeni
1253 2815 1368 2873 artibus
1388 2832 1493 2889 pram·
1523 2836 1528 2845 ·

199 2918 315 2977 maticis
331 2919 483 2976 'collectos
510 2919 581 2977 buia
609 2919 755 2977 uolumini
781 2918 907 2989 insemel,
944 2934 1003 2975 non
1033 2917 1167 2990 equidem
1196 2932 1318 2989 uereor,
1353 2931 1391 2975 ne
1418 2918 1494 2991 ipsis

198 3020 356 3091 nupatoris
379 3021 550 3091 nequissimi
571 3020 801 3079 ariolationibus
819 3018 932 3090 foetere
954 3019 1052 3079 dicar.
1090 3017 1167 3076 Nam
1184 3018 1254 3076 dum
1268 3024 1372 3077 celera
1385 3035 1491 3091 pram.

197 3120 375 3179 matioorum
398 3121 490 3179 medii
510 3123 581 3181 aeui
601 3123 735 3180 uirorum
757 3121 865 3181 eobors
891 3122 968 3180 bona
992 3122 1172 3196 plerumque
1196 3120 1258 3190 fide
1285 3121 1333 3179 usi
1357 3125 1493 3181 ueterum

192 3227 363 3296 praecepta
385 3229 527 3281 secuntur
548 3224 682 3297 satisque
703 3223 812 3282 babent
834 3224 989 3282 collectum
1012 3223 1143 3296 terraique
1161 3223 1319 3295 puluerem
1339 3239 1494 3296 pramma-

199 3324 288 3383 tieum
311 3325 372 3383 suis
393 3325 525 3398 ipsorum
548 3325 707 3397 inperialis
731 3324 922 3384 mediocriter
949 3326 1126 3400 aspersisse,
1158 3341 1235 3383 sertus
1262 3325 1340 3383 iuter
1367 3339 1417 3383 eos
1438 3340 1493 3386 ex·

199 3426 258 3485 titit
287 3426 438 3498 l'erpilt'ns
461 3424 566 3497 Maro,
598 3427 651 3498 pai
676 3427 719 3483 ad
752 3427 867 3499 ultimos
898 3427 1048 3485 audaciae
1076 3432 1166 3500 atque
1193 3426 1391 3500 inpudentiae
1414 3428 1495 3497 fines

120 3508 123 3513 ⁸
193 3535 357 3604 prouectus
383 3544 442 3586 nou
471 3528 565 3586 solum
588 3528 818 3601 peruersissimo
847 3528 885 3585 de
911 3527 996 3586 rebus
1028 3542 1047 3583 a
1074 3528 1181 3585 ceteris
1201 3527 1299 3601 probe
1324 3527 1494 3589 obseruatis

198 3632 312 3691 indicia
330 3628 442 3701 ferret,
466 3629 518 3687 sed
540 3630 663 3703 iusuper
684 3628 870 3701 simpularem
893 3630 977 3687 istam
1006 3629 1155 3687 insoniam
1177 3629 1404 3688 utendaeiorum
1421 3628 1491 3701 soe-

199 3734 387 3791 dissimorum
410 3731 580 3789 intentione
602 3731 691 3803 qnasi
712 3731 791 3789 tueri
812 3746 850 3788 ae
871 3730 1045 3789 conmunire
1067 3730 1206 3801 auderet,
1231 3744 1341 3789 reuera
1362 3732 1412 3790 ille
1427 3733 1493 3806 qui-

199 3836 264 3893 dem
292 3850 351 3891 uon
379 3833 474 3891 lucem
503 3847 543 3890 ex
566 3829 670 3906 stema,
697 3832 751 3890 sed
777 3848 817 3890 ex
836 3830 963 3905 fttlpore
980 3829 1100 3903 sternam
1127 3831 1203 3889 dare
1224 3832 1337 3891 solitum.
1384 3832 1493 3893 Nonae

198 3937 349 3996 notissimo
372 3935 423 3993 illo
454 3933 579 4007 l'erpilii
599 3949 689 3993 uersu
711 3935 766 3993 eol.
792 3933 860 4006 tlt,
885 3939 937 3990 bo:
967 3933 1039 4003 ‘Oui
1059 3932 1190 3992 Bauium
1219 3950 1279 3992 non
1303 3934 1379 4007 odit,
1411 3944 1493 3996 amet

199 4038 422 4111 tonsurandum,
447 4035 560 4095 blaerd’
585 4038 720 4109 nequiter
742 4035 851 4095 abusus
868 4035 1021 4094 elluenium
1044 4036 1141 4094 teitaun
1165 4036 1196 4093 in
1218 4036 1403 4094 carminibus
1424 4038 1492 4096 clal-

198 4141 347 4199 eisst'ntum
365 4138 464 4211 fnisse
486 4146 617 4211 nupatus
638 4139 702 4196 est?
747 4138 866 4196 Etenim
895 4138 971 4196 bueo
992 4137 1117 4209 lepimus
1137 4154 1168 4210 p.
1196 4137 1335 4197 tollat:
1358 4137 1490 4213 ‘Adipa-

197 4241 370 4303 leturrnibi
397 4242 426 4299 in
448 4241 505 4300 boo
529 4240 668 4299 Maeuius
696 4241 745 4298 uir
772 4241 801 4298 iu
824 4239 1011 4297 oarrrtinibus
1033 4239 1234 4311 dedcissimus,
1266 4239 1303 4296 do
1330 4256 1388 4313 atto
1412 4241 1493 4301 illud

196 4361 255 4419 pro
277 4350 393 4402 certium
417 4349 473 4401 est:
498 4343 562 4415 peti
577 4338 712 4412 satutem
734 4342 855 4400 mellis
878 4340 1058 4414 (battiuml)
1082 4357 1153 4399 nou
1177 4347 1291 4427 artent,
1323 4341 1403 4399 odit
1425 4349 1491 4402 tuo

198 4442 373 4505 earmina
399 4443 531 4501 blaeui.
577 4443 636 4501 Ilio
658 4445 926 4518 eloquentissimum
949 4460 1070 4503 carmen
1095 4446 1126 4502 iu
1143 4450 1210 4501 oeto
1221 4451 1328 4516 putrtes
1343 4446 1490 4505 orationis

198 4549 302 4618 edidit,
327 4548 359 4605 in
381 4562 439 4619 utto
461 4545 536 4603 luteo
559 4545 619 4602 ait'
643 4561 667 4603 e.
692 4564 720 4619 q.
744 4563 767 4605 s.
815 4545 903 4606 Mitto
925 4554 1043 4618 cetera,
1072 4561 1150 4621 praue
1178 4548 1237 4603 iarn
1267 4546 1304 4603 ab
1331 4548 1400 4605 aliis
1427 4548 1489 4605 eol·

198 4652 276 4707 lecta
293 4656 377 4719 sunt,
402 4646 445 4718 rs.
469 4648 563 4706 Keilii
583 4663 693 4720 propr.
719 4646 847 4721 Erlanp.
875 4654 948 4706 tibi
969 4665 1001 4722 p.
1028 4656 1055 4706 ,3.
1101 4648 1163 4704 Sed
1191 4656 1234 4705 est
1262 4650 1343 4720 atiud
1370 4649 1489 4708 uemom

200 4750 301 4811 denras
325 4749 418 4821 bloio,
443 4755 475 4807 ut
496 4750 559 4824 ipse
580 4756 708 4808 testatur
730 4757 811 4809 arcet.
843 4750 910 4807 l'at.
935 4757 1004 4807 tom.
1034 4748 1185 4823 Vpraes.
1209 4766 1244 4823 p.
1277 4749 1331 4821 l'l,
1362 4750 1492 4824 Verpilii
