3420 5378
718 277 965 332 GRAMMATICO.
1378 294 1498 345 chxvn

206 473 331 527 mentem
352 465 475 528 Scotum
496 464 558 535 ita,
582 474 614 527 ut
634 484 702 528 cum
724 464 777 528 itte
798 464 984 529 Flauianum
1006 468 1039 529 in
1057 477 1164 545 partes
1186 478 1327 544 uocaret,
1351 471 1401 531 hic
1422 468 1498 532 citas-

206 569 273 629 dem
291 566 450 645 praecepti
473 566 683 629 Cominianum
706 576 861 630 auctorem
884 567 1050 631 adhiberet.
1096 572 1204 663 Itaque
1232 588 1294 632 non
1320 580 1364 633 cst
1385 571 1497 634 miron-

206 671 292 744 duu,
322 671 405 744 quod
423 668 456 731 in
478 673 619 744 cotaloao
642 667 829 731 Bononiensi
855 687 934 731 saec.
958 671 1011 731 ΧῙ
1035 689 1054 731 a
1076 671 1181 733 Keih'o
1193 690 1304 750 proor.
1328 674 1395 733 Ert.
1422 680 1498 734 1868

204 790 237 849 ρ.
263 778 300 831 27
321 772 483 833 secundnm
505 769 675 844 hettesseni
696 769 760 832 uiri
780 769 955 833 suauissimi
976 775 1188 850 anaoraphum
1211 773 1291 836 edito
1313 774 1499 836 ‘Flauianus

206 880 236 934 ct
257 871 493 936 Comminianus'
515 870 604 948 quasi
619 873 679 935 duo
694 870 757 934 uiri
769 871 966 948 arammatici
979 884 1196 937 enumerantur
1208 872 1258 958 *),
1283 893 1393 951 neque,
1418 878 1499 952 quob

206 975 286 1037 idem
307 974 341 1037 in
363 978 505 1052 catalooo
527 974 677 1037 Bernensi
698 973 811 1051 lenitur
832 977 891 1035 hac
912 973 1039 1052 insuper
1059 975 1168 1038 addua
1191 975 1401 1053 distinctione,
1425 980 1497 1038 Fta-

206 1076 330 1140 nianum
352 1077 465 1139 Italum
489 1076 604 1151 fuisse,
637 1074 846 1139 Cominianum
867 1076 990 1150 Asrmn.
1035 1078 1116 1137 Nam
1144 1080 1202 1139 hoc
1223 1078 1402 1141 necessitate
1423 1098 1496 1157 qua-

205 1182 436 1257 noncobante,
464 1188 624 1256 postquam
647 1180 707 1240 dno
726 1177 923 1254 orammatici
940 1177 1040 1252 fuisse
1065 1177 1166 1242 habiti
1192 1192 1276 1256 sunt,
1305 1183 1495 1258 sequebatur,

206 1290 239 1344 ut
260 1280 340 1344 atius
366 1280 432 1343 alia
458 1279 585 1343 ciuitate
613 1282 780 1342 donaretur
801 1297 821 1340 a
841 1260 997 1342 monachis
1024 1280 1171 1343 historiae
1195 1281 1418 1357 arammaticac
1444 1303 1496 1345 cn-

205 1382 305 1452 riosis,
328 1401 390 1460 qua
410 1381 443 1444 in
466 1400 510 1462 re,
533 1401 601 1444 cum
623 1380 811 1443 Flauianum
833 1384 944 1443 Italum
966 1400 1028 1444 esse
1048 1381 1205 1455 iubebant,
1229 1402 1264 1446 eo
1285 1385 1414 1447 adducti
1434 1404 1497 1447 csse

206 1484 366 1563 uidentur,
394 1486 477 1562 quod
504 1482 664 1545 Charisius
691 1481 777 1544 urbis
805 1484 918 1544 Bomos
945 1483 1090 1559 maanter
1117 1485 1217 1559 [uisse
1244 1486 1403 1549 dicebatur
1432 1488 1496 1562 (cf.

205 1585 415 1663 heihproor.
440 1589 504 1647 Ert.
523 1605 559 1665 p.
585 1591 653 1665 27),
682 1602 748 1647 cnm
775 1603 849 1647 icero
874 1584 1084 1648 Comiuionum
1106 1586 1219 1660 Africo
1247 1587 1409 1650 minuetum
1436 1598 1495 1650 sta-

205 1691 340 1766 tuebant,
363 1688 540 1763 Africanae
562 1687 697 1750 Charisii
720 1686 852 1764 oriainis
875 1688 977 1749 nescio
999 1707 1057 1764 arto
1074 1697 1169 1765 pacto
1190 1689 1311 1766 aliquid
1331 1693 1374 1752 ad
1394 1710 1497 1753 coriam

206 1809 296 1853 aures
311 1790 490 1869 peruenisse
511 1788 675 1852 uerisimile
697 1797 748 1851 cst.
794 1789 872 1850 Nam
893 1789 969 1850 satis
987 1790 1147 1867 probabile
1168 1800 1222 1867 est,
1246 1795 1329 1868 quart
1347 1795 1496 1856 Vsencrns

205 1912 303 1972 nuper
338 1912 412 1955 mus.
441 1892 539 1954 Bhen.
574 1894 634 1953 not.
663 1893 781 1953 ΧΧΙΙΙ
812 1910 843 1969 p.
875 1898 933 1951 492
964 1893 1002 1952 etc
1032 1891 1170 1955 Charisii
1196 1894 1307 1970 patria
1339 1894 1496 1971 scoacitcr

206 1994 347 2060 coniecit.
369 2028 411 2041 -

274 2248 303 2317 *)
321 2252 390 2302 Idem
409 2250 517 2316 catalogi
536 2250 670 2301 Bobionsis
693 2261 781 2299 oisctor
803 2249 922 2308 credidit,
948 2265 1022 2311 quem
1041 2260 1065 2299 ot
1082 2249 1195 2299 Flauiani
1214 2254 1238 2299 ot
1256 2249 1382 2317 Sosipatsi
1404 2250 1494 2301 librum

205 2336 253 2387 pro
271 2336 300 2371 se
317 2335 444 2383 quomque
461 2334 592 2369 recensere
611 2320 727 2367 uidemus
745 2318 814 2383 apud
834 2318 995 2367 hturatoriom
1015 2318 1047 2368 111
1066 2333 1092 2383 p.
1110 2318 1161 2369 820
1178 2328 1203 2368 ch
1219 2319 1279 2369 821.

776 3103 922 3183 IIII.

608 3298 1090 3384 PRISOIANEA.

782 3689 863 3755 esp.
885 3687 912 3753 1.

302 3845 361 3910 DE
378 3842 603 3917 ΙΡΒΙΒΟΙΑΝΙ
627 3842 732 3908 VITA
755 3840 942 3918 QVADAM
964 3839 1187 3906 BERNENSI
1208 3839 1402 3904 INEDITA.

289 4022 326 4082 In
350 4022 597 4095 fraumentorum
626 4016 731 4079 cortice
758 4014 908 4077 Banensi
930 4018 956 4075 Α
979 4022 1015 4074 90
1037 4014 1154 4090 [raam.
1178 4021 1216 4072 30
1242 4030 1321 4073 saec.
1345 4013 1396 4071 XI
1417 4029 1451 4087 p.
1475 4021 1493 4071 8

204 4132 283 4183 -tt
300 4132 369 4200 post
390 4119 548 4183 Prisciani
569 4120 671 4197 operis
692 4117 822 4180 extremi
837 4117 955 4195 aliquot
973 4116 1106 4195 poninus
1121 4118 1197 4176 haec
1211 4122 1297 4175 extat
1311 4112 1377 4174 uita
1390 4131 1492 4190 oram·

204 4224 312 4288 mutici
334 4221 540 4286 Caesariensis
562 4240 598 4284 ea
621 4223 659 4282 ete
679 4238 773 4282 cama
796 4219 1012 4293 memorabilis,
1044 4218 1118 4295 quia
1139 4218 1183 4277 ad
1203 4214 1385 4278 notissimam
1406 4214 1493 4275 ittam

204 4327 351 4390 librorum
377 4324 565 4401 sinoutorum
593 4321 840 4400 subscriptionem
868 4321 1087 4399 explicandam
1109 4317 1269 4382 nonnihit
1295 4316 1417 4378 luminis
1439 4319 1492 4376 aot·

200 4430 277 4504 sert.
325 4429 419 4501 mam
441 4426 536 4487 uitam
558 4425 628 4485 otim
650 4424 683 4485 in
708 4422 824 4485 Ottonis
846 4422 953 4483 Iahnii
975 4441 1059 4483 nsum
1081 4441 1101 4482 a
1122 4439 1154 4482 se
1175 4418 1359 4496 descriptam
1386 4421 1493 4479 Vsene·

204 4550 271 4600 rus,
294 4538 456 4608 postquam
484 4528 569 4590 ittam
600 4526 698 4586 uiroan
724 4524 1017 4603 praestantissimum
1040 4525 1114 4598 sata
1144 4521 1253 4597 iniqua
1282 4519 1367 4582 nob-is
1395 4537 1494 4596 norper

204 4632 399 4711 cripsmmnt,
428 4640 461 4693 ut
481 4630 554 4691 tiuic
574 4628 654 4690 tibro
675 4627 853 4701 insererem,
877 4635 1046 4687 currentem
1068 4626 1249 4686 adhortatus
1276 4633 1319 4684 est
1337 4621 1493 4698 facitoque

204 4733 360 4797 concessit.
