3420 5378
669 328 815 381 conrcrs
833 328 1097 397 eenuausrses.
1485 326 1546 390 175

248 518 377 581 lahorat'
401 517 583 580 ‘conlaudat'
608 515 770 579 ‘conlucet'
794 514 934 578 ‘conlata'
959 515 1112 579 ‘conlatio’
1136 516 1295 578 ‘conridet’
1313 514 1488 586 ‘conrodit',
1512 524 1546 578 ut

248 619 337 681 iilud:
368 618 589 682 ‘conlabora
617 617 847 698 euangelio’.
892 619 956 681 Non
985 620 1065 679 enirn
1094 617 1175 680 solus
1202 637 1281 680 unus
1308 615 1433 695 quilibet
1460 619 1544 678 ‘con-

248 720 385 792 laborat',
410 721 462 783 sed
485 720 566 783 solus
589 718 739 782 ‘laborat'
763 721 810 785 uel
834 740 902 783 cum
926 718 983 782 alio
1007 728 1036 781 et
1058 739 1124 782 cum
1146 720 1211 782 aliis
1233 718 1390 799 euangelio
1413 717 1460 780 uei
1482 719 1544 779 eui·

248 822 322 885 libet
344 822 392 884 alii
415 824 535 902 negotio
567 823 615 884 uei
645 825 786 884 exercitio
809 821 1029 884 ‘conlaborat
1074 821 1124 882 Sic
1146 830 1176 884 et
1197 830 1295 883 cetera
1318 820 1462 901 exemplis
1484 838 1544 881 uon

220 926 407 1006 sperpaucis
435 924 522 987 iacile
550 924 749 986 dinoscuntur
776 923 994 985 ‘conlibertus'
1026 922 1209 987 ‘coniecita'
1240 922 1411 985 ‘Conlatina
1440 924 1543 1003 porta'

247 1028 465 1106 ‘conloquium’
489 1035 564 1089 teste
585 1025 744 1088 Isidoro.

332 1129 501 1191 Notandum
524 1131 628 1198 etiam,
654 1130 723 1206 quia
746 1127 909 1188 secundum
932 1127 1012 1209 quod
1043 1127 1272 1207 Papirianus
1294 1135 1323 1188 et
1345 1123 1543 1189 Cassiodo-

247 1250 312 1294 rus
341 1231 443 1293 dicunt
471 1233 508 1291 iu
536 1249 603 1292 sua
632 1229 883 1308 orthograiia,
913 1248 974 1290 non
1005 1228 1095 1290 debet
1117 1227 1176 1291 ulio
1200 1229 1287 1290 modo
1310 1228 1369 1290 dici
1392 1225 1544 1289 ‘medela'

246 1331 388 1412 ‘loquela’
411 1330 568 1411 ‘querela',
598 1330 651 1392 sed
674 1329 824 1411 ‘loqueiia’
848 1329 1010 1392 ‘medella’
1034 1329 1201 1408 ‘querella’.
1246 1329 1298 1392 iila
1320 1329 1469 1411 siquidem
1491 1341 1542 1391 tto·

208 1447 235 1487 1⁰
248 1436 342 1506 mina,
371 1452 447 1512 quae
470 1435 594 1494 ueniunt
615 1452 632 1494 a
654 1433 755 1494 uerbis
778 1452 868 1494 unum
891 1452 906 1493 s
928 1433 1146 1503 amittentibus,
1176 1451 1231 1512 per
1257 1450 1351 1494 uuum
1377 1438 1449 1493 sunt
1474 1449 1543 1510 pro·

246 1535 385 1606 ferenda,
411 1543 444 1596 ut
466 1535 590 1597 ‘candeo
612 1532 684 1618 canii
702 1537 722 1597 i.
738 1531 778 1595 2*
795 1532 880 1618 iides'
904 1533 1067 1606 ‘candela’,
1091 1533 1217 1597 ‘suadeo
1239 1531 1362 1594 suades’
1385 1533 1542 1596 ‘suadelae

245 1642 283 1700 at
303 1655 391 1708 uero,
420 1654 495 1715 quae
517 1635 591 1698 duas
620 1645 816 1698 consonantes
844 1637 999 1707 amittunt,
1030 1635 1088 1697 duo
1116 1635 1309 1696 nihilomiuus
1332 1634 1352 1698 li
1374 1636 1542 1704 admittunt,

246 1746 279 1800 ut
301 1738 421 1816 ‘loquor
443 1737 587 1818 loqueris'
610 1737 763 1818 ‘loqueiia’
787 1738 928 1800 ‘medeor
951 1737 1096 1799 mederis'
1119 1733 1270 1799 ‘medella’
1292 1739 1414 1818 ‘queror
1434 1755 1542 1818 quere·

246 1840 306 1900 ris'
335 1838 502 1918 quereiia’;
534 1858 592 1900 non
622 1843 702 1902 enirn
731 1843 812 1902 uenit
840 1860 856 1902 a
885 1839 1045 1917 ‘querulo'
1073 1839 1239 1921 ‘querela',
1269 1840 1347 1900 sicut
1372 1848 1480 1919 putans
1506 1840 1541 1901 in

208 1940 524 2022 toorthograpltia
548 1959 613 2003 sua
636 1941 709 2002 dicit
724 1941 837 2011 Beda,
861 1945 930 2021 quia
954 1960 1015 2003 nou
1036 1941 1105 2002 iacit
1127 1939 1284 2022 ‘querulus
1306 1940 1436 2019 queruli’
1460 1942 1543 2021 ‘que-

246 2040 363 2111 ruieia’,
385 2042 469 2105 uelut
492 2049 608 2104 ‘acutus
632 2046 723 2105 acuti’
746 2043 907 2114 ‘acuteia',
932 2042 1011 2105 unde
1032 2043 1210 2121 regulariter
1233 2039 1457 2121 ‘ioqueiiares',
1483 2060 1541 2103 uon

244 2144 436 2226 ‘loquelares’
460 2145 600 2207 dicuntur
623 2148 859 2226 praepositiones
882 2165 899 2208 a
920 2142 1080 2223 ‘ioqueiiat
1273 2129 1283 2144 ⁸

332 2345 469 2431 1122214
493 2348 617 2421 Quando
639 2348 718 2410 idem
742 2350 808 2411 ‘in'
831 2367 885 2428 pro
907 2352 1032 2429 ‘super'
1053 2350 1174 2430 ponitur
1197 2358 1267 2410 tunc
1291 2357 1389 2411 tamen
1412 2356 1541 2410 tantum·

246 2451 349 2520 modo,
378 2469 445 2511 oum
474 2449 551 2513 iiber
574 2469 590 2511 a
613 2443 747 2528 quolibet
773 2453 947 2531 exponitur,
977 2459 1008 2511 ut
1036 2450 1252 2531 ‘Hieronymus
1280 2453 1312 2512 in
1335 2451 1539 2520 Matthaeum'.

207 2565 233 2606 2⁰
246 2546 337 2613 ‘Beda
360 2554 392 2612 in
409 2551 422 2636 d
440 2552 460 2613 i.
476 2550 515 2614 3¹¹
532 2549 545 2635 ΙΙ
562 2553 719 2622 Marcum',
743 2551 928 2614 ‘Anrbrosius
951 2554 982 2613 iu
1005 2551 1140 2619 Lucam’,
1164 2553 1358 2634 ‘Augustinus
1380 2556 1412 2614 in
1434 2552 1540 2615 lohan-

246 2659 338 2726 nem’,
362 2654 498 2715 ‘Seruius
512 2656 543 2716 in
559 2653 726 2733 Virgilium’
744 2655 914 2735 ‘Pompeius
929 2656 961 2714 in
976 2653 1135 2715 iiouatum'
1152 2654 1281 2715 Donatus
1296 2656 1325 2714 in
1341 2654 1538 2717 Terentium’.

332 2890 346 2974 d
363 2893 382 2954 i.
399 2889 439 2954 3b
456 2887 468 2976 d
493 2892 630 2953 Beatus
658 2909 776 2972 quoque
803 2894 1032 2970 Augustinus
1055 2893 1123 2950 ‘in’
1147 2911 1202 2972 pro
1224 2891 1334 2953 ‘inter’
1364 2893 1401 2953 in
1428 2889 1539 2952 libris

244 2994 523 3055 confessionum
545 2996 629 3073 pouit
650 3040 865 3055 .......
887 2994 923 3054 in
947 2992 1045 3054 iibro
1068 3009 1187 3071 quoque
1209 3001 1538 3056 sacramentorum.

328 3214 404 3275 Hinc
426 3214 468 3276 ait
490 3222 519 3274 et
540 3214 775 3275 Fortunatus:

204 3345 231 3387 aa
397 3333 500 3394 luter
523 3331 794 3401 Christicolas,
819 3350 906 3411 quos
928 3337 1026 3396 actio
1050 3335 1154 3394 uexit
1176 3335 1215 3395 in
1237 3334 1366 3405 astris,

443 3452 511 3514 pax
535 3432 603 3494 tibi
625 3452 690 3514 pro
715 3436 879 3503 meritis,
904 3451 1033 3513 magne
1056 3433 1377 3535 Medarde,xpatet

330 3635 344 3721 d
361 3636 381 3700 i.
395 3635 433 3699 4·
452 3632 464 3720 d
488 3637 572 3699 Vnde
595 3645 624 3698 et
646 3636 718 3698 iliud
742 3637 820 3718 quod
843 3641 981 3719 superius
1003 3646 1048 3700 est
1075 3642 1122 3699 ‘et
1144 3657 1247 3699 omncs
1269 3641 1300 3700 iu
1322 3638 1443 3718 Moysen
1465 3635 1537 3719 bap-

244 3741 324 3801 tizati
345 3744 431 3801 sunt'
455 3738 531 3800 beno
554 3749 654 3819 posset
676 3738 733 3799 dici
757 3741 805 3799 ‘in
828 3739 958 3819 Moyse’,
983 3740 1039 3801 hoc
1061 3747 1107 3801 est
1129 3743 1199 3821 ‘per
1222 3740 1369 3822 Moysen’,
1398 3740 1455 3800 nisi
1479 3738 1537 3800 duo

231 3837 443 3919 sequerentur
471 3837 593 3903 abiatiui
621 3841 669 3902 ‘in
699 3840 795 3901 nube’
827 3850 857 3901 et
885 3843 931 3903 ‘in
962 3845 1065 3903 mari'.
1110 3842 1193 3903 Vnde
1216 3842 1383 3903 nullatenus
1405 3859 1474 3902 reor
1496 3842 1537 3902 ita

204 3951 377 4005 ³tsauctum
400 3942 664 4021 Hieronymum
689 3942 883 4013 transtulisse,
907 3942 960 4004 sed
983 3945 1136 4023 imperitos
1150 3943 1339 4024 postmodum
1355 3944 1536 4024 corrupisse,

309 4164 327 4212 t
344 4141 396 4224 alid
463 4163 480 4212 o
497 4172 561 4212 teste
580 4160 691 4228 Isidoro]
712 4165 811 4214 Horum
829 4164 890 4214 uidit
907 4165 978 4227 apud
993 4163 1122 4214 isidorum
1139 4171 1178 4214 eet
1195 4163 1238 4215 tib.
1252 4167 1266 4214 t
1280 4166 1323 4225 26,
1341 4163 1385 4214 ubi
1400 4165 1433 4215 de
1450 4164 1536 4215 ortdo-

240 4229 353 4296 prupdiu
373 4245 409 4280 ero
430 4231 549 4295 proferro
572 4233 663 4296 opiter,
687 4234 735 4282 sed
753 4233 869 4295 sortasse
891 4230 1090 4297 ortdoprapdias
1111 4247 1165 4281 eum
1186 4233 1229 4282 iilo
1252 4231 1352 4282 Isidori
1373 4234 1459 4297 capite
1477 4248 1537 4283 con·

240 4303 341 4348 iucem
353 4299 491 4359 intellexit,
510 4299 544 4360 ef.
555 4299 627 4349 duim
638 4301 699 4350 iibri
706 4308 768 4355 sect,
780 4299 825 4349 XI
827 4299 841 4349 1
850 4307 876 4349 et
886 4299 991 4364 praefi:
1008 4299 1048 4349 De
1058 4298 1163 4350 Isidoro
1171 4301 1344 4364 promuralico.
1398 4302 1413 4352 7
1423 4300 1536 4366 Papiria-

243 4362 302 4430 nris]
322 4366 357 4428 cf.
371 4365 520 4417 Omaiodori
531 4368 562 4415 de
575 4368 689 4432 ortdopr.
700 4385 727 4433 p.
742 4370 811 4417 2290
823 4368 848 4417 P
851 4404 924 4418 .....
949 4381 1015 4417 nunc
1032 4379 1115 4416 autem
1134 4369 1210 4416 etiarn
1229 4367 1362 4430 ‘querella’
1380 4383 1426 4434 per
1441 4368 1493 4418 duo
1512 4367 1536 4416 ΙΙ

241 4450 360 4500 scribitur
393 4450 544 4501 casiodorus
598 4444 830 4513 loquaettuerbis
843 4442 949 4502 denium
982 4452 1144 4502 amitentibua
1198 4452 1229 4501 15
1240 4449 1320 4517 Beda]
1338 4453 1491 4518 efime
1502 4453 1536 4506 P:

242 4517 345 4584 querele
357 4533 492 4583 perunum
506 4519 522 4581 Ι,
542 4527 569 4567 ut
580 4519 688 4569 suadela
698 4520 773 4568 tutein
783 4519 887 4569 candeio
900 4520 1056 4585 corruptele:
1074 4522 1185 4569 incertus
1194 4521 1226 4570 de
1235 4520 1420 4586 ortdoprapdia
1431 4537 1459 4586 p.
1468 4521 1538 4570 2797

241 4585 278 4635 P:
297 4585 400 4649 querela
418 4601 463 4650 per
482 4601 558 4634 unum
579 4587 600 4646 ¹3
618 4588 650 4636 de
668 4590 809 4653 ‘pareretur'
821 4587 944 4638 uocabulo
957 4590 1031 4653 qumi
1039 4588 1112 4650 fonte
1130 4594 1220 4638 neutro
1238 4591 1294 4639 toro
1310 4603 1394 4639 sermo
1411 4595 1449 4638 eat
1466 4590 1538 4655 apud

242 4654 392 4706 Pater-iriam.
461 4655 493 4703 22
513 4651 587 4718 inter]
607 4654 673 4704 intre
741 4658 774 4705 24
794 4651 957 4722 Fortunatus]
976 4655 1034 4706 Lib.
1054 4656 1086 4705 11
1104 4658 1145 4719 17,
1160 4660 1180 4705 1.
1194 4659 1220 4720 2,
1239 4657 1273 4719 es.
1292 4655 1351 4706 etot.
1365 4657 1439 4706 Patr.
1455 4656 1537 4722 Laod.

240 4721 315 4840 ὥς,
331 4723 448 4801 532001.
468 4721 501 4770 ΙΙ
570 4724 603 4772 26
621 4734 699 4786 astro,
718 4724 794 4773 astris
812 4729 838 4774 tn
855 4723 1064 4790 morpedstea.
1132 4725 1165 4774 26
1184 4723 1535 4795 pu1·s—magnaed.Ben,

310 4803 459 4839 ieronimum
