3420 5378
222 302 281 365 122
735 300 803 352 aras
822 300 998 352 auoumm

303 491 332 550 ln
362 489 414 549 ebs
441 489 500 550 dno
528 507 636 567 genera
667 490 875 556 inueniuntnr3
905 487 1114 559 masculinnm,
1144 498 1176 549 ut
1203 489 1252 549 hic
1279 488 1401 551 caelebs
1430 489 1520 553 lanius

216 591 351 661 caelitus,
381 591 457 671 queit
486 608 594 651 nomeu
621 590 766 668 signifieat
788 591 852 650 siue
876 609 958 659 enm,
988 592 1037 668 qui
1060 608 1220 670 numquam
1245 609 1370 651 uxorem
1401 592 1517 661 habuit,

215 694 278 754 sine
302 711 378 762 enm,
406 694 455 774 qul
478 710 542 754 eam
565 693 671 754 amisit.
715 691 788 752 Nam
812 689 928 752 caelebs
951 691 1067 762 dicitnr,
1091 693 1173 772 quasi
1197 690 1279 752 caclo
1301 700 1406 771 aptns;
1430 693 1517 755 lerni-

215 797 332 865 ninnm,
357 802 389 856 ut
411 794 483 855 haee
506 794 591 872 plebs
614 793 701 854 butus
723 792 828 872 plebis.

299 898 332 958 ln
350 915 401 978 eps
419 894 589 965 masculina,
613 903 644 956 ut
666 895 714 955 hie
736 896 885 975 princeps,
910 895 997 955 huius
1019 895 1161 974 principis
1184 894 1232 955 hic
1255 912 1403 976 praeceps
1424 897 1539 960 buinst

213 1001 382 1080 praecipitis
409 1016 518 1077 anceps
547 998 682 1076 ancipitis
711 995 812 1076 biceps
840 995 969 1075 bicipitis
997 998 1107 1077 triceps
1135 998 1283 1077 tricipitis.
1329 997 1391 1058 Sed
1420 999 1514 1061 iuter·

213 1100 378 1178 rogandum
403 1109 460 1169 est,
485 1116 538 1160 cur
560 1098 618 1158 hoc
640 1116 762 1167 nomen,
786 1097 863 1177 quod
887 1104 932 1158 est
953 1100 1108 1178 princeps,
1132 1116 1190 1159 nna
1213 1097 1325 1178 syllaba
1348 1103 1462 1161 erescit
1483 1104 1512 1162 iu

213 1203 351 1281 genetiuo
374 1247 460 1268 ....,
489 1210 521 1261 ut
548 1218 658 1279 anceps
685 1201 825 1279 ancipitis
853 1199 954 1280 biceps
981 1198 1123 1278 bicipitis.
1168 1200 1231 1262 Hoc
1258 1204 1303 1262 ite
1329 1199 1512 1264 soluendum

213 1312 271 1374 est,
296 1303 374 1381 (qued
398 1305 536 1381 prinecps
559 1321 593 1362 cx
617 1303 836 1381 praepositione
859 1299 921 1368 illa,
945 1319 1021 1380 qnae
1044 1309 1089 1362 est
1111 1319 1192 1381 prae,
1215 1309 1245 1363 et
1266 1319 1282 1361 a
1306 1302 1403 1364 uerbo
1425 1307 1512 1385 capio

212 1407 291 1485 capis
313 1407 502 1483 conponitur,
526 1421 669 1482 praeceps
691 1421 763 1463 uero
786 1412 815 1463 et
838 1421 947 1482 anceps
971 1412 999 1462 et
1022 1402 1124 1483 biceps
1146 1410 1176 1464 et
1191 1405 1311 1482 triceps,
1335 1422 1416 1484 qnae
1437 1405 1510 1469 dua·
1524 1416 1546 1457 ¹⁰

212 1507 266 1567 bus
290 1505 410 1586 syllabis
433 1512 534 1565 eontra
559 1504 722 1583 analogiam
746 1512 892 1574 crescunt,
917 1507 1081 1583 anemius,
1106 1504 1184 1581 quoti
1201 1512 1245 1564 est
1259 1515 1360 1584 caput,
1383 1512 1512 1585 etqnod

211 1618 254 1669 est
278 1606 460 1688 trisyllabum
483 1609 513 1666 iu
536 1608 689 1684 genetinm
724 1606 794 1665 lacit
816 1607 894 1666 enim
918 1616 1005 1685 capnt
1026 1607 1145 1685 eapitis:
1175 1606 1259 1685 capio
1282 1624 1357 1668 nero
1381 1608 1509 1671 uerbum

209 1713 239 1771 in
263 1709 391 1771 secunda
416 1727 542 1788 persona
565 1710 646 1788 capis
668 1706 844 1786 disyllabum
869 1714 926 1775 est,
950 1706 1029 1767 rancle
1051 1700 1191 1787 princeps
1213 1710 1408 1787 conponitnr:
1439 1728 1509 1773 uam
1557 1778 1562 1790 ¹

210 1814 348 1891 princeps
376 1811 483 1870 (licitur
512 1811 594 1888 quasi
623 1811 783 1888 primatum
811 1810 941 1887 capiens.
987 1808 1066 1869 llaec
1094 1826 1142 1868 res
1169 1807 1247 1869 hane
1274 1809 1449 1873 distantiam
1477 1815 1507 1874 in

210 1915 256 1974 his
272 1912 442 1974 nominibus
456 1911 603 1990 praebuit.
648 1913 767 1987 Antiqui
790 1913 934 1990 ‘arrcipes’
957 1911 1136 1989 ‘praecipes'
1159 1909 1295 1990 ‘bieipes’
1319 1915 1508 1976 nominatius
1520 1924 1541 1965 ¹³

208 2015 352 2093 singulari
368 2012 554 2074 declinabant
569 2021 599 2072 et
614 2011 671 2073 alio
693 2012 781 2072 mollo
805 2011 942 2072 [licebant
965 2013 1118 2091 ‘praeceps
1140 2014 1311 2093 praceipis’.
1340 2014 1506 2078 Eunirrs:

208 2119 385 2197 praecipe
402 2134 504 2183 easu;
521 2116 563 2174 sic
579 2116 665 2174 ctiam
676 2113 1075 2195 uetustissimi‘supellectis’
1087 2113 1508 2194 proterebantauominatiuo.

295 2220 325 2279 lu
358 2237 406 2277 ers
433 2216 492 2277 ‹trro
520 2224 633 2276 tarnum
664 2217 782 2276 nomina
812 2218 977 2277 communia
1008 2217 1096 2276 trium
1127 2234 1270 2294 generum
1299 2218 1506 2292 inueniuntur,

208 2330 240 2380 ut
263 2319 310 2379 hic
334 2329 362 2380 et
385 2320 458 2378 haec
481 2326 510 2377 et
531 2317 589 2378 hoc
610 2315 719 2387 solers,
754 2319 810 2377 hoc
839 2326 883 2378 est
906 2316 1004 2378 solens
1027 2326 1119 2378 artem
1143 2317 1317 2395 frequenter
1346 2339 1506 2391 exercere:

208 2423 278 2482 item
301 2420 349 2481 hie
373 2428 401 2480 et
425 2419 497 2479 haec
520 2429 549 2480 et
570 2418 626 2479 boe
647 2419 727 2479 iners
749 2420 852 2479 inertis
875 2421 962 2479 inerti
992 2419 1071 2480 laune
1094 2426 1123 2478 et
1144 2419 1221 2480 lianc
1242 2421 1372 2483 inertem
1396 2431 1428 2484 et
1449 2424 1541 2487 hoen

208 2526 289 2584 iners
312 2540 330 2583 o
351 2526 433 2582 iners
455 2520 493 2581 ab
514 2520 572 2582 hoe
596 2528 624 2581 et
646 2518 682 2580 ab
706 2519 761 2580 hac
785 2527 813 2581 et
835 2520 871 2581 ab
901 2519 956 2580 hoc
985 2522 1076 2581 inerti
1098 2530 1127 2581 et
1149 2519 1303 2600 pluraliter
1331 2521 1362 2584 hi
1392 2533 1424 2587 et
1450 2526 1507 2589 bae

207 2627 319 2685 inertes
342 2621 467 2683 ethaeo
493 2624 599 2683 inertia
627 2624 733 2683 horum
758 2630 787 2682 et
809 2621 914 2683 harrrm
938 2632 968 2682 ct
990 2623 1095 2683 horum
1124 2623 1264 2685 inertium
1287 2624 1334 2687 his
1356 2628 1505 2692 inertibus

206 2725 260 2787 hos
284 2735 312 2787 et
334 2725 389 2786 has
412 2724 521 2785 inertes
544 2732 573 2783 et
595 2723 668 2784 haec
689 2724 795 2784 inertia
820 2742 837 2782 o
859 2725 970 2784 inertes
993 2731 1022 2784 et
1044 2742 1062 2784 o
1085 2725 1190 2785 inertia
1215 2725 1251 2786 ab
1273 2725 1321 2788 his
1342 2730 1502 2794 inertibus.

290 2828 324 2888 lu
348 2845 446 2906 emps,
477 2833 509 2885 ut
532 2824 578 2884 hic
600 2823 716 2903 hiemps
738 2824 826 2886 huius
848 2823 971 2894 hiemis,
1001 2827 1071 2885 item
1102 2825 1174 2886 haee
1201 2829 1329 2909 siremps
1351 2832 1444 2895 huius
1465 2836 1504 2895 si·

205 2932 339 3009 rempsis.
1514 2942 1538 2981 ὕ

290 3029 323 3089 lu
352 3031 426 3108 irps,
456 3035 488 3086 ut
510 3027 558 3085 hie
586 3028 675 3105 stirps
704 3025 793 3087 huius
821 3029 936 3107 stirpis:
966 3029 1084 3107 quando
1112 3033 1155 3091 ud
1180 3030 1330 3094 hominem
1358 3038 1502 3115 pertinet,

180 3119 380 3191 ¹leminiunur
403 3135 460 3196 est;
485 3126 603 3204 qnando
625 3136 724 3188 autem
746 3130 790 3188 ed
810 3129 963 3200 arborem,
988 3130 1182 3192 masculinum
1206 3141 1259 3192 est.

292 3232 322 3291 ln
347 3233 407 3309 ips,
438 3239 468 3290 ut
492 3228 539 3289 hic
563 3231 637 3308 stips
659 3230 748 3289 huius
769 3231 867 3309 stipis,
896 3230 954 3291 hoe
976 3243 1022 3291 cst
1044 3234 1167 3311 pecunia
1197 3232 1244 3294 nel
1272 3252 1384 3296 narinus
1411 3242 1501 3317 signi·

205 3336 286 3402 licat,
321 3331 397 3409 quoe
427 3349 574 3410 pauperes
601 3338 720 3410 petunt,
749 3340 782 3392 ut
804 3340 848 3391 est
869 3330 957 3392 illud:
990 3342 1026 3395 et
1058 3335 1155 3395 sedit
1185 3337 1322 3416 stipem
1352 3346 1500 3417 petens.

204 3435 288 3497 hlirul
313 3442 411 3495 autem
435 3450 557 3503 nomeu,
581 3433 660 3512 quoal
682 3439 728 3493 est
742 3436 828 3513 stips,
852 3437 992 3511 genetiuo
1007 3435 1117 3506 stillent,
1142 3439 1279 3514 qnoniam
1294 3440 1407 3520 stipitis
1421 3443 1535 3513 lacit,lt

204 3537 282 3617 equod
307 3553 415 3596 nomen
439 3536 583 3612 siguificat
605 3534 725 3613 longum
747 3534 860 3613 lignum
884 3539 1045 3598 memoriae
1068 3556 1155 3599 carrsa
1179 3537 1336 3601 eleuatnm.

288 3639 319 3698 lu
345 3636 396 3716 ybs
420 3653 510 3696 unum
536 3654 643 3696 nomen
667 3636 859 3698 mascnlinum
882 3639 1046 3707 inuenitur,
1077 3649 1109 3700 nt
1132 3649 1176 3702 est
1198 3640 1246 3702 hie
1266 3641 1392 3723 chalybs
1414 3645 1501 3707 buius

203 3737 348 3817 chalybis,
378 3736 457 3814 qnod
480 3755 589 3797 nomen
611 3737 728 3816 aliquod
753 3738 903 3801 metallum
928 3740 1058 3801 terreum
1082 3743 1226 3819 signiticat
1248 3744 1371 3817 durum,
1401 3754 1434 3809 nt
1455 3754 1501 3808 est
1543 3728 1546 3733 ¹

203 3841 258 3900 hoe
283 3839 464 3919 excerptum:
489 3847 595 3900 uasta
618 3841 769 3902 fornace
791 3840 973 3921 liquescit
996 3840 1156 3921 chalybs.

203 3996 430 4004 *—

271 4078 388 4144 leeleps
457 4077 584 4144 2eelepis
653 4077 771 4143 3eeleps
823 4079 896 4127 ahtus
966 4078 1055 4145 4ples
1129 4082 1188 4130 bin
1208 4082 1251 4131 ebs
1304 4098 1414 4151 preceps
1482 4088 1499 4137 6

203 4148 339 4213 precepitis
392 4148 479 4212 piceps
498 4147 611 4211 pieipitis
672 4150 686 4196 7
705 4147 798 4195 crescis
816 4148 841 4196 in
860 4145 993 4212 gernetiuo]
1015 4147 1122 4198 Excidit
1137 4149 1266 4211 fortasse:
1284 4150 1334 4200 sliu
1352 4168 1418 4204 uere
1435 4155 1499 4205 dua·

202 4219 249 4265 bus
318 4214 440 4279 8piceps
461 4214 573 4278 pieipitis
626 4214 660 4263 ite
677 4216 767 4265 addidi
853 4217 884 4264 10
901 4225 1081 4280 cureperiuntur
1131 4218 1220 4283 piceps
1276 4218 1380 4271 (luobus
1468 4226 1498 4274 11

201 4293 302 4333 ereeunt
371 4292 395 4330 et
413 4283 482 4343 qnod
500 4283 592 4332 addidi
660 4285 690 4332 12
708 4282 880 4346 trissyllabum
952 4286 982 4333 15
1001 4284 1101 4348 prebuit
1169 4286 1267 4351 picipes
1338 4290 1370 4338 tn
1389 4290 1499 4357 singolis

216 4354 223 4366 ‘
270 4346 380 4415 Ennius]
400 4351 434 4411 ef.
454 4351 538 4399 Pm'sc.
558 4350 576 4398 I
591 4368 617 4414 p.
636 4353 700 4413 281,
720 4354 735 4397 9
754 4352 790 4401 II.
879 4353 910 4400 17
930 4350 1106 4417 subpellectis]
1131 4354 1165 4416 cs.
1185 4354 1267 4403 Prisc.
1286 4354 1304 4403 1
1320 4370 1347 4420 p.
1365 4359 1432 4421 279,
1451 4364 1498 4409 15:

202 4419 370 4468 cretusrisstmi
388 4428 471 4466 namen
490 4421 565 4466 eriam
584 4419 662 4468 ‘truce
680 4418 859 4483 supellectilis’
879 4421 1061 4469 nominariuum
1081 4420 1256 4484 proterebant.
1274 4423 1318 4473 ubi
1333 4424 1394 4475 etate
1412 4428 1498 4478 αᾱιοι.

200 4491 257 4536 crit.
278 4485 386 4537 llertzii.
475 4489 505 4536 19
524 4488 614 4534 artemi
682 4488 715 4537 10
733 4487 806 4536 etho
826 4501 840 4534 a
859 4487 926 4536 iners
944 4488 976 4535 ub
996 4488 1042 4537 lroc
1128 4491 1158 4537 21
1179 4492 1186 4538 i
1205 4502 1261 4539 ete
1351 4493 1386 4542 22
1405 4495 1499 4544 inercia

200 4558 233 4604 ‘at
251 4556 276 4602 iu
295 4569 348 4603 erus
401 4553 462 4602 lroee
480 4555 573 4603 sirenis
642 4554 717 4602 huius
736 4551 863 4618 sitenrsis]
883 4556 915 4617 es.
936 4556 1006 4605 Fest.
1022 4573 1050 4620 p.
1072 4558 1133 4615 311,
1152 4561 1186 4606 21
1206 4557 1242 4608 nt.
1262 4559 1348 4608 Pluut.
1367 4562 1497 4625 Amphitr.

199 4625 312 4685 prothi
381 4624 414 4671 26
433 4622 535 4684 ‹prauuio
556 4622 657 4671 laenrine
725 4624 759 4672 27
777 4633 860 4671 aretem
880 4623 964 4671 urbori
1033 4624 1066 4675 28
1084 4638 1189 4688 monus,
1212 4627 1389 4679 constetne
1407 4630 1500 4681 Daniel

200 4687 829 4753 ’291115ῑί11ιῆ111ν1.,1οε.,1ροεε.11110
898 4691 931 4740 30
949 4690 1030 4741 detera
1081 4693 1157 4757 stipis
1226 4695 1499 4747 sanemarium

201 4755 311 4806 teumnm
382 4759 414 4807 32
434 4757 472 4805 ihs
526 4756 604 4806 calibs
673 4756 811 4806 secantis
881 4759 914 4807 at
932 4758 1011 4808 culibs
