<?xml version="1.0" encoding="UTF-8"?>
<!DOCTYPE html PUBLIC "-//W3C//DTD XHTML 1.0 Transitional//EN"
    "http://www.w3.org/TR/xhtml1/DTD/xhtml1-transitional.dtd">
<html xmlns="http://www.w3.org/1999/xhtml" xml:lang="en" lang="en">
 <head>
  <title>
</title>
<meta http-equiv="Content-Type" content="text/html;charset=utf-8" />
  <meta name='ocr-system' content='tesseract 3.04.00' />
  <meta name='ocr-capabilities' content='ocr_page ocr_carea ocr_par ocr_line ocrx_word'/>
</head>
<body>
  <div class='ocr_page' id='page_1' title='image "./grammaticilatin04keilgoog/grammaticilatin04keilgoog_0493.png"; bbox 0 0 3420 5378; ppageno 0'>
   <div class='ocr_carea' id='block_1_1' title="bbox 206 304 1095 370">
    <p class='ocr_par' dir='ltr' id='par_1_1' title="bbox 206 304 1095 370">
     <span class='ocr_line' id='line_1_1' title="bbox 206 304 1095 370; baseline -0.011 -2"><span class='ocrx_word' id='word_1_1' title='bbox 206 304 268 370; x_wconf 81' lang='lat'><strong>228</strong></span> <span class='ocrx_word' id='word_1_2' title='bbox 599 305 833 359; x_wconf 80' lang='lat' dir='ltr'><strong>comusmrvu</strong></span> <span class='ocrx_word' id='word_1_3' title='bbox 851 306 1095 358; x_wconf 78' lang='lat' dir='ltr'><strong>amarouanaa</strong></span> 
     </span>
    </p>
   </div>
   <div class='ocr_carea' id='block_1_2' title="bbox 168 485 1529 980">
    <p class='ocr_par' dir='ltr' id='par_1_2' title="bbox 168 485 1529 980">
     <span class='ocr_line' id='line_1_2' title="bbox 168 485 1506 574; baseline 0.002 -20"><span class='ocrx_word' id='word_1_4' title='bbox 168 485 173 496; x_wconf 80' lang='lat'>&#39;</span> <span class='ocrx_word' id='word_1_5' title='bbox 206 495 433 555; x_wconf 90' lang='lat' dir='ltr'><strong>consonantium</strong></span> <span class='ocrx_word' id='word_1_6' title='bbox 463 493 684 564; x_wconf 77' lang='lat' dir='ltr'><strong>consideretur,</strong></span> <span class='ocrx_word' id='word_1_7' title='bbox 713 494 800 572; x_wconf 83' lang='lat' dir='ltr'><strong>longa</strong></span> <span class='ocrx_word' id='word_1_8' title='bbox 824 495 881 557; x_wconf 90' lang='lat' dir='ltr'><strong>duo</strong></span> <span class='ocrx_word' id='word_1_9' title='bbox 904 506 933 556; x_wconf 87' lang='lat' dir='ltr'><strong>et</strong></span> <span class='ocrx_word' id='word_1_10' title='bbox 954 495 1046 556; x_wconf 87' lang='lat' dir='ltr'><strong>semis</strong></span> <span class='ocrx_word' id='word_1_11' title='bbox 1067 493 1115 555; x_wconf 89' lang='lat' dir='ltr'><strong>uel</strong></span> <span class='ocrx_word' id='word_1_12' title='bbox 1137 495 1193 556; x_wconf 85' lang='lat' dir='ltr'><strong>tria</strong></span> <span class='ocrx_word' id='word_1_13' title='bbox 1222 503 1374 574; x_wconf 86' lang='lat' dir='ltr'><strong>tempora,</strong></span> <span class='ocrx_word' id='word_1_14' title='bbox 1406 493 1506 557; x_wconf 88' lang='lat' dir='ltr'><strong>breuis</strong></span> 
     </span>
     <span class='ocr_line' id='line_1_3' title="bbox 206 595 1505 676; baseline 0 -20"><span class='ocrx_word' id='word_1_15' title='bbox 206 606 298 656; x_wconf 89' lang='lat' dir='ltr'><strong>unum</strong></span> <span class='ocrx_word' id='word_1_16' title='bbox 322 607 351 655; x_wconf 89' lang='lat' dir='ltr'><strong>et</strong></span> <span class='ocrx_word' id='word_1_17' title='bbox 372 597 462 657; x_wconf 89' lang='lat' dir='ltr'><strong>semis</strong></span> <span class='ocrx_word' id='word_1_18' title='bbox 484 603 580 673; x_wconf 85' lang='lat' dir='ltr'><strong>potest</strong></span> <span class='ocrx_word' id='word_1_19' title='bbox 602 595 722 658; x_wconf 89' lang='lat' dir='ltr'><strong>babere.</strong></span> <span class='ocrx_word' id='word_1_20' title='bbox 766 595 867 676; x_wconf 81' lang='lat' dir='ltr'><strong>dpud</strong></span> <span class='ocrx_word' id='word_1_21' title='bbox 896 597 1090 666; x_wconf 88' lang='lat' dir='ltr'><strong>metricos,</strong></span> <span class='ocrx_word' id='word_1_22' title='bbox 1114 598 1139 655; x_wconf 93' lang='lat' dir='ltr'><strong>i·</strong></span> <span class='ocrx_word' id='word_1_23' title='bbox 1163 597 1396 658; x_wconf 73' lang='lat' dir='ltr'><strong>uersilicatores</strong></span> <span class='ocrx_word' id='word_1_24' title='bbox 1439 596 1505 658; x_wconf 90' lang='lat' dir='ltr'><strong>Se-</strong></span> 
     </span>
     <span class='ocr_line' id='line_1_4' title="bbox 205 696 1505 778; baseline 0.001 -22"><span class='ocrx_word' id='word_1_25' title='bbox 205 699 336 776; x_wconf 87' lang='lat' dir='ltr'><strong>mipes,</strong></span> <span class='ocrx_word' id='word_1_26' title='bbox 359 699 386 756; x_wconf 87' lang='lat' dir='ltr'><strong>i·</strong></span> <span class='ocrx_word' id='word_1_27' title='bbox 410 696 550 758; x_wconf 89' lang='lat' dir='ltr'><strong>dimidius</strong></span> <span class='ocrx_word' id='word_1_28' title='bbox 572 717 639 778; x_wconf 89' lang='lat' dir='ltr'><strong>pes,</strong></span> <span class='ocrx_word' id='word_1_29' title='bbox 670 707 700 759; x_wconf 89' lang='lat' dir='ltr'><strong>et</strong></span> <span class='ocrx_word' id='word_1_30' title='bbox 721 698 777 758; x_wconf 93' lang='lat' dir='ltr'><strong>boc</strong></span> <span class='ocrx_word' id='word_1_31' title='bbox 800 706 943 776; x_wconf 87' lang='lat' dir='ltr'><strong>quantum</strong></span> <span class='ocrx_word' id='word_1_32' title='bbox 966 697 1003 759; x_wconf 91' lang='lat' dir='ltr'><strong>ad</strong></span> <span class='ocrx_word' id='word_1_33' title='bbox 1031 696 1123 776; x_wconf 88' lang='lat' dir='ltr'><strong>pedes</strong></span> <span class='ocrx_word' id='word_1_34' title='bbox 1149 697 1325 778; x_wconf 84' lang='lat' dir='ltr'><strong>disyllabos,</strong></span> <span class='ocrx_word' id='word_1_35' title='bbox 1355 698 1409 778; x_wconf 90' lang='lat' dir='ltr'><strong>qui</strong></span> <span class='ocrx_word' id='word_1_36' title='bbox 1437 696 1505 758; x_wconf 88' lang='lat' dir='ltr'><strong>ideo</strong></span> 
     </span>
     <span class='ocr_line' id='line_1_5' title="bbox 205 797 1503 880; baseline 0.001 -22"><span class='ocrx_word' id='word_1_37' title='bbox 205 800 333 879; x_wconf 89' lang='lat' dir='ltr'><strong>primum</strong></span> <span class='ocrx_word' id='word_1_38' title='bbox 356 799 511 878; x_wconf 90' lang='lat' dir='ltr'><strong>possident</strong></span> <span class='ocrx_word' id='word_1_39' title='bbox 532 799 646 868; x_wconf 91' lang='lat' dir='ltr'><strong>locum,</strong></span> <span class='ocrx_word' id='word_1_40' title='bbox 675 800 743 878; x_wconf 90' lang='lat' dir='ltr'><strong>quia</strong></span> <span class='ocrx_word' id='word_1_41' title='bbox 771 801 860 878; x_wconf 90' lang='lat' dir='ltr'><strong>primi</strong></span> <span class='ocrx_word' id='word_1_42' title='bbox 888 801 1000 880; x_wconf 88' lang='lat' dir='ltr'><strong>reperti</strong></span> <span class='ocrx_word' id='word_1_43' title='bbox 1030 806 1099 861; x_wconf 90' lang='lat' dir='ltr'><strong>sunt</strong></span> <span class='ocrx_word' id='word_1_44' title='bbox 1125 797 1174 860; x_wconf 87' lang='lat' dir='ltr'><strong>uel</strong></span> <span class='ocrx_word' id='word_1_45' title='bbox 1197 798 1275 877; x_wconf 86' lang='lat' dir='ltr'><strong>quod</strong></span> <span class='ocrx_word' id='word_1_46' title='bbox 1299 801 1503 879; x_wconf 70' lang='lat' dir='ltr'><strong>principatum</strong></span> 
     </span>
     <span class='ocr_line' id='line_1_6' title="bbox 206 900 1529 980; baseline -0.003 -19"><span class='ocrx_word' id='word_1_47' title='bbox 206 910 307 962; x_wconf 88' lang='lat' dir='ltr'><strong>tenent</strong></span> <span class='ocrx_word' id='word_1_48' title='bbox 328 902 407 963; x_wconf 88' lang='lat' dir='ltr'><strong>inter</strong></span> <span class='ocrx_word' id='word_1_49' title='bbox 429 901 573 978; x_wconf 88' lang='lat' dir='ltr'><strong>reliquos.</strong></span> <span class='ocrx_word' id='word_1_50' title='bbox 617 900 690 960; x_wconf 91' lang='lat' dir='ltr'><strong>lnde</strong></span> <span class='ocrx_word' id='word_1_51' title='bbox 713 908 742 960; x_wconf 92' lang='lat' dir='ltr'><strong>et</strong></span> <span class='ocrx_word' id='word_1_52' title='bbox 765 901 944 980; x_wconf 81' lang='lat' dir='ltr'><strong>principales</strong></span> <span class='ocrx_word' id='word_1_53' title='bbox 966 901 1116 962; x_wconf 88' lang='lat' dir='ltr'><strong>dicuntur.</strong></span> <span class='ocrx_word' id='word_1_54' title='bbox 1515 917 1529 957; x_wconf 80' lang='lat' dir='ltr'><strong>s</strong></span> 
     </span>
    </p>
   </div>
   <div class='ocr_carea' id='block_1_3' title="bbox 729 1085 973 1149">
    <p class='ocr_par' dir='ltr' id='par_1_3' title="bbox 729 1085 973 1149">
     <span class='ocr_line' id='line_1_7' title="bbox 729 1085 973 1149; baseline 0 -3"><span class='ocrx_word' id='word_1_55' title='bbox 729 1085 777 1147; x_wconf 86' lang='lat' dir='ltr'><strong>DE</strong></span> <span class='ocrx_word' id='word_1_56' title='bbox 806 1085 973 1149; x_wconf 84' lang='lat' dir='ltr'>PEDIBVS.</span> 
     </span>
    </p>
   </div>
   <div class='ocr_carea' id='block_1_4' title="bbox 61 1203 1535 3719">
    <p class='ocr_par' dir='ltr' id='par_1_4' title="bbox 78 1203 1535 2806">
     <span class='ocr_line' id='line_1_8' title="bbox 78 1203 1505 1287; baseline 0 -21"><span class='ocrx_word' id='word_1_57' title='bbox 78 1220 165 1277; x_wconf 63' lang='lat' dir='ltr'><strong>pato,</strong></span> <span class='ocrx_word' id='word_1_58' title='bbox 179 1220 203 1260; x_wconf 75' lang='lat'><strong>1⁷</strong></span> <span class='ocrx_word' id='word_1_59' title='bbox 290 1206 357 1266; x_wconf 85' lang='lat' dir='ltr'><strong>Pes</strong></span> <span class='ocrx_word' id='word_1_60' title='bbox 384 1214 441 1267; x_wconf 91' lang='lat' dir='ltr'><strong>est</strong></span> <span class='ocrx_word' id='word_1_61' title='bbox 468 1203 708 1283; x_wconf 90' lang='lat' dir='ltr'><strong>syllabarum.</strong></span> <span class='ocrx_word' id='word_1_62' title='bbox 755 1205 918 1266; x_wconf 76' lang='lat' dir='ltr'><strong>ventilatur</strong></span> <span class='ocrx_word' id='word_1_63' title='bbox 941 1224 956 1266; x_wconf 92' lang='lat' dir='ltr'><strong>a</strong></span> <span class='ocrx_word' id='word_1_64' title='bbox 979 1203 1131 1266; x_wconf 90' lang='lat' dir='ltr'><strong>nonnullis</strong></span> <span class='ocrx_word' id='word_1_65' title='bbox 1154 1207 1303 1282; x_wconf 86' lang='lat' dir='ltr'><strong>quaestio,</strong></span> <span class='ocrx_word' id='word_1_66' title='bbox 1332 1223 1392 1267; x_wconf 91' lang='lat' dir='ltr'><strong>cur</strong></span> <span class='ocrx_word' id='word_1_67' title='bbox 1413 1207 1505 1287; x_wconf 84' lang='lat' dir='ltr'><strong>podes</strong></span> 
     </span>
     <span class='ocr_line' id='line_1_9' title="bbox 204 1304 1503 1388; baseline 0.003 -22"><span class='ocrx_word' id='word_1_68' title='bbox 204 1309 235 1367; x_wconf 89' lang='lat' dir='ltr'><strong>in</strong></span> <span class='ocrx_word' id='word_1_69' title='bbox 258 1316 320 1368; x_wconf 93' lang='lat' dir='ltr'><strong>arte</strong></span> <span class='ocrx_word' id='word_1_70' title='bbox 343 1314 502 1386; x_wconf 88' lang='lat' dir='ltr'><strong>ponantur.</strong></span> <span class='ocrx_word' id='word_1_71' title='bbox 548 1307 662 1367; x_wconf 76' lang='lat' dir='ltr'><strong>Dicitur</strong></span> <span class='ocrx_word' id='word_1_72' title='bbox 684 1314 797 1376; x_wconf 72' lang='lat' dir='ltr'><strong>minen,</strong></span> <span class='ocrx_word' id='word_1_73' title='bbox 822 1309 960 1383; x_wconf 86' lang='lat' dir='ltr'><strong>quoniam</strong></span> <span class='ocrx_word' id='word_1_74' title='bbox 985 1304 1051 1367; x_wconf 90' lang='lat' dir='ltr'><strong>illos</strong></span> <span class='ocrx_word' id='word_1_75' title='bbox 1073 1325 1132 1368; x_wconf 92' lang='lat' dir='ltr'><strong>noo</strong></span> <span class='ocrx_word' id='word_1_76' title='bbox 1155 1307 1290 1387; x_wconf 85' lang='lat' dir='ltr'><strong>improbe</strong></span> <span class='ocrx_word' id='word_1_77' title='bbox 1306 1310 1419 1386; x_wconf 82' lang='lat' dir='ltr'><strong>posuit,</strong></span> <span class='ocrx_word' id='word_1_78' title='bbox 1436 1309 1503 1388; x_wconf 85' lang='lat' dir='ltr'><strong>quia</strong></span> 
     </span>
     <span class='ocr_line' id='line_1_10' title="bbox 204 1406 1503 1489; baseline 0.002 -21"><span class='ocrx_word' id='word_1_79' title='bbox 204 1407 249 1468; x_wconf 91' lang='lat' dir='ltr'><strong>bis</strong></span> <span class='ocrx_word' id='word_1_80' title='bbox 272 1409 356 1489; x_wconf 90' lang='lat' dir='ltr'><strong>quasi</strong></span> <span class='ocrx_word' id='word_1_81' title='bbox 378 1407 504 1487; x_wconf 87' lang='lat' dir='ltr'><strong>quadarn</strong></span> <span class='ocrx_word' id='word_1_82' title='bbox 526 1407 624 1487; x_wconf 89' lang='lat' dir='ltr'><strong>pedali</strong></span> <span class='ocrx_word' id='word_1_83' title='bbox 647 1409 748 1486; x_wconf 81' lang='lat' dir='ltr'><strong>regula</strong></span> <span class='ocrx_word' id='word_1_84' title='bbox 772 1407 807 1467; x_wconf 92' lang='lat' dir='ltr'><strong>ad</strong></span> <span class='ocrx_word' id='word_1_85' title='bbox 830 1407 1017 1487; x_wconf 84' lang='lat' dir='ltr'><strong>peragendos</strong></span> <span class='ocrx_word' id='word_1_86' title='bbox 1040 1425 1148 1469; x_wconf 89' lang='lat' dir='ltr'><strong>uorsus</strong></span> <span class='ocrx_word' id='word_1_87' title='bbox 1162 1416 1297 1487; x_wconf 88' lang='lat' dir='ltr'><strong>tempora</strong></span> <span class='ocrx_word' id='word_1_88' title='bbox 1313 1406 1503 1489; x_wconf 80' lang='lat' dir='ltr'><strong>syllabasque</strong></span> 
     </span>
     <span class='ocr_line' id='line_1_11' title="bbox 205 1505 1535 1591; baseline 0 -21"><span class='ocrx_word' id='word_1_89' title='bbox 205 1512 353 1571; x_wconf 85' lang='lat' dir='ltr'><strong>metimur.</strong></span> <span class='ocrx_word' id='word_1_90' title='bbox 399 1511 507 1570; x_wconf 85' lang='lat' dir='ltr'><strong>Certa</strong></span> <span class='ocrx_word' id='word_1_91' title='bbox 529 1508 799 1577; x_wconf 88' lang='lat' dir='ltr'><strong>dinumeratio,</strong></span> <span class='ocrx_word' id='word_1_92' title='bbox 824 1518 905 1569; x_wconf 91' lang='lat' dir='ltr'><strong>certa</strong></span> <span class='ocrx_word' id='word_1_93' title='bbox 929 1508 990 1579; x_wconf 83' lang='lat' dir='ltr'><strong>lex,</strong></span> <span class='ocrx_word' id='word_1_94' title='bbox 1014 1511 1109 1579; x_wconf 86' lang='lat' dir='ltr'><strong>firmo,</strong></span> <span class='ocrx_word' id='word_1_95' title='bbox 1133 1508 1261 1571; x_wconf 87' lang='lat' dir='ltr'><strong>delinita.</strong></span> <span class='ocrx_word' id='word_1_96' title='bbox 1287 1505 1412 1591; x_wconf 70' lang='grc' dir='ltr'>11204Ιῆ</span> <span class='ocrx_word' id='word_1_97' title='bbox 1440 1509 1501 1570; x_wconf 80' lang='grc' dir='ltr'><strong>Ἧί·</strong></span> <span class='ocrx_word' id='word_1_98' title='bbox 1514 1524 1535 1564; x_wconf 82' lang='lat'><strong>1⁰</strong></span> 
     </span>
     <span class='ocr_line' id='line_1_12' title="bbox 204 1608 1502 1691; baseline 0.001 -19"><span class='ocrx_word' id='word_1_99' title='bbox 204 1612 382 1672; x_wconf 87' lang='lat' dir='ltr'><strong>numeratio’</strong></span> <span class='ocrx_word' id='word_1_100' title='bbox 404 1611 599 1690; x_wconf 88' lang='lat' dir='ltr'><strong>computatio:</strong></span> <span class='ocrx_word' id='word_1_101' title='bbox 623 1609 704 1671; x_wconf 93' lang='lat' dir='ltr'><strong>nulla</strong></span> <span class='ocrx_word' id='word_1_102' title='bbox 727 1611 805 1691; x_wconf 89' lang='lat' dir='ltr'><strong>enim</strong></span> <span class='ocrx_word' id='word_1_103' title='bbox 829 1608 883 1670; x_wconf 87' lang='lat' dir='ltr'><strong>alia</strong></span> <span class='ocrx_word' id='word_1_104' title='bbox 906 1629 955 1672; x_wconf 88' lang='lat' dir='ltr'><strong>res</strong></span> <span class='ocrx_word' id='word_1_105' title='bbox 977 1611 1148 1672; x_wconf 83' lang='lat' dir='ltr'><strong>dinumerat</strong></span> <span class='ocrx_word' id='word_1_106' title='bbox 1169 1621 1304 1691; x_wconf 87' lang='lat' dir='ltr'><strong>tempora</strong></span> <span class='ocrx_word' id='word_1_107' title='bbox 1320 1620 1351 1672; x_wconf 92' lang='lat' dir='ltr'><strong>et</strong></span> <span class='ocrx_word' id='word_1_108' title='bbox 1366 1610 1502 1691; x_wconf 85' lang='lat' dir='ltr'><strong>syllabas,</strong></span> 
     </span>
     <span class='ocr_line' id='line_1_13' title="bbox 203 1711 1503 1792; baseline -0.001 -19"><span class='ocrx_word' id='word_1_109' title='bbox 203 1713 293 1774; x_wconf 89' lang='lat' dir='ltr'><strong>ueluti</strong></span> <span class='ocrx_word' id='word_1_110' title='bbox 315 1711 417 1792; x_wconf 90' lang='lat' dir='ltr'><strong>pedes.</strong></span> <span class='ocrx_word' id='word_1_111' title='bbox 462 1711 696 1790; x_wconf 81' lang='lat' dir='ltr'><strong>l&#39;emporum,</strong></span> <span class='ocrx_word' id='word_1_112' title='bbox 726 1714 750 1771; x_wconf 90' lang='lat' dir='ltr'><strong>i·</strong></span> <span class='ocrx_word' id='word_1_113' title='bbox 774 1713 945 1791; x_wconf 87' lang='lat' dir='ltr'><strong>spatiorum.</strong></span> <span class='ocrx_word' id='word_1_114' title='bbox 990 1712 1064 1773; x_wconf 90' lang='lat' dir='ltr'><strong>Nam</strong></span> <span class='ocrx_word' id='word_1_115' title='bbox 1087 1711 1205 1790; x_wconf 88' lang='lat' dir='ltr'><strong>quidam</strong></span> <span class='ocrx_word' id='word_1_116' title='bbox 1229 1712 1320 1792; x_wconf 88' lang='lat' dir='ltr'><strong>pedes</strong></span> <span class='ocrx_word' id='word_1_117' title='bbox 1343 1721 1429 1782; x_wconf 90' lang='lat' dir='ltr'><strong>sunt,</strong></span> <span class='ocrx_word' id='word_1_118' title='bbox 1453 1714 1503 1791; x_wconf 85' lang='lat' dir='ltr'><strong>qui</strong></span> 
     </span>
     <span class='ocr_line' id='line_1_14' title="bbox 203 1811 1500 1895; baseline 0.002 -22"><span class='ocrx_word' id='word_1_119' title='bbox 203 1813 261 1874; x_wconf 92' lang='lat' dir='ltr'><strong>duo</strong></span> <span class='ocrx_word' id='word_1_120' title='bbox 284 1813 332 1874; x_wconf 91' lang='lat' dir='ltr'><strong>uel</strong></span> <span class='ocrx_word' id='word_1_121' title='bbox 354 1815 410 1873; x_wconf 88' lang='lat' dir='ltr'><strong>tria</strong></span> <span class='ocrx_word' id='word_1_122' title='bbox 434 1821 566 1892; x_wconf 89' lang='lat' dir='ltr'><strong>tempora</strong></span> <span class='ocrx_word' id='word_1_123' title='bbox 589 1819 641 1873; x_wconf 88' lang='lat' dir='ltr'><strong>aut</strong></span> <span class='ocrx_word' id='word_1_124' title='bbox 662 1820 802 1892; x_wconf 88' lang='lat' dir='ltr'><strong>quattuor</strong></span> <span class='ocrx_word' id='word_1_125' title='bbox 825 1811 935 1874; x_wconf 89' lang='lat' dir='ltr'><strong>habent</strong></span> <span class='ocrx_word' id='word_1_126' title='bbox 950 1814 1114 1875; x_wconf 89' lang='lat' dir='ltr'><strong>secundum</strong></span> <span class='ocrx_word' id='word_1_127' title='bbox 1130 1832 1289 1875; x_wconf 92' lang='lat' dir='ltr'><strong>numerum</strong></span> <span class='ocrx_word' id='word_1_128' title='bbox 1306 1812 1500 1895; x_wconf 86' lang='lat' dir='ltr'><strong>syllabarum.</strong></span> 
     </span>
     <span class='ocr_line' id='line_1_15' title="bbox 202 1913 1500 1995; baseline 0.002 -21"><span class='ocrx_word' id='word_1_129' title='bbox 202 1914 281 1976; x_wconf 86' lang='lat' dir='ltr'><strong>Haeo</strong></span> <span class='ocrx_word' id='word_1_130' title='bbox 311 1924 408 1975; x_wconf 90' lang='lat' dir='ltr'><strong>autem</strong></span> <span class='ocrx_word' id='word_1_131' title='bbox 437 1913 568 1974; x_wconf 81' lang='lat' dir='ltr'><strong>definitio</strong></span> <span class='ocrx_word' id='word_1_132' title='bbox 595 1914 777 1975; x_wconf 88' lang='lat' dir='ltr'><strong>substantiae</strong></span> <span class='ocrx_word' id='word_1_133' title='bbox 800 1922 859 1983; x_wconf 85' lang='lat' dir='ltr'><strong>est,</strong></span> <span class='ocrx_word' id='word_1_134' title='bbox 882 1916 913 1975; x_wconf 92' lang='lat' dir='ltr'><strong>io</strong></span> <span class='ocrx_word' id='word_1_135' title='bbox 936 1933 994 1994; x_wconf 88' lang='lat' dir='ltr'><strong>qua</strong></span> <span class='ocrx_word' id='word_1_136' title='bbox 1016 1916 1184 1995; x_wconf 87' lang='lat' dir='ltr'><strong>proprietas</strong></span> <span class='ocrx_word' id='word_1_137' title='bbox 1207 1924 1237 1976; x_wconf 89' lang='lat' dir='ltr'><strong>et</strong></span> <span class='ocrx_word' id='word_1_138' title='bbox 1258 1917 1434 1977; x_wconf 90' lang='lat' dir='ltr'><strong>communio</strong></span> <span class='ocrx_word' id='word_1_139' title='bbox 1458 1917 1500 1976; x_wconf 93' lang='lat' dir='ltr'><strong>io·</strong></span> 
     </span>
     <span class='ocr_line' id='line_1_16' title="bbox 203 2015 1531 2097; baseline 0.003 -23"><span class='ocrx_word' id='word_1_140' title='bbox 203 2015 361 2093; x_wconf 85' lang='lat' dir='ltr'><strong>telligenda</strong></span> <span class='ocrx_word' id='word_1_141' title='bbox 384 2024 438 2077; x_wconf 88' lang='lat' dir='ltr'><strong>est.</strong></span> <span class='ocrx_word' id='word_1_142' title='bbox 484 2017 655 2096; x_wconf 80' lang='lat' dir='ltr'><strong>Proprietas</strong></span> <span class='ocrx_word' id='word_1_143' title='bbox 676 2017 706 2076; x_wconf 91' lang='lat' dir='ltr'><strong>in</strong></span> <span class='ocrx_word' id='word_1_144' title='bbox 730 2015 801 2083; x_wconf 89' lang='lat' dir='ltr'><strong>boc,</strong></span> <span class='ocrx_word' id='word_1_145' title='bbox 831 2016 910 2092; x_wconf 81' lang='lat' dir='ltr'><strong>quod</strong></span> <span class='ocrx_word' id='word_1_146' title='bbox 939 2017 1011 2076; x_wconf 86' lang='lat' dir='ltr'><strong>dicit</strong></span> <span class='ocrx_word' id='word_1_147' title='bbox 1032 2019 1124 2077; x_wconf 73' lang='lat' dir='ltr'><strong>‘certa</strong></span> <span class='ocrx_word' id='word_1_148' title='bbox 1148 2017 1349 2078; x_wconf 88' lang='lat' dir='ltr'><strong>dinumeratio</strong></span> <span class='ocrx_word' id='word_1_149' title='bbox 1371 2015 1531 2097; x_wconf 81' lang='lat' dir='ltr'><strong>syllaba-1⁵</strong></span> 
     </span>
     <span class='ocr_line' id='line_1_17' title="bbox 202 2116 1500 2196; baseline 0.003 -22"><span class='ocrx_word' id='word_1_150' title='bbox 202 2121 295 2183; x_wconf 90' lang='lat' dir='ltr'><strong>rum’;</strong></span> <span class='ocrx_word' id='word_1_151' title='bbox 324 2119 563 2179; x_wconf 90' lang='lat' dir='ltr'><strong>communionem</strong></span> <span class='ocrx_word' id='word_1_152' title='bbox 587 2135 659 2178; x_wconf 87' lang='lat' dir='ltr'><strong>uero</strong></span> <span class='ocrx_word' id='word_1_153' title='bbox 682 2116 771 2178; x_wconf 92' lang='lat' dir='ltr'><strong>babet</strong></span> <span class='ocrx_word' id='word_1_154' title='bbox 796 2135 866 2178; x_wconf 88' lang='lat' dir='ltr'><strong>oum</strong></span> <span class='ocrx_word' id='word_1_155' title='bbox 895 2116 1022 2196; x_wconf 78' lang='lat' dir='ltr'><strong>syllaba,</strong></span> <span class='ocrx_word' id='word_1_156' title='bbox 1052 2118 1169 2196; x_wconf 86' lang='lat' dir='ltr'><strong>quando</strong></span> <span class='ocrx_word' id='word_1_157' title='bbox 1197 2117 1270 2179; x_wconf 90' lang='lat' dir='ltr'><strong>dicit</strong></span> <span class='ocrx_word' id='word_1_158' title='bbox 1290 2120 1393 2180; x_wconf 76' lang='lat' dir='ltr'><strong>‘certa</strong></span> <span class='ocrx_word' id='word_1_159' title='bbox 1415 2118 1500 2180; x_wconf 91' lang='lat' dir='ltr'><strong>dinu-</strong></span> 
     </span>
     <span class='ocr_line' id='line_1_18' title="bbox 202 2219 1501 2300; baseline 0.003 -23"><span class='ocrx_word' id='word_1_160' title='bbox 202 2220 327 2278; x_wconf 88' lang='lat' dir='ltr'><strong>meratio</strong></span> <span class='ocrx_word' id='word_1_161' title='bbox 362 2223 557 2297; x_wconf 86' lang='lat' dir='ltr'><strong>temporum&#39;,</strong></span> <span class='ocrx_word' id='word_1_162' title='bbox 587 2222 657 2298; x_wconf 88' lang='lat' dir='ltr'><strong>qula</strong></span> <span class='ocrx_word' id='word_1_163' title='bbox 686 2229 715 2279; x_wconf 89' lang='lat' dir='ltr'><strong>et</strong></span> <span class='ocrx_word' id='word_1_164' title='bbox 742 2221 771 2279; x_wconf 91' lang='lat' dir='ltr'><strong>in</strong></span> <span class='ocrx_word' id='word_1_165' title='bbox 800 2219 925 2297; x_wconf 79' lang='lat' dir='ltr'><strong>syllaba,</strong></span> <span class='ocrx_word' id='word_1_166' title='bbox 958 2221 1035 2280; x_wconf 90' lang='lat' dir='ltr'><strong>siout</strong></span> <span class='ocrx_word' id='word_1_167' title='bbox 1062 2221 1091 2281; x_wconf 90' lang='lat' dir='ltr'><strong>in</strong></span> <span class='ocrx_word' id='word_1_168' title='bbox 1120 2220 1255 2300; x_wconf 89' lang='lat' dir='ltr'><strong>pedibus,</strong></span> <span class='ocrx_word' id='word_1_169' title='bbox 1285 2228 1501 2282; x_wconf 88' lang='lat' dir='ltr'><strong>mensurantur</strong></span> 
     </span>
     <span class='ocr_line' id='line_1_19' title="bbox 202 2319 1500 2400; baseline 0.003 -23"><span class='ocrx_word' id='word_1_170' title='bbox 202 2327 345 2397; x_wconf 90' lang='lat' dir='ltr'><strong>tempora.</strong></span> <span class='ocrx_word' id='word_1_171' title='bbox 391 2319 440 2379; x_wconf 91' lang='lat' dir='ltr'><strong>Sic</strong></span> <span class='ocrx_word' id='word_1_172' title='bbox 468 2337 539 2398; x_wconf 80' lang='lat' dir='ltr'><strong>crgo</strong></span> <span class='ocrx_word' id='word_1_173' title='bbox 567 2320 713 2397; x_wconf 80' lang='lat' dir='ltr'><strong>iungitur:</strong></span> <span class='ocrx_word' id='word_1_174' title='bbox 748 2319 818 2399; x_wconf 82' lang='lat' dir='ltr'><strong>‘pes</strong></span> <span class='ocrx_word' id='word_1_175' title='bbox 841 2329 886 2381; x_wconf 89' lang='lat' dir='ltr'><strong>est</strong></span> <span class='ocrx_word' id='word_1_176' title='bbox 913 2329 993 2382; x_wconf 89' lang='lat' dir='ltr'><strong>certa</strong></span> <span class='ocrx_word' id='word_1_177' title='bbox 1022 2321 1218 2383; x_wconf 88' lang='lat' dir='ltr'><strong>dinumeratio</strong></span> <span class='ocrx_word' id='word_1_178' title='bbox 1245 2319 1430 2400; x_wconf 78' lang='lat' dir='ltr'><strong>syllabarum</strong></span> <span class='ocrx_word' id='word_1_179' title='bbox 1455 2319 1500 2383; x_wconf 90' lang='lat' dir='ltr'><strong>uel</strong></span> 
     </span>
     <span class='ocr_line' id='line_1_20' title="bbox 200 2419 1499 2503; baseline 0.003 -24"><span class='ocrx_word' id='word_1_180' title='bbox 200 2428 281 2480; x_wconf 88' lang='lat' dir='ltr'><strong>certa</strong></span> <span class='ocrx_word' id='word_1_181' title='bbox 315 2419 512 2480; x_wconf 89' lang='lat' dir='ltr'><strong>dinumeratio</strong></span> <span class='ocrx_word' id='word_1_182' title='bbox 541 2423 732 2501; x_wconf 87' lang='lat' dir='ltr'><strong>temporum&#39;.</strong></span> <span class='ocrx_word' id='word_1_183' title='bbox 777 2421 847 2482; x_wconf 85' lang='lat' dir='ltr'><strong>Post</strong></span> <span class='ocrx_word' id='word_1_184' title='bbox 879 2421 1021 2501; x_wconf 90' lang='lat' dir='ltr'><strong>syllabam</strong></span> <span class='ocrx_word' id='word_1_185' title='bbox 1052 2423 1185 2499; x_wconf 60' lang='lat' dir='ltr'><strong>delinit„</strong></span> <span class='ocrx_word' id='word_1_186' title='bbox 1203 2422 1273 2503; x_wconf 91' lang='lat' dir='ltr'><strong>quid</strong></span> <span class='ocrx_word' id='word_1_187' title='bbox 1306 2423 1368 2484; x_wconf 90' lang='lat' dir='ltr'><strong>siut</strong></span> <span class='ocrx_word' id='word_1_188' title='bbox 1398 2422 1499 2502; x_wconf 66' lang='lat' dir='ltr'><strong>pedes</strong></span> 
     </span>
     <span class='ocr_line' id='line_1_21' title="bbox 200 2520 1531 2604; baseline 0.004 -22"><span class='ocrx_word' id='word_1_189' title='bbox 200 2522 269 2600; x_wconf 88' lang='lat' dir='ltr'><strong>quia</strong></span> <span class='ocrx_word' id='word_1_190' title='bbox 299 2539 334 2581; x_wconf 86' lang='lat' dir='ltr'><strong>ex</strong></span> <span class='ocrx_word' id='word_1_191' title='bbox 360 2520 478 2602; x_wconf 90' lang='lat' dir='ltr'><strong>syllabis</strong></span> <span class='ocrx_word' id='word_1_192' title='bbox 505 2530 652 2584; x_wconf 88' lang='lat' dir='ltr'><strong>constant.</strong></span> <span class='ocrx_word' id='word_1_193' title='bbox 703 2523 754 2584; x_wconf 80' lang='lat' dir='ltr'><strong>Est</strong></span> <span class='ocrx_word' id='word_1_194' title='bbox 782 2538 854 2600; x_wconf 80' lang='lat' dir='ltr'><strong>ergo</strong></span> <span class='ocrx_word' id='word_1_195' title='bbox 882 2542 934 2604; x_wconf 90' lang='lat' dir='ltr'><strong>pes</strong></span> <span class='ocrx_word' id='word_1_196' title='bbox 963 2522 1142 2603; x_wconf 85' lang='lat' dir='ltr'><strong>syllabarum</strong></span> <span class='ocrx_word' id='word_1_197' title='bbox 1171 2533 1251 2585; x_wconf 88' lang='lat' dir='ltr'><strong>certa</strong></span> <span class='ocrx_word' id='word_1_198' title='bbox 1286 2523 1531 2596; x_wconf 72' lang='lat' dir='ltr'><strong>dinumeratos</strong></span> 
     </span>
     <span class='ocr_line' id='line_1_22' title="bbox 201 2623 1500 2706; baseline 0.004 -23"><span class='ocrx_word' id='word_1_199' title='bbox 201 2625 269 2701; x_wconf 89' lang='lat' dir='ltr'><strong>quia</strong></span> <span class='ocrx_word' id='word_1_200' title='bbox 297 2632 366 2684; x_wconf 93' lang='lat' dir='ltr'><strong>suot</strong></span> <span class='ocrx_word' id='word_1_201' title='bbox 393 2624 513 2704; x_wconf 90' lang='lat' dir='ltr'><strong>quidam</strong></span> <span class='ocrx_word' id='word_1_202' title='bbox 546 2625 638 2704; x_wconf 90' lang='lat' dir='ltr'><strong>pedes</strong></span> <span class='ocrx_word' id='word_1_203' title='bbox 670 2624 806 2705; x_wconf 89' lang='lat' dir='ltr'><strong>disyllabi</strong></span> <span class='ocrx_word' id='word_1_204' title='bbox 834 2634 886 2686; x_wconf 87' lang='lat' dir='ltr'><strong>aut</strong></span> <span class='ocrx_word' id='word_1_205' title='bbox 914 2623 1056 2704; x_wconf 88' lang='lat' dir='ltr'><strong>trisyllabi</strong></span> <span class='ocrx_word' id='word_1_206' title='bbox 1086 2624 1134 2685; x_wconf 88' lang='lat' dir='ltr'><strong>uel</strong></span> <span class='ocrx_word' id='word_1_207' title='bbox 1162 2623 1364 2704; x_wconf 85' lang='lat' dir='ltr'><strong>tetrasyllabi,</strong></span> <span class='ocrx_word' id='word_1_208' title='bbox 1395 2634 1500 2706; x_wconf 81' lang='lat' dir='ltr'><strong>postea</strong></span> 
     </span>
     <span class='ocr_line' id='line_1_23' title="bbox 201 2725 1500 2806; baseline 0.002 -21"><span class='ocrx_word' id='word_1_209' title='bbox 201 2725 393 2805; x_wconf 89' lang='lat' dir='ltr'><strong>polysyllabi,</strong></span> <span class='ocrx_word' id='word_1_210' title='bbox 417 2728 437 2785; x_wconf 90' lang='lat' dir='ltr'><strong>i·</strong></span> <span class='ocrx_word' id='word_1_211' title='bbox 461 2725 568 2787; x_wconf 93' lang='lat' dir='ltr'><strong>multas</strong></span> <span class='ocrx_word' id='word_1_212' title='bbox 590 2726 716 2805; x_wconf 88' lang='lat' dir='ltr'><strong>syllabas</strong></span> <span class='ocrx_word' id='word_1_213' title='bbox 738 2726 891 2794; x_wconf 89' lang='lat' dir='ltr'><strong>habentes,</strong></span> <span class='ocrx_word' id='word_1_214' title='bbox 915 2743 990 2805; x_wconf 87' lang='lat' dir='ltr'><strong>qnos</strong></span> <span class='ocrx_word' id='word_1_215' title='bbox 1012 2727 1170 2806; x_wconf 80' lang='lat' dir='ltr'><strong>syzygias’</strong></span> <span class='ocrx_word' id='word_1_216' title='bbox 1192 2744 1346 2787; x_wconf 85' lang='lat' dir='ltr'><strong>uocamus.</strong></span> <span class='ocrx_word' id='word_1_217' title='bbox 1392 2729 1500 2790; x_wconf 81' lang='lat' dir='ltr'><strong>Acci·</strong></span> 
     </span>
    </p>

    <p class='ocr_par' dir='ltr' id='par_1_5' title="bbox 61 2826 1532 3719">
     <span class='ocr_line' id='line_1_24' title="bbox 61 2826 1500 2908; baseline 0.001 -19"><span class='ocrx_word' id='word_1_218' title='bbox 61 2826 363 2897; x_wconf 76' lang='lat' dir='ltr'><strong>r³⁶⁹1⁸duoti</strong></span> <span class='ocrx_word' id='word_1_219' title='bbox 394 2827 545 2887; x_wconf 89' lang='lat' dir='ltr'><strong>eueniunt.</strong></span> <span class='ocrx_word' id='word_1_220' title='bbox 600 2828 825 2908; x_wconf 76' lang='lat' dir='ltr'><strong>inicuique,</strong></span> <span class='ocrx_word' id='word_1_221' title='bbox 859 2830 884 2886; x_wconf 91' lang='lat' dir='ltr'><strong>i·</strong></span> <span class='ocrx_word' id='word_1_222' title='bbox 914 2828 995 2887; x_wconf 91' lang='lat' dir='ltr'><strong>omni</strong></span> <span class='ocrx_word' id='word_1_223' title='bbox 1028 2827 1105 2906; x_wconf 89' lang='lat' dir='ltr'><strong>pedi.</strong></span> <span class='ocrx_word' id='word_1_224' title='bbox 1156 2829 1276 2897; x_wconf 78' lang='lat' dir='ltr'><strong>Arsis,</strong></span> <span class='ocrx_word' id='word_1_225' title='bbox 1314 2827 1500 2891; x_wconf 87' lang='lat' dir='ltr'><strong>eleuatios.</strong></span> 
     </span>
     <span class='ocr_line' id='line_1_25' title="bbox 201 2926 1502 3009; baseline 0.003 -23"><span class='ocrx_word' id='word_1_226' title='bbox 201 2930 300 2996; x_wconf 90' lang='lat' dir='ltr'><strong>uocis,</strong></span> <span class='ocrx_word' id='word_1_227' title='bbox 329 2947 364 2988; x_wconf 90' lang='lat' dir='ltr'><strong>eo</strong></span> <span class='ocrx_word' id='word_1_228' title='bbox 393 2928 471 3008; x_wconf 90' lang='lat' dir='ltr'><strong>quod</strong></span> <span class='ocrx_word' id='word_1_229' title='bbox 503 2928 543 2989; x_wconf 90' lang='lat' dir='ltr'><strong>ibi</strong></span> <span class='ocrx_word' id='word_1_230' title='bbox 573 2948 631 2990; x_wconf 84' lang='lat' dir='ltr'><strong>uox</strong></span> <span class='ocrx_word' id='word_1_231' title='bbox 654 2929 799 2989; x_wconf 88' lang='lat' dir='ltr'><strong>eleuetor.</strong></span> <span class='ocrx_word' id='word_1_232' title='bbox 842 2926 989 2998; x_wconf 80' lang='lat' dir='ltr'><strong>Thasia,</strong></span> <span class='ocrx_word' id='word_1_233' title='bbox 1018 2927 1197 2999; x_wconf 87' lang='lat' dir='ltr'><strong>humiliatio,</strong></span> <span class='ocrx_word' id='word_1_234' title='bbox 1225 2931 1251 2990; x_wconf 94' lang='lat' dir='ltr'><strong>i·</strong></span> <span class='ocrx_word' id='word_1_235' title='bbox 1276 2928 1432 3009; x_wconf 90' lang='lat' dir='ltr'><strong>depositio</strong></span> <span class='ocrx_word' id='word_1_236' title='bbox 1453 2930 1502 2994; x_wconf 88' lang='lat' dir='ltr'><strong>uel</strong></span> 
     </span>
     <span class='ocr_line' id='line_1_26' title="bbox 201 3028 1532 3114; baseline 0.005 -26"><span class='ocrx_word' id='word_1_237' title='bbox 201 3028 355 3098; x_wconf 88' lang='lat' dir='ltr'><strong>demissio,</strong></span> <span class='ocrx_word' id='word_1_238' title='bbox 384 3033 452 3108; x_wconf 87' lang='lat' dir='ltr'><strong>quia</strong></span> <span class='ocrx_word' id='word_1_239' title='bbox 482 3031 524 3091; x_wconf 92' lang='lat' dir='ltr'><strong>ibi</strong></span> <span class='ocrx_word' id='word_1_240' title='bbox 552 3049 609 3092; x_wconf 85' lang='lat' dir='ltr'><strong>uox</strong></span> <span class='ocrx_word' id='word_1_241' title='bbox 638 3029 813 3108; x_wconf 89' lang='lat' dir='ltr'><strong>deponatur.</strong></span> <span class='ocrx_word' id='word_1_242' title='bbox 859 3028 1053 3100; x_wconf 88' lang='lat' dir='ltr'><strong>Numerus,</strong></span> <span class='ocrx_word' id='word_1_243' title='bbox 1082 3049 1105 3090; x_wconf 91' lang='lat' dir='ltr'><strong>s.</strong></span> <span class='ocrx_word' id='word_1_244' title='bbox 1129 3038 1244 3100; x_wconf 88' lang='lat' dir='ltr'><strong>certus,</strong></span> <span class='ocrx_word' id='word_1_245' title='bbox 1268 3033 1288 3090; x_wconf 92' lang='lat' dir='ltr'><strong>i·</strong></span> <span class='ocrx_word' id='word_1_246' title='bbox 1311 3038 1388 3110; x_wconf 90' lang='lat' dir='ltr'><strong>quot</strong></span> <span class='ocrx_word' id='word_1_247' title='bbox 1411 3032 1532 3114; x_wconf 72' lang='lat' dir='ltr'><strong>sylla-¹⁵</strong></span> 
     </span>
     <span class='ocr_line' id='line_1_27' title="bbox 200 3129 1502 3213; baseline 0.005 -23"><span class='ocrx_word' id='word_1_248' title='bbox 200 3131 253 3190; x_wconf 89' lang='lat' dir='ltr'><strong>bas</strong></span> <span class='ocrx_word' id='word_1_249' title='bbox 286 3129 383 3191; x_wconf 92' lang='lat' dir='ltr'><strong>babet.</strong></span> <span class='ocrx_word' id='word_1_250' title='bbox 428 3132 600 3212; x_wconf 87' lang='lat' dir='ltr'><strong>Tempus,</strong></span> <span class='ocrx_word' id='word_1_251' title='bbox 635 3132 660 3190; x_wconf 92' lang='lat' dir='ltr'><strong>i·</strong></span> <span class='ocrx_word' id='word_1_252' title='bbox 690 3139 763 3210; x_wconf 90' lang='lat' dir='ltr'><strong>quot</strong></span> <span class='ocrx_word' id='word_1_253' title='bbox 796 3138 928 3210; x_wconf 87' lang='lat' dir='ltr'><strong>tempora</strong></span> <span class='ocrx_word' id='word_1_254' title='bbox 963 3133 1080 3210; x_wconf 91' lang='lat' dir='ltr'><strong>accipit.</strong></span> <span class='ocrx_word' id='word_1_255' title='bbox 1132 3130 1344 3202; x_wconf 84' lang='lat' dir='ltr'><strong>Resolutio,</strong></span> <span class='ocrx_word' id='word_1_256' title='bbox 1379 3133 1502 3213; x_wconf 80' lang='lat' dir='ltr'><strong>quaudo</strong></span> 
     </span>
     <span class='ocr_line' id='line_1_28' title="bbox 201 3230 1500 3317; baseline 0.002 -25"><span class='ocrx_word' id='word_1_257' title='bbox 201 3249 278 3292; x_wconf 91' lang='lat' dir='ltr'><strong>unus</strong></span> <span class='ocrx_word' id='word_1_258' title='bbox 293 3249 347 3311; x_wconf 93' lang='lat' dir='ltr'><strong>pes</strong></span> <span class='ocrx_word' id='word_1_259' title='bbox 368 3232 494 3294; x_wconf 86' lang='lat' dir='ltr'><strong>soluitur</strong></span> <span class='ocrx_word' id='word_1_260' title='bbox 516 3236 546 3293; x_wconf 91' lang='lat' dir='ltr'><strong>in</strong></span> <span class='ocrx_word' id='word_1_261' title='bbox 570 3231 704 3303; x_wconf 87' lang='lat' dir='ltr'><strong>alterum,</strong></span> <span class='ocrx_word' id='word_1_262' title='bbox 722 3230 859 3293; x_wconf 89' lang='lat' dir='ltr'><strong>uidelicet</strong></span> <span class='ocrx_word' id='word_1_263' title='bbox 881 3230 1042 3312; x_wconf 90' lang='lat' dir='ltr'><strong>disyllabus</strong></span> <span class='ocrx_word' id='word_1_264' title='bbox 1064 3235 1094 3292; x_wconf 91' lang='lat' dir='ltr'><strong>in</strong></span> <span class='ocrx_word' id='word_1_265' title='bbox 1118 3231 1301 3312; x_wconf 88' lang='lat' dir='ltr'><strong>trisyllabum</strong></span> <span class='ocrx_word' id='word_1_266' title='bbox 1326 3232 1377 3295; x_wconf 90' lang='lat' dir='ltr'><strong>uel</strong></span> <span class='ocrx_word' id='word_1_267' title='bbox 1400 3235 1500 3317; x_wconf 86' lang='lat' dir='ltr'><strong>trisyl-</strong></span> 
     </span>
     <span class='ocr_line' id='line_1_29' title="bbox 201 3317 1500 3418; baseline 0.005 -26"><span class='ocrx_word' id='word_1_268' title='bbox 201 3330 284 3394; x_wconf 92' lang='lat' dir='ltr'><strong>labus</strong></span> <span class='ocrx_word' id='word_1_269' title='bbox 305 3336 335 3394; x_wconf 90' lang='lat' dir='ltr'><strong>in</strong></span> <span class='ocrx_word' id='word_1_270' title='bbox 359 3335 599 3415; x_wconf 88' lang='lat' dir='ltr'><strong>tetrasyllabum,</strong></span> <span class='ocrx_word' id='word_1_271' title='bbox 629 3343 796 3412; x_wconf 91' lang='lat' dir='ltr'><strong>temporum</strong></span> <span class='ocrx_word' id='word_1_272' title='bbox 825 3342 923 3394; x_wconf 88' lang='lat' dir='ltr'><strong>tamen</strong></span> <span class='ocrx_word' id='word_1_273' title='bbox 945 3337 1062 3395; x_wconf 89' lang='lat' dir='ltr'><strong>ratione</strong></span> <span class='ocrx_word' id='word_1_274' title='bbox 1089 3317 1221 3396; x_wconf 79' lang='lat' dir='ltr'><strong>seruata:</strong></span> <span class='ocrx_word' id='word_1_275' title='bbox 1251 3332 1302 3394; x_wconf 90' lang='lat' dir='ltr'><strong>ille</strong></span> <span class='ocrx_word' id='word_1_276' title='bbox 1333 3336 1419 3397; x_wconf 86' lang='lat' dir='ltr'><strong>enim</strong></span> <span class='ocrx_word' id='word_1_277' title='bbox 1448 3356 1500 3418; x_wconf 85' lang='lat' dir='ltr'><strong>pes</strong></span> 
     </span>
     <span class='ocr_line' id='line_1_30' title="bbox 201 3434 1501 3519; baseline 0.004 -25"><span class='ocrx_word' id='word_1_278' title='bbox 201 3437 319 3512; x_wconf 90' lang='lat' dir='ltr'><strong>ponitur</strong></span> <span class='ocrx_word' id='word_1_279' title='bbox 346 3455 400 3515; x_wconf 90' lang='lat' dir='ltr'><strong>pro</strong></span> <span class='ocrx_word' id='word_1_280' title='bbox 429 3436 538 3507; x_wconf 88' lang='lat' dir='ltr'><strong>altero,</strong></span> <span class='ocrx_word' id='word_1_281' title='bbox 568 3455 634 3498; x_wconf 89' lang='lat' dir='ltr'><strong>cum</strong></span> <span class='ocrx_word' id='word_1_282' title='bbox 659 3454 716 3513; x_wconf 90' lang='lat' dir='ltr'><strong>quo</strong></span> <span class='ocrx_word' id='word_1_283' title='bbox 740 3435 843 3498; x_wconf 89' lang='lat' dir='ltr'><strong>eadem</strong></span> <span class='ocrx_word' id='word_1_284' title='bbox 866 3441 1002 3513; x_wconf 90' lang='lat' dir='ltr'><strong>tempora</strong></span> <span class='ocrx_word' id='word_1_285' title='bbox 1026 3435 1137 3497; x_wconf 88' lang='lat' dir='ltr'><strong>habero</strong></span> <span class='ocrx_word' id='word_1_286' title='bbox 1165 3434 1267 3504; x_wconf 85' lang='lat' dir='ltr'><strong>debet,</strong></span> <span class='ocrx_word' id='word_1_287' title='bbox 1298 3444 1407 3515; x_wconf 86' lang='lat' dir='ltr'><strong>utpote</strong></span> <span class='ocrx_word' id='word_1_288' title='bbox 1431 3457 1501 3519; x_wconf 89' lang='lat' dir='ltr'><strong>pro·</strong></span> 
     </span>
     <span class='ocr_line' id='line_1_31' title="bbox 198 3535 1531 3619; baseline 0 -24"><span class='ocrx_word' id='word_1_289' title='bbox 198 3535 423 3597; x_wconf 88' lang='lat' dir='ltr'><strong>celeusmaticus</strong></span> <span class='ocrx_word' id='word_1_290' title='bbox 451 3555 505 3616; x_wconf 91' lang='lat' dir='ltr'><strong>pro</strong></span> <span class='ocrx_word' id='word_1_291' title='bbox 534 3536 649 3619; x_wconf 87' lang='lat' dir='ltr'><strong>dactylo</strong></span> <span class='ocrx_word' id='word_1_292' title='bbox 676 3536 725 3599; x_wconf 91' lang='lat' dir='ltr'><strong>uel</strong></span> <span class='ocrx_word' id='word_1_293' title='bbox 756 3536 903 3616; x_wconf 89' lang='lat' dir='ltr'><strong>spondeo,</strong></span> <span class='ocrx_word' id='word_1_294' title='bbox 938 3538 1006 3615; x_wconf 89' lang='lat' dir='ltr'><strong>quia</strong></span> <span class='ocrx_word' id='word_1_295' title='bbox 1041 3537 1201 3598; x_wconf 90' lang='lat' dir='ltr'><strong>eorundem</strong></span> <span class='ocrx_word' id='word_1_296' title='bbox 1234 3544 1412 3617; x_wconf 84' lang='lat' dir='ltr'><strong>temporum</strong></span> <span class='ocrx_word' id='word_1_297' title='bbox 1447 3548 1531 3601; x_wconf 74' lang='lat' dir='ltr'><strong>estro</strong></span> 
     </span>
     <span class='ocr_line' id='line_1_32' title="bbox 198 3636 1494 3719; baseline 0.004 -22"><span class='ocrx_word' id='word_1_298' title='bbox 198 3636 324 3708; x_wconf 86' lang='lat' dir='ltr'><strong>Quidam</strong></span> <span class='ocrx_word' id='word_1_299' title='bbox 348 3640 427 3698; x_wconf 91' lang='lat' dir='ltr'><strong>enim</strong></span> <span class='ocrx_word' id='word_1_300' title='bbox 451 3646 520 3699; x_wconf 91' lang='lat' dir='ltr'><strong>sunt</strong></span> <span class='ocrx_word' id='word_1_301' title='bbox 541 3638 690 3719; x_wconf 90' lang='lat' dir='ltr'><strong>simplices</strong></span> <span class='ocrx_word' id='word_1_302' title='bbox 719 3684 1494 3702; x_wconf 86' lang='grc'><strong>...................</strong></span> 
     </span>
    </p>
   </div>
   <div class='ocr_carea' id='block_1_5' title="bbox 739 3872 950 3956">
    <p class='ocr_par' dir='ltr' id='par_1_6' title="bbox 739 3872 950 3956">
     <span class='ocr_line' id='line_1_33' title="bbox 739 3872 950 3956; baseline 0.005 -21"><span class='ocrx_word' id='word_1_303' title='bbox 739 3873 801 3956; x_wconf 81' lang='lat' dir='ltr'><strong>[on</strong></span> <span class='ocrx_word' id='word_1_304' title='bbox 824 3872 950 3955; x_wconf 84' lang='lat' dir='ltr'><strong>rents]</strong></span> 
     </span>
    </p>
   </div>
   <div class='ocr_carea' id='block_1_6' title="bbox 57 4070 1529 4357">
    <p class='ocr_par' dir='ltr' id='par_1_7' title="bbox 57 4070 1529 4357">
     <span class='ocr_line' id='line_1_34' title="bbox 57 4070 1502 4159; baseline 0.004 -23"><span class='ocrx_word' id='word_1_305' title='bbox 57 4072 323 4159; x_wconf 73' lang='lat' dir='ltr'><strong>r-³⁷1.2⁷ll205ll</strong></span> <span class='ocrx_word' id='word_1_306' title='bbox 348 4086 377 4136; x_wconf 88' lang='lat' dir='ltr'><strong>et</strong></span> <span class='ocrx_word' id='word_1_307' title='bbox 400 4077 622 4155; x_wconf 90' lang='lat' dir='ltr'><strong>proprietatem.</strong></span> <span class='ocrx_word' id='word_1_308' title='bbox 667 4074 747 4136; x_wconf 87' lang='lat' dir='ltr'><strong>Ordo</strong></span> <span class='ocrx_word' id='word_1_309' title='bbox 771 4085 829 4137; x_wconf 89' lang='lat' dir='ltr'><strong>est:</strong></span> <span class='ocrx_word' id='word_1_310' title='bbox 868 4077 1076 4139; x_wconf 87' lang='lat' dir='ltr'><strong>Conturbat</strong></span> <span class='ocrx_word' id='word_1_311' title='bbox 1108 4096 1233 4157; x_wconf 89' lang='lat' dir='ltr'><strong>saepe,</strong></span> <span class='ocrx_word' id='word_1_312' title='bbox 1263 4079 1287 4136; x_wconf 92' lang='lat' dir='ltr'><strong>i·</strong></span> <span class='ocrx_word' id='word_1_313' title='bbox 1319 4070 1502 4159; x_wconf 83' lang='lat' dir='ltr'><strong>trequenter&#39;</strong></span> 
     </span>
     <span class='ocr_line' id='line_1_35' title="bbox 198 4176 1497 4256; baseline 0.004 -20"><span class='ocrx_word' id='word_1_314' title='bbox 198 4187 365 4238; x_wconf 90' lang='lat' dir='ltr'><strong>commouet</strong></span> <span class='ocrx_word' id='word_1_315' title='bbox 387 4187 562 4239; x_wconf 91' lang='lat' dir='ltr'><strong>accentuum</strong></span> <span class='ocrx_word' id='word_1_316' title='bbox 586 4176 692 4255; x_wconf 81' lang='lat' dir='ltr'><strong>legem,</strong></span> <span class='ocrx_word' id='word_1_317' title='bbox 716 4177 774 4239; x_wconf 81' lang='lat' dir='ltr'><strong>‘uel</strong></span> <span class='ocrx_word' id='word_1_318' title='bbox 798 4180 872 4239; x_wconf 88' lang='lat' dir='ltr'><strong>ratio</strong></span> <span class='ocrx_word' id='word_1_319' title='bbox 896 4177 1128 4256; x_wconf 81' lang='lat' dir='ltr'><strong>distinguendi’,</strong></span> <span class='ocrx_word' id='word_1_320' title='bbox 1146 4182 1169 4238; x_wconf 91' lang='lat' dir='ltr'><strong>i·</strong></span> <span class='ocrx_word' id='word_1_321' title='bbox 1194 4178 1360 4240; x_wconf 89' lang='lat' dir='ltr'><strong>diuidendi.</strong></span> <span class='ocrx_word' id='word_1_322' title='bbox 1407 4180 1497 4243; x_wconf 86' lang='lat' dir='ltr'><strong>Verbi</strong></span> 
     </span>
     <span class='ocr_line' id='line_1_36' title="bbox 197 4277 1529 4357; baseline 0.002 -18"><span class='ocrx_word' id='word_1_323' title='bbox 197 4281 305 4356; x_wconf 86' lang='lat' dir='ltr'><strong>gratia,</strong></span> <span class='ocrx_word' id='word_1_324' title='bbox 335 4280 449 4357; x_wconf 88' lang='lat' dir='ltr'><strong>siquis</strong></span> <span class='ocrx_word' id='word_1_325' title='bbox 475 4278 578 4357; x_wconf 84' lang='lat' dir='ltr'><strong>legens</strong></span> <span class='ocrx_word' id='word_1_326' title='bbox 606 4277 808 4340; x_wconf 80' lang='lat' dir='ltr'><strong>‘malesanus&#39;</strong></span> <span class='ocrx_word' id='word_1_327' title='bbox 836 4279 949 4339; x_wconf 89' lang='lat' dir='ltr'><strong>diuidat</strong></span> <span class='ocrx_word' id='word_1_328' title='bbox 975 4281 1006 4339; x_wconf 91' lang='lat' dir='ltr'><strong>io</strong></span> <span class='ocrx_word' id='word_1_329' title='bbox 1035 4279 1110 4340; x_wconf 92' lang='lat' dir='ltr'><strong>duos</strong></span> <span class='ocrx_word' id='word_1_330' title='bbox 1136 4288 1291 4349; x_wconf 90' lang='lat' dir='ltr'><strong>accentus,</strong></span> <span class='ocrx_word' id='word_1_331' title='bbox 1324 4288 1356 4341; x_wconf 92' lang='lat' dir='ltr'><strong>ut</strong></span> <span class='ocrx_word' id='word_1_332' title='bbox 1384 4284 1529 4345; x_wconf 75' lang='lat' dir='ltr'><strong>‘male’a</strong></span> 
     </span>
    </p>
   </div>
   <div class='ocr_carea' id='block_1_7' title="bbox 194 4565 1498 4834">
    <p class='ocr_par' dir='ltr' id='par_1_8' title="bbox 194 4565 1498 4834">
     <span class='ocr_line' id='line_1_37' title="bbox 264 4565 1497 4635; baseline 0.003 -17"><span class='ocrx_word' id='word_1_333' title='bbox 264 4567 442 4631; x_wconf 84' lang='lat' dir='ltr'><strong>3dissylabos</strong></span> <span class='ocrx_word' id='word_1_334' title='bbox 513 4567 690 4625; x_wconf 83' lang='lat' dir='ltr'><strong>inentilatur,</strong></span> <span class='ocrx_word' id='word_1_335' title='bbox 707 4581 838 4632; x_wconf 83' lang='lat' dir='ltr'><strong>suprascr.</strong></span> <span class='ocrx_word' id='word_1_336' title='bbox 857 4568 873 4616; x_wconf 88' lang='lat' dir='ltr'><strong>i</strong></span> <span class='ocrx_word' id='word_1_337' title='bbox 892 4578 1009 4617; x_wconf 87' lang='lat' dir='ltr'><strong>mouetur</strong></span> <span class='ocrx_word' id='word_1_338' title='bbox 1087 4568 1119 4616; x_wconf 81' lang='lat'><strong>21</strong></span> <span class='ocrx_word' id='word_1_339' title='bbox 1138 4565 1272 4630; x_wconf 85' lang='lat' dir='ltr'><strong>dissyllabi</strong></span> <span class='ocrx_word' id='word_1_340' title='bbox 1290 4579 1338 4617; x_wconf 85' lang='lat' dir='ltr'><strong>aut</strong></span> <span class='ocrx_word' id='word_1_341' title='bbox 1357 4570 1438 4635; x_wconf 84' lang='lat' dir='ltr'><strong>trissy</strong></span> <span class='ocrx_word' id='word_1_342' title='bbox 1440 4571 1497 4622; x_wconf 75' lang='lat' dir='ltr'><strong>tuti</strong></span> 
     </span>
     <span class='ocr_line' id='line_1_38' title="bbox 195 4633 1498 4704; baseline 0.005 -20"><span class='ocrx_word' id='word_1_343' title='bbox 195 4637 228 4685; x_wconf 79' lang='grc'><strong>22</strong></span> <span class='ocrx_word' id='word_1_344' title='bbox 248 4636 391 4701; x_wconf 86' lang='lat' dir='ltr'><strong>polisyllubi</strong></span> <span class='ocrx_word' id='word_1_345' title='bbox 460 4635 593 4700; x_wconf 79' lang='lat' dir='ltr'><strong>sinzogias</strong></span> <span class='ocrx_word' id='word_1_346' title='bbox 662 4636 695 4685; x_wconf 75' lang='lat'><strong>26</strong></span> <span class='ocrx_word' id='word_1_347' title='bbox 712 4634 829 4685; x_wconf 89' lang='lat' dir='ltr'><strong>dimissio</strong></span> <span class='ocrx_word' id='word_1_348' title='bbox 898 4635 1099 4699; x_wconf 74' lang='lat' dir='ltr'><strong>atdbsyttoot</strong></span> <span class='ocrx_word' id='word_1_349' title='bbox 1093 4650 1119 4683; x_wconf 89' lang='lat' dir='ltr'><strong>m</strong></span> <span class='ocrx_word' id='word_1_350' title='bbox 1138 4633 1313 4698; x_wconf 81' lang='lat' dir='ltr'><strong>trissyllabum</strong></span> <span class='ocrx_word' id='word_1_351' title='bbox 1335 4637 1377 4687; x_wconf 85' lang='lat' dir='ltr'><strong>uel</strong></span> <span class='ocrx_word' id='word_1_352' title='bbox 1397 4641 1498 4704; x_wconf 82' lang='lat' dir='ltr'><strong>trissyl-</strong></span> 
     </span>
     <span class='ocr_line' id='line_1_39' title="bbox 194 4699 1498 4773; baseline 0.006 -22"><span class='ocrx_word' id='word_1_353' title='bbox 194 4703 267 4751; x_wconf 87' lang='lat' dir='ltr'><strong>labus</strong></span> <span class='ocrx_word' id='word_1_354' title='bbox 335 4704 368 4752; x_wconf 78' lang='lat'><strong>29</strong></span> <span class='ocrx_word' id='word_1_355' title='bbox 385 4718 494 4764; x_wconf 86' lang='lat' dir='ltr'><strong>cumque</strong></span> <span class='ocrx_word' id='word_1_356' title='bbox 563 4702 789 4768; x_wconf 88' lang='lat' dir='ltr'><strong>proceleumaticus</strong></span> <span class='ocrx_word' id='word_1_357' title='bbox 864 4706 897 4754; x_wconf 87' lang='lat'><strong>30</strong></span> <span class='ocrx_word' id='word_1_358' title='bbox 915 4703 1008 4754; x_wconf 83' lang='lat' dir='ltr'><strong>dactilo</strong></span> <span class='ocrx_word' id='word_1_359' title='bbox 1086 4705 1117 4752; x_wconf 86' lang='lat'><strong>31</strong></span> <span class='ocrx_word' id='word_1_360' title='bbox 1137 4699 1279 4768; x_wconf 84' lang='lat' dir='ltr'><strong>simplices]</strong></span> <span class='ocrx_word' id='word_1_361' title='bbox 1301 4704 1428 4773; x_wconf 80' lang='lat' dir='ltr'><strong>Interp.</strong></span> <span class='ocrx_word' id='word_1_362' title='bbox 1449 4711 1498 4759; x_wconf 67' lang='lat'><strong>204</strong></span> 
     </span>
     <span class='ocr_line' id='line_1_40' title="bbox 196 4771 715 4834; baseline 0 -14"><span class='ocrx_word' id='word_1_363' title='bbox 196 4776 220 4820; x_wconf 87' lang='lat' dir='ltr'><strong>et</strong></span> <span class='ocrx_word' id='word_1_364' title='bbox 239 4772 289 4820; x_wconf 77' lang='lat'><strong>205</strong></span> <span class='ocrx_word' id='word_1_365' title='bbox 306 4772 425 4821; x_wconf 75' lang='lat' dir='ltr'><strong>monada</strong></span> <span class='ocrx_word' id='word_1_366' title='bbox 440 4771 506 4834; x_wconf 76' lang='lat' dir='ltr'><strong>solia</strong></span> <span class='ocrx_word' id='word_1_367' title='bbox 522 4772 715 4822; x_wconf 75' lang='lat' dir='ltr'><strong>interciderant.</strong></span> 
     </span>
    </p>
   </div>
   <div class='ocr_carea' id='block_1_8' title="bbox 0 0 1714 5378">
    <p class='ocr_par' dir='ltr' id='par_1_9' title="bbox 0 0 1714 5378">
     <span class='ocr_line' id='line_1_41' title="bbox 0 0 1714 5378; baseline 0 2"><span class='ocrx_word' id='word_1_368' title='bbox 0 0 1714 5378; x_wconf 95' lang='lat' dir='ltr'><strong> </strong></span> 
     </span>
    </p>
   </div>
  </div>
 </body>
</html>
