3420 5378
212 250 276 322 250
605 250 840 302 commutavit
858 247 1099 301 uluSIDLaasa:

126 440 556 525 ear‚odernonstratipne,
580 435 698 516 quando
722 436 896 517 pronomina
919 441 997 497 sunt.
1026 433 1166 496 Neuter
1188 441 1272 496 uter
1293 450 1390 494 unus
1412 433 1510 495 alter

214 540 312 623 ullus
341 539 445 602 ambo
474 549 643 618 uterque.
687 539 767 599 Haec
790 537 906 598 nomina
930 535 1048 616 quidam
1077 537 1312 597 aestimareruut
1436 553 1508 614 pro·

214 636 331 704 nomina
355 660 421 703 esse
443 649 565 721 propter
587 639 830 709 declinationem,
859 656 946 717 quam
970 636 1089 699 babent.
1135 636 1241 699 ‘Alter’
1265 636 1415 699 ‘alterius'
1438 637 1510 698 lacit

213 744 399 823 genetiuum,
424 743 502 803 sicut
524 740 596 802 ‘ille’
620 739 734 816 ‘illius’‚
758 747 883 819 excepto
898 741 1028 800 ‘neuter'
1044 740 1177 808 ε555158,
1201 738 1280 818 quod
1298 747 1344 798 est
1358 737 1509 799 secundae

214 843 418 906 declinationis
433 840 444 926 ΙΙ
464 840 524 904 174
540 841 569 925 lg,
598 853 628 904 ot
649 842 716 903 ideo
739 843 916 922 pronomina
939 839 1133 902 existimanda
1157 849 1243 910 sunt,
1272 858 1309 900 eo
1331 838 1413 919 quod
1434 841 1532 902 arti-s

214 945 289 1007 culis
311 947 340 1006 iu
364 944 563 1006 declinatione
586 952 699 1005 carent.
743 943 816 1004 Nam
846 960 905 1003 non
928 944 1041 1005 dicitur
1062 942 1129 1003 ‘hic
1151 940 1244 1002 ullus’
1268 948 1298 1001 et
1320 940 1371 1001 ‘bi
1393 939 1507 1002 ambo’.

755 1128 804 1189 DE
826 1127 960 1190 VERBO.

112 1268 201 1315 asan
225 1286 229 1293 ·
279 1251 435 1312 Verbum
458 1257 624 1328 estpars
646 1248 849 1314 orationis,
873 1248 892 1305 i·
917 1265 974 1308 una
997 1246 1301 1324 specicslocutionis;
1324 1265 1363 1307 ex
1379 1245 1507 1308 utsouo

213 1353 348 1434 partibus
370 1369 427 1411 una
452 1367 521 1431 pars
543 1339 589 1409 est
609 1349 750 1410 uerbum:
775 1346 966 1416 cerbereas,
990 1346 1059 1408 inde
1073 1347 1234 1409 ‘uerbum'.
1258 1345 1395 1409 Verbum
1409 1355 1506 1409 autom

214 1455 321 1516 dicitur
343 1472 359 1514 a
383 1450 607 1520 ‘uerberando',
630 1451 650 1511 i·
675 1447 883 1529 percutiendo,
908 1467 943 1508 co
966 1450 1045 1528 quod
1067 1448 1227 1511 uerberato
1248 1467 1320 1510 aere
1344 1456 1374 1509 et
1396 1447 1536 1529 plectrou

213 1557 331 1635 linguae
359 1555 519 1620 formetur:
549 1552 596 1612 uel
625 1551 788 1612 secundum
817 1550 1067 1628 Augustinum
1096 1550 1222 1612 uerbum
1250 1549 1361 1612 dicitur
1383 1552 1414 1612 ‘a
1437 1570 1506 1613 uere

214 1657 331 1719 boando
355 1659 373 1714 i·
399 1671 502 1714 attere
517 1652 676 1722 sonando’,
701 1660 730 1713 et
752 1650 916 1714 seeundum
939 1652 1016 1711 hanc
1039 1652 1255 1722 definitionem,
1286 1653 1409 1731 quaudo
1437 1670 1506 1715 uere

213 1767 311 1828 sonat,
336 1754 540 1818 tantummodo
563 1754 689 1814 dicimus
712 1753 853 1823 uerbum,
883 1751 953 1814 lalsa
976 1769 1050 1813 uero
1073 1770 1132 1813 non
1156 1761 1226 1812 sunt
1247 1752 1351 1814 uerba.
1398 1754 1505 1816 Omnes

214 1870 312 1940 partos
335 1857 486 1919 ‘uerbum’
510 1874 669 1935 possumus
691 1855 804 1914 dicere:
829 1853 915 1914 uerbi
931 1854 1025 1932 gratia
1041 1853 1171 1915 soleruus
1185 1852 1300 1915 dicere:
1324 1857 1405 1935 ‘quis
1419 1855 1504 1916 bodie

214 1962 283 2024 lecit
307 1938 432 2021 uerbum
455 1958 485 2017 in
509 1955 675 2031 ecclesial’‚
703 1975 771 2017 cum
794 1974 852 2016 non
876 1953 997 2016 desolo
1020 1953 1113 2015 uerbo
1134 1955 1287 2036 loquatur:
1316 1957 1372 2018 sed
1394 1959 1534 2036 specie-u

214 2063 280 2122 liter
302 2062 377 2122 haec
399 2077 468 2139 pars
490 2077 600 2119 nomen
622 2057 699 2119 istud
723 2057 827 2126 habet,
852 2054 929 2137 quod
953 2057 983 2116 in
1005 2058 1138 2117 oratione
1160 2058 1353 2137 frequentius
1375 2059 1504 2128 iteretur,

215 2162 262 2224 nel
286 2160 365 2239 quod
388 2160 566 2240 prolixiores
588 2159 678 2221 habet
705 2159 928 2221 declinationes.
974 2155 1056 2218 qulla
1088 2159 1164 2218 enirn
1194 2176 1264 2238 pars
1291 2161 1440 2221 orationis
1465 2169 1506 2221 est

214 2267 277 2326 sine
299 2263 402 2324 uerbo.
448 2263 529 2322 Bene
552 2261 626 2321 dixit
647 2262 727 2322 ‘curn
749 2268 884 2340 tempore
908 2266 937 2319 et
960 2259 1110 2337 persona',
1139 2260 1206 2338 quia
1235 2259 1309 2321 baec
1339 2261 1400 2322 duo
1423 2259 1505 2322 simul

214 2368 244 2426 in
268 2364 362 2426 uerbo
384 2370 463 2423 sunt.
501 2361 591 2424 Verbi
613 2364 705 2440 gratia
721 2360 811 2441 ‘lego’
828 2379 968 2439 praesens
992 2370 1110 2439 tempus
1132 2370 1177 2422 est
1198 2369 1229 2422 et
1250 2363 1346 2441 prima
1371 2380 1505 2441 persona,

215 2467 309 2545 ‘legi’
334 2465 527 2546 praeteritum
551 2464 715 2542 perlectum
739 2473 768 2525 et
789 2464 884 2543 prima
912 2479 1040 2543 persona
1063 2471 1092 2523 et
1114 2463 1237 2543 reliqua.
1282 2462 1416 2526 Pulclrre
1438 2462 1534 2525 dixitn

157 2567 159 2570 ’
213 2570 290 2629 ‘sinc
313 2573 395 2630 casu’
418 2578 541 2647 propter
564 2584 628 2636 eos,
651 2569 702 2646 qui
725 2565 865 2628 uolebant
887 2585 986 2628 casum
1011 2585 1075 2627 esse
1097 2566 1261 2643 inlinitluis,
1286 2566 1366 2626 sicut
1380 2564 1506 2626 solemus

214 2671 330 2732 dicere:
360 2668 414 2729 ‘da
438 2668 511 2729 milri
535 2667 655 2729 bibere'
678 2686 733 2747 pro
756 2686 807 2737 eo,
837 2666 914 2746 quod
938 2677 984 2729 est
1012 2667 1068 2730 ‘da
1091 2667 1163 2727 mibi
1190 2668 1314 2747 potum’
1341 2674 1372 2726 et
1393 2669 1504 2729 ‘meum

215 2774 305 2834 scire'
329 2789 384 2850 pro
407 2771 485 2832 ‘mea
508 2771 653 2830 scientia’.
701 2767 782 2829 Vnde
804 2768 969 2830 Persius:

343 2873 450 2933 Scire
473 2879 570 2931 tuum
595 2868 687 2931 nihil
711 2872 867 2930 estetsi
890 2878 922 2930 te
945 2872 1045 2932 scire
1068 2869 1135 2930 hoc
1158 2871 1252 2932 sciat
1274 2868 1381 2933 alter.

100 2997 189 3044 sano
214 2978 283 3037 Aut
319 2991 431 3051 agere
467 2970 609 3050 aliquid
647 2981 707 3030 aut
742 2973 818 3052 pati
853 2979 926 3031 aut
963 2979 1171 3033 neutrum
1207 2973 1533 3050 significabas

282 3194 380 3243 2Post
397 3193 625 3243 ‘aestimatorem’
648 3193 761 3241 mennam
784 3193 908 3255 indicaui,
932 3208 1005 3258 quam
1021 3194 1059 3242 sic
1076 3195 1197 3257 explens:
1227 3193 1274 3243 scd
1301 3202 1374 3258 patet
1395 3208 1426 3242 ea
1490 3193 1504 3242 6

214 3262 306 3310 dicitur
324 3261 415 3310 addidi
517 3260 546 3309 11
566 3256 750 3325 Augtrstinum]
777 3261 815 3309 De
834 3262 968 3311 dialectico
985 3277 1010 3325 p.
1029 3263 1058 3323 0,
1079 3255 1114 3312 ’10
1131 3262 1172 3310 cd.
1192 3260 1322 3311 Orccelias
1340 3261 1504 3323 Elberseidae

214 3330 282 3378 1857
288 3344 293 3376 :
321 3342 382 3392 ergo
402 3327 506 3376 uerbum
525 3327 621 3376 dictum
639 3337 678 3375 est
695 3328 770 3388 qrtasi
788 3342 804 3376 a
823 3343 908 3376 uerum
928 3328 1026 3377 boando
1048 3329 1135 3391 (qnasi
1154 3343 1212 3378 uere
1229 3328 1334 3377 boando
1353 3331 1411 3380 cod.
1429 3327 1503 3378 Bere.

214 3398 265 3447 548
276 3411 344 3445 aceo.
357 3393 392 3457 Χ)
412 3394 460 3445 lroc
477 3405 517 3444 est
534 3408 623 3443 oerum
641 3395 770 3452 sonando,
790 3397 824 3459 cs.
838 3397 874 3448 H.
888 3396 950 3445 Keil
965 3399 1050 3446 annot.
1068 3397 1154 3460 pbilol.
1167 3404 1224 3447 tom.
1237 3396 1366 3446 LXXIX
1375 3414 1403 3461 p.
1419 3401 1467 3447 155
1482 3401 1504 3446 et

213 3479 294 3528 supro
310 3479 336 3525 p.
355 3466 418 3521 205,
438 3466 478 3512 20.
550 3465 581 3513 ll
599 3463 671 3524 quies
742 3466 773 3514 li
791 3461 985 3528 declinationes]
1010 3463 1194 3514 declarationes
1212 3479 1297 3514 comer.
1316 3463 1431 3514 Einsidl.
1451 3463 1468 3513 I
1481 3479 1504 3527 p.

214 3534 272 3587 205,
292 3533 327 3581 25
394 3532 426 3580 23
444 3526 559 3596 Persius]
579 3529 635 3583 Sat.
653 3530 670 3580 I
687 3534 730 3593 27,
749 3532 783 3594 cs.
802 3548 882 3598 supra
897 3549 925 3597 p.
944 3534 1004 3593 205,
1024 3535 1060 3583 04
1136 3534 1169 3582 24
1187 3532 1212 3581 iu
1230 3542 1255 3581 tc
1273 3533 1340 3581 scire

281 3701 297 3748 2
321 3698 412 3749 illoesa
436 3700 532 3749 codicia
553 3698 696 3751 Berueneis
715 3703 766 3752 080
786 3702 808 3764 f.
827 3703 857 3750 0·
875 3717 953 3765 marp.
971 3703 1082 3754 siniam:
1118 3700 1188 3750 llaec
1205 3701 1361 3765 pronomine
1379 3712 1468 3756 neuter
1483 3712 1504 3750 et

214 3780 269 3817 utcr
292 3778 316 3816 et
337 3767 399 3815 alter
421 3778 446 3815 et
467 3766 532 3815 aliua
556 3767 622 3817 nllus
645 3779 669 3819 et
691 3769 766 3819 ambo
789 3769 889 3830 utrique
912 3779 972 3816 sunt
994 3769 1037 3830 qui
1061 3778 1151 3834 putant
1169 3783 1198 3817 ea
1215 3783 1274 3816 cese
1296 3770 1417 3830 nomina,
1444 3771 1504 3818 sicut

213 3835 417 3893 Priscianus,
436 3836 480 3896 qui
498 3847 565 3883 certa
583 3835 681 3885 ratione
700 3838 802 3886 nomina
820 3850 848 3884 ea
868 3850 925 3884 esse
937 3835 1009 3884 dixit.
1029 3835 1093 3884 Nam
1107 3851 1171 3885 nntius
1184 3837 1272 3884 etdno
1291 3848 1316 3884 et
1335 3849 1385 3886 tres
1405 3837 1504 3886 nomina

214 3913 274 3953 sunt
299 3902 398 3951 ailmeri
424 3914 448 3952 et
473 3902 578 3952 stultum
605 3914 644 3953 cst
670 3905 753 3953 dicere
780 3903 821 3952 illa
848 3905 1001 3967 pronomina
1027 3915 1131 3968 propter
1157 3903 1236 3952 solam
1264 3903 1470 3954 declinationem.

281 3972 297 4020 9
312 3970 402 4020 Gloaao
411 3971 506 4020 codicis
515 3969 655 4021 Beraensia
665 3975 717 4022 380
724 3972 745 4034 s.
756 3970 789 4020 9b
798 3987 876 4036 morp.
885 3974 950 4020 eim:
968 3971 1080 4020 Verbum
1093 3970 1208 4020 dicituro
1219 3972 1379 4022 uerberando
1392 3973 1410 4022 i.
1420 3986 1503 4038 pereu-

213 4038 299 4088 tiendo
309 4052 340 4086 eo
350 4039 420 4101 qnod
430 4039 560 4091 uerberato
571 4054 628 4087 aere
638 4038 733 4104 plectro
743 4039 845 4104 liuguae
854 4038 990 4089 formetur:
1003 4055 1060 4089 aere
1069 4041 1136 4089 enim
1146 4040 1310 4104 intersaepta
1321 4040 1374 4090 oris
1384 4053 1503 4106 peronam

214 4104 419 4170 (50580510)
432 4106 555 4157 lormatur
568 4121 627 4156 uox.
648 4105 741 4157 Omnes
754 4106 856 4167 uiridem
876 4118 961 4171 partes
980 4109 1057 4156 uerba
1075 4119 1185 4172 possunt
1202 4106 1337 4172 appellari,
1358 4118 1385 4158 ut
1402 4109 1501 4157 dicitur:

214 4174 332 4222 ‘uerbum
351 4173 411 4222 lecit
429 4173 504 4223 hodie
521 4176 659 4240 episcopus
678 4174 709 4223 ad
728 4173 872 4240 populum’,
895 4175 941 4224 sed
963 4175 1025 4224 baec
1048 4190 1107 4239 pers
1125 4175 1182 4223 ideo
1203 4175 1250 4223 ltoc
1269 4189 1362 4225 nomen
1381 4176 1432 4226 sibi
1449 4191 1502 4241 spe-

213 4241 309 4290 cialiter
327 4243 436 4290 assumit
457 4256 486 4291 eo
509 4242 577 4303 qood
602 4242 754 4308 prolixiores
778 4242 869 4292 habeat
886 4242 1069 4292 declinationes
1087 4244 1176 4291 ceteris
1195 4252 1220 4291 et
1237 4243 1343 4308 saepius
1361 4245 1465 4293 iteretur
1481 4244 1503 4290 ia

215 4321 301 4358 nostra
319 4308 447 4358 locutione
464 4309 528 4358 adeo
546 4310 615 4372 quod
634 4311 689 4358 sine
709 4310 749 4359 illa
769 4309 836 4359 nulla
854 4310 936 4359 oratio
954 4310 1061 4375 prolerri
1079 4310 1172 4374 possit.
1253 4311 1284 4360 18
1303 4310 1397 4362 Gloaso
1414 4312 1504 4362 codicis

215 4376 356 4426 Beruensis
372 4376 394 4438 s.
413 4376 446 4425 db
463 4393 542 4441 morp.
562 4381 622 4430 sin:
641 4378 707 4426 Beue
725 4379 791 4427 dixit
808 4393 865 4426 curn
884 4389 997 4444 tempore
1015 4390 1039 4426 et
1056 4391 1176 4442 persona,
1188 4377 1249 4440 qula
1267 4377 1330 4426 lracc
1341 4379 1395 4428 dno
1408 4393 1504 4444 semper

213 4445 379 4492 irrueniuntur
396 4445 419 4491 in
441 4446 517 4493 uerbo
536 4445 620 4507 simul,
640 4446 707 4493 uerbi
722 4446 803 4510 gratia
816 4449 897 4494 ‘amo'
911 4447 1053 4510 praesentis
1066 4446 1188 4510 temporis
1201 4456 1240 4493 est
1252 4456 1276 4494 ct
1289 4447 1375 4510 prims
1388 4459 1502 4512 persona

281 4514 314 4560 22
334 4512 424 4562 Glossc
441 4513 536 4562 codicia
554 4512 731 4574 Bemcnsias.
751 4512 785 4561 Pb
802 4529 881 4576 rnorp.
900 4517 962 4563 siu:
993 4512 1054 4561 Sine
1076 4528 1137 4561 casn
1160 4513 1226 4562 dixit
1244 4525 1352 4578 propter
1369 4513 1441 4571 illos.
1464 4515 1502 4576 qrri

214 4580 334 4629 uolebant
359 4594 446 4628 casum
473 4594 569 4644 ponere
596 4582 619 4629 io
640 4581 717 4629 uerbo
736 4582 760 4629 iu
779 4581 913 4631 infinitiuis
932 4582 1029 4643 modis,
1049 4590 1076 4629 ut
1094 4581 1178 4630 bibere
1196 4580 1288 4644 legere.
1326 4579 1418 4631 Solent
1442 4583 1502 4631 cuim

213 4645 309 4696 dicere:
330 4646 374 4695 ‘da
391 4647 451 4696 milri
470 4647 566 4696 bibere’
585 4662 631 4712 pro
650 4649 767 4710 eoquod
786 4660 825 4698 est
843 4649 892 4698 ‘da
909 4649 970 4698 milri
991 4651 1103 4715 potum',
1123 4649 1167 4698 ‘de
1185 4649 1246 4698 mihi
1265 4650 1444 4714 manducare',
1461 4663 1503 4716 pro

215 4713 259 4763 ‘da
277 4714 339 4763 milri
358 4714 450 4764 cibum'
470 4725 494 4765 et
512 4720 593 4766 ‘tuum
611 4717 687 4765 scirc'
707 4732 753 4781 pro
772 4717 960 4766 ‘conscientia’.
982 4717 1056 4766 Vnde
1069 4715 1212 4769 Persius:
1231 4714 1303 4766 Scire
1312 4717 1503 4768 tuum-alter.
