3420 5378
309 298 441 344 cxxxvi
762 281 952 332 AVC'ronus
969 281 1136 333 ANONYMI

394 471 524 542 (luorum
546 474 627 545 qnod
645 472 673 544 s.
697 468 752 530 57ὁ
778 473 834 531 col.
859 478 874 528 1
896 473 1024 545 lepitar:
1066 468 1184 529 ‘ilirtus
1215 467 1352 528 boluutas
1386 469 1444 530 bita
1475 468 1522 530 uei
1552 471 1599 530 liis

308 571 427 640 similia,
462 591 537 651 quae
566 573 627 632 diri
655 571 814 632 scribenda
842 572 946 631 nitiaut
977 570 1144 631 omnimodo
1172 569 1321 631 reicienda
1349 579 1418 630 suut
1445 582 1474 631 et
1502 590 1598 650 pern

309 666 483 734 scribendas
500 692 559 751 quo
580 677 647 735 iare
667 675 788 735 Isidoro
810 675 970 745 tribuatur,
995 675 1110 732 nescio:
1131 678 1239 732 extare
1261 672 1294 731 id
1315 676 1400 748 ‘opp
1416 673 1472 732 III
1491 692 1507 731 c
1528 676 1597 734 cod.

199 778 203 789 ’
309 777 434 836 Albanio
457 784 475 836 2
495 805 538 831 =
559 777 617 837 III
633 793 665 851 p.
689 784 749 835 522
771 777 875 835 Area?
897 791 937 834 ce
960 773 1158 834 Brambaebii
1178 774 1310 847 artbapr.
1329 791 1364 849 p.
1384 783 1442 832 222
1462 779 1597 851 conperi.

105 5004 278 5086 A

308 878 422 948 Quodsi
441 894 551 938 reuera
573 880 604 937 in
625 878 740 938 Isidori
760 894 882 952 opernm
904 877 1008 937 codice
1029 878 1130 951 aliquo
1151 878 1249 949 adest,
1274 877 1376 936 eodem
1391 879 1477 938 modo
1498 877 1597 938 Isido-

307 981 404 1039 rianr's
424 981 554 1040 eiusdem
574 982 695 1052 pencris
711 989 879 1054 praecepta
901 980 1025 1039 aliunde
1045 981 1172 1038 collecta
1193 980 1307 1038 inserta
1321 995 1384 1038 esse
1406 980 1514 1047 dicam,
1538 997 1598 1054 aaa

307 1084 338 1153 ip
360 1081 447 1140 codd.
468 1081 582 1141 Bernn.
601 1088 655 1138 tta*
677 1090 705 1140 et
728 1088 787 1139 522
800 1081 913 1142 Isidori
932 1079 1019 1141 tia]
1040 1082 1135 1155 capiti
1155 1082 1295 1140 uicesimo
1316 1089 1401 1140 aceto
1423 1083 1486 1140 clia
1507 1099 1597 1157 prae·

307 1190 396 1258 cepta
417 1183 656 1259 ortboprapbica
678 1184 868 1256 adplatinata
889 1191 968 1244 sant.

392 1286 460 1343 Iam
479 1293 577 1359 patet,
599 1287 744 1359 plassarii
756 1288 862 1359 mapni
873 1288 1014 1346 lemmata
1030 1286 1283 1359 ortbopraplrica,
1309 1286 1415 1360 quibus
1432 1285 1481 1343 ‘dc
1496 1286 1596 1345 ortbo-

304 1387 450 1461 prapbia'
470 1389 694 1462 praescriptam
716 1394 772 1458 est,
797 1403 857 1446 non
878 1403 918 1447 ex
939 1390 1045 1447 eadem
1066 1389 1138 1460 illa,
1163 1403 1241 1462 quae
1256 1388 1286 1446 in
1301 1387 1367 1446 cod.
1381 1385 1475 1445 Bern.
1489 1392 1548 1444 522
1569 1396 1598 1446 ct

306 1489 566 1563 Sanperrnanensi
588 1495 667 1546 1247
696 1482 753 1568 (cs.
780 1488 903 1549 Tbarot.
926 1491 947 1549 l.
971 1492 991 1549 l.
1009 1507 1044 1564 p.
1067 1497 1132 1546 522.
1163 1485 1234 1570 522)
1260 1494 1393 1563 prostat,
1423 1490 1598 1548 collectione

307 1593 486 1666 deprompto
512 1607 589 1659 esse,
603 1591 671 1649 aed
696 1607 736 1649 ear
763 1592 826 1650 alia
853 1607 920 1650 earn
948 1592 1019 1650 baie
1044 1592 1196 1650 simillima
1223 1596 1284 1649 narn
1306 1588 1407 1650 maltis
1428 1589 1598 1650 nominibus

306 1696 430 1768 insuper
458 1693 608 1766 adaucta,
638 1694 693 1752 sed
717 1699 841 1753 carente
868 1694 941 1766 illis,
972 1709 1050 1766 qaae
1077 1692 1114 1751 ab
1144 1691 1267 1752 Isidoro
1288 1692 1308 1751 I
1328 1709 1399 1767 cap.
1422 1693 1488 1752 XII
1496 1693 1539 1752 l'I
1559 1694 1597 1751 dc

306 1794 528 1870 ortleo'prapltia
555 1796 693 1869 exposita
719 1802 796 1855 sant.
844 1793 946 1869 Neque
972 1797 1050 1854 enirn
1077 1810 1151 1853 casa
1180 1793 1301 1866 saetam
1328 1802 1385 1862 est,
1420 1802 1452 1853 at
1478 1812 1516 1854 nc
1543 1799 1599 1855 ani

306 1899 424 1972 quidem
445 1898 578 1956 lancinati
597 1912 637 1956 ex
658 1897 724 1971 ipso
745 1897 866 1956 Isidoro
883 1898 979 1975 petito
1001 1898 1055 1956 iste
1076 1897 1181 1956 titulus
1199 1897 1468 1972 praescriberetur.

392 1999 556 2058 Praeterea
577 2000 772 2074 conpluribus
791 1996 938 2073 plassara'i
959 1997 1063 2072 maprti
1084 1997 1200 2072 repetis
1220 1999 1462 2074 ortbopraplricis
1484 2000 1597 2061 Pauli

306 2103 405 2161 nescio
426 2102 512 2161 enias
532 2117 639 2161 nornen
662 2103 847 2176 adscriptam
869 2106 920 2160 est.
966 2103 1010 2160 Ae
1029 2103 1159 2175 primun
1181 2102 1298 2175 quidem
1320 2104 1401 2162 lacos
1421 2102 1542 2162 aMaio
1556 2120 1597 2163 ea

304 2205 452 2277 atossnrto
481 2203 629 2263 Vaticano
647 2204 798 2277 ¹collectos
826 2208 904 2261 anet.
935 2203 1000 2261 Vat.
1029 2203 1074 2262 VI
1090 2219 1122 2276 p.
1147 2207 1212 2260 522.
1238 2209 1306 2271 522,
1341 2214 1373 2264 at
1405 2207 1505 2263 onnia
1536 2222 1597 2265 uno

307 2312 468 2381 compacta
490 2307 601 2365 intueri
619 2306 732 2381 possis,
755 2303 964 2364 transcribam.

351 2478 380 2536 p.
403 2453 475 2518 598.
520 2456 627 2518 ravel
649 2454 817 2518 annuns,

396 2558 410 2618 1
435 2558 562 2621 Achilles
585 2577 651 2635 cuni
675 2559 874 2638 adspiratione
897 2557 1047 2620 scribitur.

393 2658 414 2721 2
438 2661 576 2722 Fiaueius
598 2679 652 2739 per
674 2680 694 2721 n
717 2669 746 2721 et
770 2681 785 2721 e
808 2667 836 2721 et
859 2663 868 2721 i
891 2660 1091 2722 scribendum.

392 2768 410 2829 3
434 2763 564 2824 Forlices
586 2762 748 2823 seeundum
777 2761 984 2842 etymologiam
1016 2765 1041 2824 si
1065 2782 1080 2823 a
1103 2763 1151 2825 filu
1179 2765 1341 2845 dicuntur„
1369 2766 1381 2823 l
1400 2768 1533 2845 proruitur,
1564 2777 1595 2830 ul

307 2867 427 2927 forfices
449 2882 523 2943 quae
546 2872 615 2926 sunt
636 2872 793 2926 sartorum.
839 2864 870 2924 Si
893 2884 908 2925 a
929 2865 1004 2944 pilo,
1027 2885 1061 2945 p,
1084 2873 1116 2925 ut
1138 2866 1283 2944 lurpices‚
1307 2886 1383 2945 quiae
1406 2876 1475 2928 sunt
1497 2876 1614 2945 tonsa

307 2986 382 3028 ιιιιιι.
429 2967 459 3027 Si
484 2965 520 3027 ab
543 2966 736 3045 accipiendo⁴
759 2973 790 3026 ut
811 2968 955 3046 forcipes,
980 2985 1015 3028 eo
1031 2968 1107 3047 qiiod
1124 2969 1250 3028 laentum
1274 2971 1406 3048 capiant,
1429 2989 1504 3049 quae
1527 2981 1596 3033 suin

307 3069 476 3137 labrorum
505 3070 632 3129 larinum
661 3069 739 3128 enim
769 3069 908 3129 dixerunt
930 3071 1043 3149 antiqui
1067 3069 1207 3142 calidum,
1236 3071 1314 3130 unde
1338 3079 1368 3131 et
1390 3073 1537 3133 formosus
1559 3092 1595 3133 eo

308 3171 386 3252 quod
410 3172 531 3230 innonat
552 3171 668 3231 lacieni.

391 3284 503 3368 p.599.
526 3286 669 3350 4Hamus
691 3291 742 3370 qui
759 3308 774 3349 a
791 3289 914 3351 Graecis
937 3291 1083 3350 ancistrus
1106 3290 1279 3370 appellatur,
1303 3310 1369 3353 cuin
1394 3292 1594 3373 adspiratione

307 3390 397 3451 debet
419 3390 523 3451 scribi.

390 3490 411 3554 5
433 3491 580 3554 Hannibal
603 3493 711 3555 cumb
736 3492 937 3554 scribendum.

391 3592 410 3656 6
433 3594 549 3655 Harena
573 3595 668 3675 perh
691 3603 721 3656 et
742 3614 758 3656 a
782 3593 980 3655 scribendum.

392 3694 410 3756 7
433 3695 567 3756 Hareuae
590 3697 697 3758 litoris.

391 3795 410 3859 8
433 3797 618 3859 ilareuosum
641 3799 718 3860 idest
740 3801 860 3861 harenis
881 3799 1011 3877 pleuunr.

390 3896 410 3960 9
433 3899 501 3959 Hiat
523 3899 656 3979 hispidos
679 3902 772 3962 bonor
795 3920 848 3980 per
871 3901 890 3961 h
912 3899 1077 3962 scribenda.

372 3999 614 4062 tollerandum
639 4003 805 4063 artatidtun.

378 4102 411 4163 ll
435 4103 519 4163 Malle
543 4104 719 4183 perduoi!
744 4103 945 4164 scribendum.

372 4201 410 4264 12
433 4204 508 4265 Malo
531 4225 585 4284 per
607 4225 699 4267 ιιιιιιιιι
721 4206 730 4265 l
753 4204 959 4271 scribendum,
983 4207 1050 4284 iluia
1074 4215 1119 4267 est
1142 4209 1233 4285 magis
1256 4209 1331 4273 tiolo.

372 4304 410 4367 13
433 4305 514 4366 Meae
537 4310 633 4371 uires,
658 4310 686 4366 iu
711 4326 769 4386 quo
792 4315 837 4364 est
859 4308 954 4366 uirtus
977 4325 1052 4366 ntea.

372 4404 411 4467 14
433 4407 529 4478 Meua,
553 4407 774 4468 subaudiendus
796 4408 881 4468 silius.

373 4506 411 4570 15
433 4509 529 4570 ileum
553 4512 619 4573 iter,
644 4528 737 4569 ineant
762 4511 1041 4588 peregrinationem.

392 4631 418 4688 Α
425 4630 549 4689 bbulis
570 4643 730 4702 copnomcrt
755 4629 851 4689 Panlo
873 4631 903 4687 in
925 4630 1061 4690 lertrrnate
1080 4638 1111 4688 tt
1125 4634 1188 4692 solo
1211 4634 1394 4709 adscriptam
1418 4654 1480 4697 esse
1502 4633 1601 4697 testa·'

307 4736 358 4793 tar
382 4731 482 4793 Maias
497 4748 532 4809 p.
550 4736 604 4789 522
627 4739 688 4790 not.
