3420 5378
589 309 637 358 Di}
656 306 956 362 onrnoondrfflit.

686 526 768 592 Car.
784 525 864 591 1111.

130 660 390 731 OASSIODORI
404 660 659 728 DIVINARVM
675 661 846 727 ARTIVM
867 661 1201 728 INSTRVOTIONIS
1218 661 1312 728 CAP.
1329 662 1422 727 XXX

236 764 298 830 AD
320 763 459 829 FIDEM
482 762 677 829 CODICVM
699 761 987 829 BERNENSIVM
1010 762 1310 829 RECOGNITVM.

215 921 351 998 nonique
372 925 404 982 io
425 922 530 983 codice
551 919 704 981 Berneosi
720 928 773 979 tit
794 940 873 983 seer.
891 923 1022 990 ΙΧ-Χ,
1046 924 1099 998 qui
1119 922 1226 983 Sancti
1245 923 1425 997 Hieronymi

124 1025 298 1101 presbyteri
317 1027 347 1085 iu
372 1028 445 1085 noui
464 1026 634 1085 testamenti
653 1024 747 1084 libros
768 1027 996 1085 commentarios
1016 1026 1162 1099 continet,
1185 1031 1257 1100 post
1277 1040 1421 1083 commen-

130 1135 192 1188 tum
214 1129 245 1186 io
268 1128 455 1188 Mottlmeum
477 1135 507 1187 et
529 1136 600 1186 onte
623 1127 780 1185 Marcioni
799 1128 926 1199 initium,
951 1129 982 1187 in
1004 1129 1120 1202 popina
1142 1142 1220 1200 eno,
1252 1142 1331 1199 quoe
1353 1127 1421 1185 olim

129 1244 231 1289 uocem
253 1231 360 1289 relicto
378 1227 500 1307 suerat,
526 1229 662 1288 monibus
683 1229 770 1288 modo
791 1229 910 1302 codor,
934 1246 995 1303 quo
1016 1237 1119 1289 cetero
1140 1245 1220 1287 soec.
1244 1227 1311 1301 IX,
1335 1228 1422 1287 morio

131 1333 231 1391 altero
253 1347 331 1391 scer.
356 1332 390 1389 X
408 1332 552 1406 scriptum
580 1337 624 1389 cst
651 1333 716 1390 siue
744 1332 804 1390 trito
826 1332 954 1389 uomitus
975 1332 1087 1391 indicio
1111 1330 1284 1389 cassiodori
1305 1329 1421 1389 diuino-

94 1422 99 1435 *
130 1450 198 1492 rom
226 1435 335 1493 ortium
364 1434 567 1492 instructionis
594 1449 664 1507 cop.
689 1431 798 1500 XXX,
821 1433 915 1507 qood,
944 1434 1016 1507 quio
1044 1433 1087 1491 od
1119 1432 1421 1506 orttopropticorum

130 1535 296 1595 studiorum
317 1534 474 1595 historiam
496 1535 735 1608 cognoscendam
758 1549 846 1607 quom
868 1536 1000 1594 maxime
1017 1536 1162 1609 pertinet,
1187 1535 1285 1592 ottero
1306 1549 1423 1608 quoque

132 1637 307 1697 cassiodori
326 1637 430 1696 codiee
451 1635 546 1695 Bcrn.
573 1642 629 1693 225
652 1635 787 1694 odiribiio
809 1635 858 1695 lu'e
879 1637 1067 1710 subiungant.

126 1744 132 1763 ¹
216 1736 277 1816 Ego
301 1744 398 1798 umen
422 1738 517 1796 iateor
540 1743 641 1797 uotum
663 1755 777 1806 mentri,
802 1735 879 1817 quod
895 1739 975 1798 inter
995 1756 1049 1798 uos
1070 1753 1275 1816 quaecumque
1298 1745 1423 1816 possunt

133 1857 279 1919 corporeo
301 1838 401 1899 labore
425 1837 583 1917 compleri,
608 1838 840 1917 antiquariorum
863 1839 937 1900 inibi
959 1838 1072 1910 studia,
1104 1842 1129 1900 si
1152 1847 1250 1899 tamen
1273 1839 1423 1899 ueraciter

133 1940 280 2009 scribant,
304 1959 362 2000 uon
386 1941 525 2001 inmerito
548 1940 669 1999 iorsitan
692 1938 760 2018 plus
781 1940 912 2020 placere,
937 1941 1013 2020 qnod
1037 1949 1067 2002 et
1089 1949 1216 2001 mentem
1240 1958 1323 2001 snam
1346 1940 1422 2000 rele-

132 2040 229 2119 gendo
258 2043 422 2122 scripturas
450 2041 566 2101 cliuinas
594 2039 763 2102 salutariter
792 2045 942 2103 instruunt
963 2052 993 2103 et
1015 2043 1128 2103 domini
1159 2049 1319 2122 praecepta
1349 2043 1421 2102 scri-

107 2142 232 2205 tbendo
249 2142 334 2221 longe
350 2141 466 2221 lateque
483 2143 687 2204 disseminant.
718 2142 799 2204 Felix
821 2146 962 2223 intentio,
987 2142 1130 2206 laudanda
1152 2143 1309 2214 sedulitas,
1334 2162 1422 2204 manu

131 2243 304 2306 bominibus
326 2246 517 2324 praedicare,
541 2241 646 2323 digitis
668 2244 783 2322 linguas
798 2246 929 2325 aporire,
954 2245 1079 2307 salutem
1103 2245 1279 2307 mortalibus
1301 2249 1421 2307 tacitam

132 2347 203 2409 dare
226 2356 256 2409 et
278 2356 380 2410 contra
404 2347 515 2409 diaboli
535 2345 744 2426 subreptiones
765 2348 895 2408 inlicitas
910 2347 1022 2409 calamo
1038 2356 1261 2429 atramentoque
1277 2366 1420 2428 pugnare.

132 2450 189 2511 Tot
211 2452 291 2510 enim
314 2450 435 2511 uulnera
459 2450 582 2511 Satanas
605 2450 726 2530 accipit,
755 2459 827 2529 quot
855 2451 1037 2530 antiquarius
1059 2451 1172 2511 domini
1196 2449 1288 2511 uerba
1311 2450 1421 2511 deseri·

133 2551 187 2616 bit.
232 2551 295 2613 Vno
323 2553 421 2629 itaque
449 2552 515 2613 loco
543 2554 619 2612 situs
647 2555 748 2632 operis
775 2554 820 2612 sui
850 2550 1093 2613 disseminatione
1121 2571 1176 2632 per
1197 2552 1332 2613 diuersas
1353 2570 1422 2631 pro·

95 2666 121 2706 ¹⁰
133 2656 249 2715 uincias
272 2653 362 2715 uadit.
400 2653 432 2713 ln
453 2652 527 2714 locis
550 2656 662 2715 sanctis
683 2655 791 2732 legitur
813 2652 898 2714 labor
920 2656 1030 2734 ipsius,
1055 2653 1179 2715 audiunt
1202 2651 1318 2733 populi,
1342 2651 1420 2712 unde

131 2774 165 2817 se
187 2775 203 2817 a
225 2774 317 2836 praua
340 2754 492 2817 uoluntate
514 2763 690 2817 conuertant
712 2764 742 2816 et
765 2756 884 2816 domino
908 2774 982 2836 pura
1006 2763 1104 2817 mente
1127 2755 1308 2816 deseruiant.
1346 2754 1424 2834 Ope·

132 2866 216 2919 ratur
245 2857 352 2919 absens
379 2857 415 2916 de
445 2876 535 2937 opere
558 2876 620 2918 suo.
665 2857 786 2940 Nequeo
814 2857 914 2918 dicere
943 2856 1177 2918 uicissitudinem
1207 2855 1289 2917 illum
1319 2856 1354 2917 de
1382 2864 1425 2929 toi

133 2959 221 3022 bonis
244 2978 301 3021 non
324 2977 410 3040 posse
439 2957 616 3029 subsistere,
647 2960 672 3019 si
694 2967 792 3020 tamen
816 2978 873 3019 non
903 2959 1075 3038 cupiditatis
1104 2957 1231 3029 ambitu,
1260 2958 1311 3021 sed
1341 2967 1423 3020 recto

133 3062 230 3124 studio
252 3061 322 3123 talia
345 3070 484 3122 noscatur
506 3062 640 3129 eiicere3
665 3060 756 3123 uerba
779 3060 915 3122 caelestia
938 3060 1115 3140 mrdtiplicat
1136 3059 1225 3122 homo
1248 3070 1277 3122 et
1298 3061 1424 3141 quadarn

95 3164 347 3243 nsigntdeatione
370 3162 600 3243 comprobabili,
626 3165 652 3223 si
674 3164 718 3224 ias
740 3172 785 3225 est
807 3163 922 3233 dicere,
946 3163 1042 3224 tribus
1057 3162 1161 3242 digitis
1176 3163 1327 3234 scribitur,
1345 3163 1422 3244 quod

133 3268 230 3327 uirtus
252 3272 370 3328 sanctae
393 3268 538 3327 trinitatis
561 3264 676 3327 edatur.
714 3265 739 3326 Ο
760 3264 959 3345 spectaculum
981 3264 1057 3326 bene
1080 3265 1340 3327 considerantibus
1361 3264 1422 3344 glo·

133 3369 262 3429 riosum!
285 3367 439 3429 drtrndino
461 3376 599 3429 currente
622 3366 715 3427 uerba
738 3367 878 3429 caelestia
902 3366 1122 3438 describuntur,
1138 3376 1179 3437 ut,
1196 3366 1274 3428 unde
1290 3365 1425 3428 diabolus

134 3478 224 3551 eaput
252 3470 363 3532 domini
392 3472 422 3531 in
450 3473 618 3551 passionem
643 3471 713 3531 iecit
736 3472 868 3550 percuti,
897 3469 967 3531 inde
997 3470 1060 3531 eius
1089 3468 1236 3531 calliditas
1258 3472 1351 3550 possit
1373 3488 1423 3530 ox·

133 3572 239 3652 tingui.

58 3702 62 3709 ¹
95 3686 123 3727 ω
219 3673 340 3737 Accedit
362 3676 448 3736 etiam
473 3674 610 3735 laudibus
633 3693 751 3743 eorum,
780 3674 858 3755 quod
882 3675 989 3735 iactum
1013 3674 1125 3735 domini
1148 3673 1247 3754 aliquo
1270 3673 1357 3734 modo
1379 3675 1425 3735 ui-

135 3776 243 3838 dentur
265 3778 392 3847 imitari,
416 3779 466 3855 qui
489 3776 583 3854 legem
606 3796 704 3845 suam,
727 3775 798 3836 licet
819 3777 983 3855 figuraliter
1005 3778 1043 3837 sit
1065 3776 1190 3847 dictum,
1214 3777 1426 3856 omnipotentis

135 3878 217 3958 digiti
245 3881 416 3959 operatione
446 3880 634 3956 conscripsit.
685 3876 870 3961 blultalsunt
897 3878 1033 3959 quidem,
1062 3898 1136 3958 quae
1164 3877 1200 3937 de
1229 3886 1288 3939 tam
1316 3877 1425 3956 insigni

136 3988 200 4043 arte
222 3982 400 4049 referantur,
425 3979 476 4039 sed
500 3982 610 4041 sufficit
633 3999 684 4040 eos
707 3980 765 4040 diei
782 3979 934 4050 librarios,
957 3981 1007 4060 qui
1022 3978 1116 4040 libere
1139 3979 1259 4041 domino
1282 3981 1424 4040 iustitiae·

204 4253 267 4307 Coti.
285 4252 365 4304 Bern.
386 4255 434 4302 171
456 4252 552 4303 duodece
574 4253 686 4304 monibus
707 4254 818 4315 scriptus
841 4268 908 4303 socc.
929 4252 972 4302 tx
989 4260 1013 4303 et
1033 4252 1058 4301 Χ
1073 4270 1108 4298 =
1126 4255 1165 4310 A;
1195 4256 1252 4305 cod.
1272 4250 1353 4305 lieret.
1373 4256 1425 4305 225

135 4339 204 4375 saec.
222 4322 265 4372 XI
282 4342 316 4363 ε-
333 4320 359 4369 B
427 4322 489 4371 (iod.
501 4322 525 4370 Α
546 4322 631 4371 tilectus
649 4325 671 4372 is
689 4328 740 4370 eet:
759 4320 802 4368 DE
821 4319 1034 4379 AN'ilQVAllllS
1054 4321 1095 4369 ET
1114 4320 1424 4372 coiissentonartons:

136 4388 348 4451 beroensem
366 4391 392 4439 io
408 4388 435 4438 B
453 4392 533 4438 nullae
550 4397 596 4439 eet.
663 4392 681 4439 4
698 4388 832 4437 salubriter
850 4390 968 4438 Geretiue
1028 4390 1154 4438 instruant
1172 4417 1203 4425 -
1221 4390 1388 4440 disseminent
1405 4390 1424 4439 B

137 4458 258 4509 Goretiua
325 4457 495 4522 blingnisll
547 4457 646 4505 tacitam
668 4458 786 4507 (inretire
803 4457 905 4506 tacitum
924 4456 967 4504 ΑΒ
1037 4456 1201 4505 tillicitasB
1269 4459 1424 4508 tisntlianas

137 4526 156 4575 B
208 4527 384 4591 ltprouintias
404 4525 447 4573 ΑΒ
518 4527 549 4574 10
567 4524 717 4575 laboremB
777 4527 808 4574 13
826 4524 965 4573 subsistere
984 4527 1003 4572 Α
1023 4526 1155 4589 percipere
1173 4524 1192 4572 B
1212 4525 1330 4575 (inretire
1381 4542 1424 4575 cu-

81 4599 87 4611 ·
135 4594 261 4659 pltatisA
350 4596 382 4644 15
400 4592 610 4657 significationem
629 4588 665 4659 A]
685 4593 818 4642 Hactenus
835 4594 891 4641 cod.
911 4595 935 4644 A
952 4609 1017 4644 mou.
1037 4592 1056 4641 I
1070 4607 1138 4642 saec.
1157 4591 1216 4647 IX:
1236 4593 1326 4643 obbine
1342 4610 1372 4645 m.
1391 4594 1425 4643 II

134 4678 204 4712 ecee.
223 4661 248 4710 X
318 4660 483 4726 eontrapubili
503 4663 525 4708 Α
577 4662 626 4725 ,16
645 4670 731 4710 sancte
749 4662 772 4708 Α
841 4662 872 4710 18
889 4671 966 4725 ceput
983 4661 1080 4709 domini
1097 4676 1177 4723 cupro
1193 4661 1268 4712 aab
1319 4661 1345 4710 iu
1364 4676 1425 4727 paa-

136 4731 210 4780 sione
229 4732 348 4781 Goretioo
366 4731 390 4777 iu
409 4726 529 4795 passione
547 4727 589 4775 dni
609 4727 668 4777 iecit
685 4728 783 4791 (siml
834 4727 989 4777 coliditesil
1066 4730 1099 4778 20
1116 4729 1249 4778 occidus
1317 4732 1351 4779 2⁶2
1368 4731 1424 4793 qui·

135 4798 194 4850 dem
213 4810 273 4848 sum
291 4798 410 4849 Goretiua
477 4799 510 4845 23
529 4796 708 4847 reserunturss
762 4797 822 4845 libre
840 4797 976 4846 dominini
1046 4796 1235 4863 iustieiqqneli
