3466 5422
309 303 353 351 cx
656 291 706 341 nn
725 289 939 342 colonensis
958 288 1257 342 EINSIDLENSIBVS

392 480 490 553 Atque
512 474 720 559 Remipiian*)
748 481 779 538 in
801 479 963 540 secandam
991 496 1109 554 qaoque
1131 479 1245 538 botenti
1269 478 1427 538 editionem
1456 494 1600 537 caeromen-

308 587 403 639 tatum
426 597 488 640 esse
510 586 636 654 constat,
660 580 704 653 cs.
730 581 768 640 H.
792 583 887 641 Keilii
902 598 1011 656 propr.
1038 581 1166 654 Erlanp.
1185 598 1218 655 p.
1238 585 1275 637 et
1297 587 1326 638 ct
1351 579 1481 639 Tbrcroli
1492 580 1601 639 librum

309 699 405 757 supra
433 685 592 742 laudatam
615 699 649 757 p.
683 690 727 742 lo,
780 682 909 754 Quorum
938 683 987 742 bic
1014 686 1045 743 in
1074 683 1252 743 bibliotheca
1280 681 1435 756 Brupensi
1461 683 1511 754 (n.
1543 688 1601 739 537

307 801 386 844 saec.
412 784 513 854 Illll;
541 784 587 857 es.
612 786 715 845 Laude
740 787 903 858 catalopue
930 786 983 845 cies
1010 787 1192 845 manuscrits
1218 786 1256 843 ele
1282 785 1314 842 la
1343 781 1542 859 bibliotbe'qae
1564 783 1602 864 ele

308 886 429 960 Brapes
452 903 486 961 p.
513 891 586 962 tto)
616 889 677 945 tale
703 894 896 947 commentum
925 893 1035 947 extare
1063 889 1122 960 ait,
1152 888 1220 960 secl,
1250 887 1284 946 iel
1310 887 1392 960 quod
1417 902 1602 961 summopere

308 989 404 1061 doleo,
437 988 514 1047 nibil
539 991 651 1048 certius
684 989 721 1048 ele
753 1005 788 1048 eo
821 991 1022 1062 sipnificauit,·
1055 996 1155 1048 tamen
1183 988 1348 1048 leonensis
1380 989 1454 1047 libri
1479 1006 1509 1047 n.
1541 994 1601 1045 2165

306 1107 385 1149 saec.
415 1089 498 1150 XIV
526 1089 662 1164 llemipio
690 1091 831 1150 attributi
855 1091 913 1151 lioe
940 1107 1003 1150 esse
1030 1093 1147 1151 initiam
1176 1091 1346 1151 contendit:
1375 1090 1534 1160 ‘Quoniam
1560 1089 1603 1147 aci

306 1194 484 1267 sapientiam
506 1210 563 1266 per
583 1196 786 1266 aromaticam
809 1194 1005 1252 (tenerrimas)
1045 1195 1161 1253 lIeilius
1182 1210 1256 1253 uero
1277 1193 1350 1251 libri
1364 1192 1527 1252 Beruensis
1543 1198 1601 1250 386

307 1311 366 1353 non
388 1296 449 1354 nisi
467 1294 716 1369 subscriptionem
736 1297 904 1370 proposuit.
944 1294 1033 1365 (litem
1050 1295 1222 1354 describens
1237 1294 1384 1353 Sinneras
1399 1296 1492 1353 catal.
1508 1294 1598 1354 cortel.

309 1394 426 1455 Baium.
447 1395 471 1452 'l
484 1413 519 1471 p.
544 1402 609 1456 369.
635 1403 693 1454 370
714 1413 749 1456 eo
771 1394 905 1470 errauit,
935 1398 1018 1471 quoii
1044 1413 1109 1456 eam
1132 1396 1246 1456 Donati
1273 1399 1349 1455 artis
1374 1397 1526 1456 secandae
1548 1413 1600 1455 ex-

290 1500 484 1571 positionem
513 1496 650 1572 liernipio
678 1500 832 1572 attribuit,
871 1515 949 1572 qaae
977 1500 1008 1558 in
1041 1500 1127 1558 initio
1154 1497 1183 1571 s.
1217 1503 1250 1553 1⁰
1270 1530 1313 1539 -
1336 1498 1366 1571 s.
1398 1495 1452 1555 24⁵
1478 1499 1599 1571 lepitur.

308 1599 398 1659 IIonc
419 1602 497 1659 enim
519 1602 735 1675 expositionem
757 1617 817 1660 non
839 1602 959 1660 saeculo
973 1599 1069 1673 XIII,
1093 1601 1146 1660 scel
1161 1599 1230 1658 XII
1249 1601 1406 1674 scriplum,
1431 1614 1520 1674 quam
1534 1615 1601 1659 cum

309 1703 531 1760 commentariis
553 1701 792 1762 Einsicllensibas
815 1704 964 1762 interilum
986 1704 1156 1777 conpraere
1182 1700 1313 1761 uidimus
1341 1700 1399 1773 (cs.
1427 1718 1458 1775 p.
1485 1707 1556 1773 237,
1583 1708 1600 1757 5

309 1820 406 1878 rrirrrp.
433 1810 468 1861 to
490 1820 588 1877 marp.
616 1809 681 1877 238,
708 1810 742 1861 le
764 1821 862 1878 usurp.
879 1808 952 1879 etc.)
976 1802 1148 1878 allemipio
1171 1805 1301 1862 alienam
1316 1819 1379 1862 esse
1393 1820 1428 1862 eo
1437 1803 1598 1878 probatur,

310 1906 399 1978 anob,
425 1922 514 1979 quam
537 1907 608 1965 inlle
628 1908 875 1981 subscriptionem
898 1909 1017 1972 Keilius
1034 1909 1165 1981 protulit
1175 1923 1210 1980 p.
1230 1913 1284 1963 tt:
1307 1904 1444 1979 ‘explicit
1466 1905 1601 1964 Donatus

309 2009 408 2066 maior
429 2011 515 2068 eitius
536 2010 693 2083 expositor
714 2017 757 2067 est
778 2009 955 2082 llemipins’‚
980 2025 1017 2067 en
1038 2026 1096 2067 non
1121 2011 1152 2067 in
1174 2009 1273 2079 liniae,
1298 2009 1335 2066 ele
1357 2024 1417 2081 quta
1438 2009 1598 2081 loquimur,

307 2112 368 2181 fine
389 2111 510 2183 lepitur,
535 2112 589 2169 sed
609 2112 641 2170 in
664 2112 763 2169 (altera
786 2111 823 2168 ab
847 2112 904 2169 istu
926 2113 999 2169 satis
1020 2112 1158 2182 dinosa,
1189 2126 1267 2184 anae
1295 2127 1386 2168 rrrauu
1412 2126 1492 2167 saec.
1517 2107 1602 2169 XIII

311 2212 426 2284 scriptia
449 2212 520 2269 inae
541 2228 561 2268 a
579 2210 608 2284 s.
634 2217 690 2270 25⁰
713 2228 804 2286 usqae
827 2212 870 2269 nd
886 2211 915 2284 s.
940 2208 996 2269 35⁸
1015 2214 1124 2287 perpit.
1169 2211 1295 2271 Sinneri
1321 2228 1392 2270 uero
1419 2228 1508 2268 error
1529 2210 1600 2268 inde

310 2319 478 2386 natusest,
509 2314 591 2386 quoii
616 2315 647 2372 in
670 2315 774 2387 prima
796 2314 910 2372 coelicis
926 2316 1047 2388 popina
1074 2330 1166 2373 manu
1187 2315 1391 2372 recentissima
1414 2313 1600 2386 {adscriptum

310 2420 353 2472 est
376 2414 414 2472 ‘n
439 2414 575 2474 bonatus
595 2429 662 2474 cam
684 2417 872 2490 expositione
893 2413 1051 2489 Rernipii',
1076 2417 1157 2489 aitocl
1178 2416 1221 2473 ael
1241 2416 1368 2473 alteram
1391 2414 1464 2472 libri
1482 2419 1600 2487 portem

308 2518 463 2590 pertinere
483 2518 555 2576 incle
571 2522 677 2593 potet,
707 2519 778 2591 qaia
798 2519 899 2577 statim
925 2519 1061 2591 sequitur
1088 2521 1135 2576 ‘2.
1156 2519 1258 2590 plosso
1282 2516 1491 2588 Doctrinnlis’,
1522 2531 1601 2588 artae

311 2619 440 2677 alteram
462 2620 677 2692 expositionem
699 2617 860 2694 excipies.
886 2625 943 2676 36⁰
964 2653 1008 2664 —
1025 2618 1054 2691 s.
1080 2625 1142 2676 91⁰.
1236 2673 1238 2677 ,

879 2852 961 2917 Cae.
984 2851 1030 2916 ΙΙ.

374 2986 431 3051 DE
460 2986 628 3052 ooolols
657 2985 901 3052 BERNENSIS
928 2988 991 3052 386
1020 2986 1274 3053 COMMENTIS
1302 2987 1348 3051 IN
1377 2986 1542 3052 DONATI

639 3088 791 3153 Aninio
819 3087 1059 3155 SECVNDAM
1088 3088 1271 3154 DVOBVS.

395 3228 480 3287 Duae
502 3230 597 3302 ipitur
618 3230 695 3288 istae
715 3231 918 3304 expositiones
939 3231 1046 3289 ambae
1067 3231 1110 3289 acl
1131 3230 1246 3289 bonati
1263 3237 1360 3289 artem
1375 3232 1518 3288 maiorem
1531 3246 1599 3305 per-

310 3331 416 3402 tinent,
441 3346 569 3404 puarum
587 3333 678 3405 prior
700 3331 816 3391 bonati
836 3332 935 3392 uerbis
959 3333 1103 3391 continuo
1123 3333 1244 3406 scriptis
1271 3332 1315 3389 ita
1339 3333 1458 3391 adiecta
1480 3340 1537 3404 cst,
1568 3337 1600 3390 ut

310 3438 453 3505 quattuor
473 3434 627 3505 mencines
647 3435 855 3508 linearumque
875 3435 976 3508 spatia
1002 3435 1180 3508 interposita
1196 3434 1311 3508 passim
1339 3434 1459 3493 scholiis
1485 3434 1600 3508 repleta

309 3535 384 3607 siut,
412 3536 566 3608 posterior
591 3536 719 3608 sinpnlis
745 3533 859 3595 boriali
883 3537 1049 3608 sententiis,
1085 3551 1163 3609 qaae
1190 3536 1397 3609 illustrantur,
1423 3537 1600 3611 praemissis

310 3633 467 3696 subiciam.
510 3637 607 3710 Atque
634 3637 710 3696 baec
737 3653 797 3695 non
819 3634 881 3696 nisi
903 3638 946 3695 nei
968 3644 1033 3696 octo
1056 3633 1205 3696 orationis
1221 3645 1332 3712 partes
1347 3636 1499 3713 perimet,
1530 3634 1596 3705 illa,

309 3743 466 3812 postquam
485 3734 513 3810 s.
540 3733 671 3795 1--17ι
694 3735 843 3797 oration-is
860 3746 967 3813 partes
989 3735 1148 3814 expositae
1168 3747 1247 3812 sunt,
1266 3739 1295 3811 s.
1315 3746 1368 3798 18⁰
1389 3757 1424 3799 eo
1445 3741 1521 3812 loco,
1547 3735 1600 3812 ani

310 3846 354 3897 est
382 3839 419 3896 cle
443 3836 591 3914 posituris
612 3856 648 3914 p.
679 3845 751 3915 372,
784 3846 912 3897 15—23
932 3842 990 3914 K„
1020 3838 1156 3899 ecbibito
1183 3843 1226 3900 acl
1252 3839 1471 3901 barbarismum
1494 3838 1600 3915 perpit

311 3957 403 4015 nsque
425 3942 468 3999 ati
487 3942 576 4010 fierem
598 3938 687 4000 libri:
710 3945 754 4001 ‘nt
775 3948 808 4000 at
829 3959 884 4002 nos
905 3939 951 4001 sie
968 3940 1088 4016 sripius
1108 3976 1151 3987 —
1172 3941 1311 4002 troianas
1333 3941 1420 4003 uexit
1436 3945 1479 4001 ced
1499 3943 1596 4002 urbes.

301 4039 449 4118 ¹Explicit
470 4039 546 4101 liber
568 4040 645 4102 ortis
667 4041 796 4103 donati!
844 4041 935 4103 Cuius
956 4045 1013 4104 boc
1035 4053 1078 4103 est
1099 4042 1239 4105 initium:

395 4143 503 4222 Incipit
539 4143 634 4204 edicio
674 4144 804 4205 secunda
838 4144 938 4206 donati
968 4148 1123 4223 gnanmmii
1156 4146 1239 4207 nrbis
1274 4165 1367 4207 rome.
1423 4146 1494 4207 Com
1529 4146 1600 4205 dicit

312 4244 441 4306 secunda
464 4244 637 4324 intelligitur
659 4248 753 4326 prima
777 4247 843 4327 quia
868 4247 993 4308 donatus
1016 4246 1089 4309 duas
1105 4247 1257 4310 eiliciones
1272 4251 1430 4327 conposuit
1452 4248 1598 4308 minorem

379 4498 408 4564 *)
427 4500 537 4566 Remigii
560 4503 585 4550 in
609 4501 758 4550 Martinnnm
783 4500 911 4568 Capellam
938 4506 1147 4561 commentarius,
1175 4513 1299 4566 qnatenus
1325 4502 1358 4551 nd
1385 4502 1474 4550 librum
1499 4502 1598 4550 tertium

311 4571 355 4631 qui
373 4579 412 4618 est
429 4570 461 4618 de
479 4571 643 4633 grammatica
662 4581 771 4634 spectat,
790 4586 943 4634 quamquain
963 4576 987 4621 in
1007 4574 1106 4622 duobus
1121 4573 1190 4620 libris
1203 4571 1372 4620 Bernensibus
1391 4572 1497 4618 uetustis
1517 4585 1553 4618 nr.
1567 4571 1599 4619 56

312 4653 377 4686 saec.
397 4636 421 4685 X
440 4649 464 4687 et
482 4653 519 4686 nr.
532 4640 580 4689 331
600 4654 666 4688 saec.
680 4638 776 4687 X—Xl
795 4639 899 4704 legitur,
918 4640 975 4689 ideo
988 4656 1003 4688 a
1015 4656 1055 4689 me
1071 4640 1266 4706 praetermissus
1280 4648 1330 4696 esi,
1350 4638 1409 4700 qnia
1422 4637 1484 4686 nihil
1496 4638 1555 4686 inde
1566 4638 1598 4685 nil

311 4706 395 4754 studia
414 4708 578 4769 grammatica
597 4707 777 4772 cognoscenda
795 4707 880 4772 colligi
900 4719 1028 4772 poterant,
1048 4710 1070 4757 si
1083 4709 1185 4770 quidem
1203 4706 1256 4755 iere
1274 4709 1344 4755 totns
1358 4708 1383 4754 in
1396 4704 1504 4770 singuiis
1523 4721 1600 4755 nocn-

313 4773 377 4821 lmlis
402 4773 534 4823 uerbnliier
555 4775 724 4841 explanandis
748 4786 872 4825 uersatur.
909 4775 961 4824 Hoc
979 4778 1027 4826 iarn
1047 4776 1175 4825 Tlnnotns
1194 4774 1257 4824 maii
1275 4774 1290 4825 l.
1309 4774 1324 4828 l.
1344 4790 1370 4840 p.
1391 4777 1430 4827 11.
