<?xml version="1.0" encoding="UTF-8"?>
<!DOCTYPE html PUBLIC "-//W3C//DTD XHTML 1.0 Transitional//EN"
    "http://www.w3.org/TR/xhtml1/DTD/xhtml1-transitional.dtd">
<html xmlns="http://www.w3.org/1999/xhtml" xml:lang="en" lang="en">
 <head>
  <title>
</title>
<meta http-equiv="Content-Type" content="text/html;charset=utf-8" />
  <meta name='ocr-system' content='tesseract 3.04.00' />
  <meta name='ocr-capabilities' content='ocr_page ocr_carea ocr_par ocr_line ocrx_word'/>
</head>
<body>
  <div class='ocr_page' id='page_1' title='image "./grammaticilatin04keilgoog/grammaticilatin04keilgoog_0378.png"; bbox 0 0 3420 5378; ppageno 0'>
   <div class='ocr_carea' id='block_1_1' title="bbox 638 322 1391 386">
    <p class='ocr_par' dir='ltr' id='par_1_1' title="bbox 638 322 1391 386">
     <span class='ocr_line' id='line_1_1' title="bbox 638 322 1391 386; baseline -0.001 -9"><span class='ocrx_word' id='word_1_1' title='bbox 638 325 849 379; x_wconf 80' lang='lat' dir='ltr'><strong>BERNENSIS.</strong></span> <span class='ocrx_word' id='word_1_2' title='bbox 1331 322 1391 386; x_wconf 89' lang='lat'><strong>113</strong></span> 
     </span>
    </p>
   </div>
   <div class='ocr_carea' id='block_1_2' title="bbox 53 511 1402 4042">
    <p class='ocr_par' dir='ltr' id='par_1_2' title="bbox 53 511 1402 4042">
     <span class='ocr_line' id='line_1_2' title="bbox 472 511 1007 594; baseline -0.004 -20"><span class='ocrx_word' id='word_1_3' title='bbox 472 513 704 575; x_wconf 80' lang='lat' dir='ltr'><strong>Percurreus</strong></span> <span class='ocrx_word' id='word_1_4' title='bbox 726 516 878 594; x_wconf 80' lang='lat' dir='ltr'>pectine</span> <span class='ocrx_word' id='word_1_5' title='bbox 902 511 1007 572; x_wconf 89' lang='lat' dir='ltr'><strong>telas.</strong></span> 
     </span>
     <span class='ocr_line' id='line_1_3' title="bbox 93 612 1390 693; baseline 0.004 -20"><span class='ocrx_word' id='word_1_6' title='bbox 93 613 127 673; x_wconf 89' lang='lat' dir='ltr'><strong>ln</strong></span> <span class='ocrx_word' id='word_1_7' title='bbox 151 633 187 675; x_wconf 88' lang='lat' dir='ltr'><strong>en</strong></span> <span class='ocrx_word' id='word_1_8' title='bbox 211 614 384 693; x_wconf 89' lang='lat' dir='ltr'><strong>productam</strong></span> <span class='ocrx_word' id='word_1_9' title='bbox 406 618 573 676; x_wconf 79' lang='lat' dir='ltr'><strong>masculina</strong></span> <span class='ocrx_word' id='word_1_10' title='bbox 595 615 712 684; x_wconf 88' lang='lat' dir='ltr'><strong>Latina,</strong></span> <span class='ocrx_word' id='word_1_11' title='bbox 741 624 774 674; x_wconf 91' lang='lat' dir='ltr'><strong>ut</strong></span> <span class='ocrx_word' id='word_1_12' title='bbox 795 616 854 675; x_wconf 90' lang='lat' dir='ltr'><strong>lieu</strong></span> <span class='ocrx_word' id='word_1_13' title='bbox 877 617 941 675; x_wconf 86' lang='lat' dir='ltr'><strong>rien</strong></span> <span class='ocrx_word' id='word_1_14' title='bbox 965 614 1012 674; x_wconf 90' lang='lat' dir='ltr'><strong>uel</strong></span> <span class='ocrx_word' id='word_1_15' title='bbox 1036 633 1089 674; x_wconf 88' lang='lat' dir='ltr'><strong>ren</strong></span> <span class='ocrx_word' id='word_1_16' title='bbox 1112 622 1142 674; x_wconf 90' lang='lat' dir='ltr'><strong>et</strong></span> <span class='ocrx_word' id='word_1_17' title='bbox 1163 613 1246 693; x_wconf 84' lang='lat' dir='ltr'><strong>splen</strong></span> <span class='ocrx_word' id='word_1_18' title='bbox 1270 612 1390 692; x_wconf 87' lang='lat' dir='ltr'><strong>splenis.</strong></span> 
     </span>
     <span class='ocr_line' id='line_1_4' title="bbox 94 712 1391 795; baseline -0.003 -19"><span class='ocrx_word' id='word_1_19' title='bbox 94 725 124 777; x_wconf 90' lang='lat' dir='ltr'><strong>et</strong></span> <span class='ocrx_word' id='word_1_20' title='bbox 147 717 300 789; x_wconf 81' lang='lat' dir='ltr'><strong>feminino</strong></span> <span class='ocrx_word' id='word_1_21' title='bbox 323 712 457 786; x_wconf 81' lang='lat' dir='ltr'><strong>Graeca,</strong></span> <span class='ocrx_word' id='word_1_22' title='bbox 486 726 519 776; x_wconf 83' lang='lat' dir='ltr'><strong>ut</strong></span> <span class='ocrx_word' id='word_1_23' title='bbox 540 716 613 778; x_wconf 89' lang='lat' dir='ltr'><strong>baec</strong></span> <span class='ocrx_word' id='word_1_24' title='bbox 636 717 731 777; x_wconf 89' lang='lat' dir='ltr'><strong>Siren.</strong></span> <span class='ocrx_word' id='word_1_25' title='bbox 778 717 851 776; x_wconf 88' lang='lat' dir='ltr'><strong>ltem</strong></span> <span class='ocrx_word' id='word_1_26' title='bbox 880 717 1033 795; x_wconf 89' lang='lat' dir='ltr'><strong>conposita</strong></span> <span class='ocrx_word' id='word_1_27' title='bbox 1062 714 1223 776; x_wconf 91' lang='lat' dir='ltr'><strong>masculina</strong></span> <span class='ocrx_word' id='word_1_28' title='bbox 1252 717 1282 774; x_wconf 91' lang='lat' dir='ltr'><strong>in</strong></span> <span class='ocrx_word' id='word_1_29' title='bbox 1311 733 1348 774; x_wconf 87' lang='lat' dir='ltr'><strong>eu</strong></span> <span class='ocrx_word' id='word_1_30' title='bbox 1376 733 1391 772; x_wconf 91' lang='lat' dir='ltr'><strong>a</strong></span> 
     </span>
     <span class='ocr_line' id='line_1_5' title="bbox 94 816 1391 897; baseline 0 -21"><span class='ocrx_word' id='word_1_31' title='bbox 94 816 189 877; x_wconf 89' lang='lat' dir='ltr'><strong>uerbo</strong></span> <span class='ocrx_word' id='word_1_32' title='bbox 218 835 293 877; x_wconf 87' lang='lat' dir='ltr'><strong>cano</strong></span> <span class='ocrx_word' id='word_1_33' title='bbox 316 819 325 878; x_wconf 93' lang='lat' dir='ltr'><strong>i</strong></span> <span class='ocrx_word' id='word_1_34' title='bbox 349 817 561 896; x_wconf 80' lang='lat' dir='ltr'><strong>paenultimam</strong></span> <span class='ocrx_word' id='word_1_35' title='bbox 591 824 758 897; x_wconf 82' lang='lat' dir='ltr'><strong>correptam</strong></span> <span class='ocrx_word' id='word_1_36' title='bbox 789 816 926 877; x_wconf 89' lang='lat' dir='ltr'><strong>babentia</strong></span> <span class='ocrx_word' id='word_1_37' title='bbox 954 826 1023 877; x_wconf 90' lang='lat' dir='ltr'><strong>ante</strong></span> <span class='ocrx_word' id='word_1_38' title='bbox 1046 835 1116 885; x_wconf 89' lang='lat' dir='ltr'><strong>cen,</strong></span> <span class='ocrx_word' id='word_1_39' title='bbox 1147 825 1178 877; x_wconf 92' lang='lat' dir='ltr'><strong>ut</strong></span> <span class='ocrx_word' id='word_1_40' title='bbox 1199 817 1248 878; x_wconf 90' lang='lat' dir='ltr'><strong>bic</strong></span> <span class='ocrx_word' id='word_1_41' title='bbox 1271 816 1391 876; x_wconf 86' lang='lat' dir='ltr'><strong>tubicen</strong></span> 
     </span>
     <span class='ocr_line' id='line_1_6' title="bbox 67 918 1391 989; baseline 0.002 -15"><span class='ocrx_word' id='word_1_42' title='bbox 67 926 124 977; x_wconf 85' lang='lat' dir='ltr'><strong>oet</strong></span> <span class='ocrx_word' id='word_1_43' title='bbox 152 918 226 979; x_wconf 92' lang='lat' dir='ltr'><strong>baec</strong></span> <span class='ocrx_word' id='word_1_44' title='bbox 256 918 401 989; x_wconf 84' lang='lat' dir='ltr'><strong>tubicine,</strong></span> <span class='ocrx_word' id='word_1_45' title='bbox 431 919 480 979; x_wconf 90' lang='lat' dir='ltr'><strong>bie</strong></span> <span class='ocrx_word' id='word_1_46' title='bbox 508 919 613 979; x_wconf 90' lang='lat' dir='ltr'><strong>lidicen</strong></span> <span class='ocrx_word' id='word_1_47' title='bbox 642 919 715 980; x_wconf 91' lang='lat' dir='ltr'><strong>baec</strong></span> <span class='ocrx_word' id='word_1_48' title='bbox 737 918 869 986; x_wconf 92' lang='lat' dir='ltr'><strong>lidicina,</strong></span> <span class='ocrx_word' id='word_1_49' title='bbox 899 919 947 978; x_wconf 90' lang='lat' dir='ltr'><strong>bie</strong></span> <span class='ocrx_word' id='word_1_50' title='bbox 970 920 1110 979; x_wconf 80' lang='lat' dir='ltr'><strong>cornicen</strong></span> <span class='ocrx_word' id='word_1_51' title='bbox 1134 919 1207 979; x_wconf 89' lang='lat' dir='ltr'><strong>lraec</strong></span> <span class='ocrx_word' id='word_1_52' title='bbox 1230 919 1391 978; x_wconf 80' lang='lat' dir='ltr'><strong>cornicine.</strong></span> 
     </span>
     <span class='ocr_line' id='line_1_7' title="bbox 93 1018 1392 1100; baseline -0.002 -19"><span class='ocrx_word' id='word_1_53' title='bbox 93 1019 247 1100; x_wconf 78' lang='lat' dir='ltr'><strong>Excipitur</strong></span> <span class='ocrx_word' id='word_1_54' title='bbox 282 1038 372 1081; x_wconf 92' lang='lat' dir='ltr'><strong>unum</strong></span> <span class='ocrx_word' id='word_1_55' title='bbox 407 1039 516 1082; x_wconf 94' lang='lat' dir='ltr'><strong>nomen</strong></span> <span class='ocrx_word' id='word_1_56' title='bbox 546 1018 670 1090; x_wconf 85' lang='lat' dir='ltr'><strong>tibicen,</strong></span> <span class='ocrx_word' id='word_1_57' title='bbox 707 1020 785 1100; x_wconf 93' lang='lat' dir='ltr'><strong>quod</strong></span> <span class='ocrx_word' id='word_1_58' title='bbox 815 1022 824 1078; x_wconf 94' lang='lat' dir='ltr'><strong>i</strong></span> <span class='ocrx_word' id='word_1_59' title='bbox 853 1018 1026 1098; x_wconf 89' lang='lat' dir='ltr'><strong>productam</strong></span> <span class='ocrx_word' id='word_1_60' title='bbox 1055 1019 1145 1080; x_wconf 84' lang='lat' dir='ltr'><strong>lrabet</strong></span> <span class='ocrx_word' id='word_1_61' title='bbox 1172 1018 1392 1099; x_wconf 79' lang='lat' dir='ltr'><strong>paenultimam,</strong></span> 
     </span>
     <span class='ocr_line' id='line_1_8' title="bbox 93 1120 1392 1199; baseline -0.002 -17"><span class='ocrx_word' id='word_1_62' title='bbox 93 1120 198 1183; x_wconf 82' lang='lat' dir='ltr'><strong>debuit</strong></span> <span class='ocrx_word' id='word_1_63' title='bbox 220 1123 298 1182; x_wconf 91' lang='lat' dir='ltr'><strong>enim</strong></span> <span class='ocrx_word' id='word_1_64' title='bbox 321 1123 465 1199; x_wconf 89' lang='lat' dir='ltr'><strong>geminari</strong></span> <span class='ocrx_word' id='word_1_65' title='bbox 488 1125 511 1196; x_wconf 76' lang='lat' dir='ltr'><strong>i,</strong></span> <span class='ocrx_word' id='word_1_66' title='bbox 541 1141 557 1181; x_wconf 92' lang='lat' dir='ltr'><strong>a</strong></span> <span class='ocrx_word' id='word_1_67' title='bbox 580 1124 609 1182; x_wconf 92' lang='lat' dir='ltr'><strong>in</strong></span> <span class='ocrx_word' id='word_1_68' title='bbox 634 1124 643 1181; x_wconf 96' lang='lat' dir='ltr'><strong>i</strong></span> <span class='ocrx_word' id='word_1_69' title='bbox 666 1140 826 1191; x_wconf 89' lang='lat' dir='ltr'><strong>conuersa,</strong></span> <span class='ocrx_word' id='word_1_70' title='bbox 851 1130 884 1181; x_wconf 91' lang='grc' dir='ltr'><strong>ιιι</strong></span> <span class='ocrx_word' id='word_1_71' title='bbox 906 1120 976 1181; x_wconf 90' lang='lat' dir='ltr'><strong>tuba</strong></span> <span class='ocrx_word' id='word_1_72' title='bbox 1000 1121 1133 1181; x_wconf 84' lang='lat' dir='ltr'><strong>tubicen:</strong></span> <span class='ocrx_word' id='word_1_73' title='bbox 1162 1123 1299 1198; x_wconf 88' lang='lat' dir='ltr'><strong>sicergo</strong></span> <span class='ocrx_word' id='word_1_74' title='bbox 1322 1120 1392 1180; x_wconf 92' lang='lat' dir='ltr'><strong>tibia</strong></span> 
     </span>
     <span class='ocr_line' id='line_1_9' title="bbox 93 1221 1394 1300; baseline -0.002 -18"><span class='ocrx_word' id='word_1_75' title='bbox 93 1222 213 1284; x_wconf 89' lang='lat' dir='ltr'><strong>tibiieen</strong></span> <span class='ocrx_word' id='word_1_76' title='bbox 243 1222 346 1283; x_wconf 86' lang='lat' dir='ltr'><strong>debuit</strong></span> <span class='ocrx_word' id='word_1_77' title='bbox 374 1224 482 1283; x_wconf 89' lang='lat' dir='ltr'><strong>iacere.</strong></span> <span class='ocrx_word' id='word_1_78' title='bbox 527 1223 588 1284; x_wconf 88' lang='lat' dir='ltr'><strong>Nec</strong></span> <span class='ocrx_word' id='word_1_79' title='bbox 614 1223 756 1290; x_wconf 89' lang='lat' dir='ltr'><strong>solumi,</strong></span> <span class='ocrx_word' id='word_1_80' title='bbox 786 1224 837 1283; x_wconf 89' lang='lat' dir='ltr'><strong>sed</strong></span> <span class='ocrx_word' id='word_1_81' title='bbox 862 1221 936 1282; x_wconf 88' lang='lat' dir='ltr'><strong>aliae</strong></span> <span class='ocrx_word' id='word_1_82' title='bbox 959 1240 1077 1300; x_wconf 90' lang='lat' dir='ltr'><strong>quoqne</strong></span> <span class='ocrx_word' id='word_1_83' title='bbox 1100 1221 1219 1282; x_wconf 90' lang='lat' dir='ltr'><strong>uocales</strong></span> <span class='ocrx_word' id='word_1_84' title='bbox 1240 1224 1271 1281; x_wconf 93' lang='lat' dir='ltr'><strong>in</strong></span> <span class='ocrx_word' id='word_1_85' title='bbox 1294 1221 1394 1282; x_wconf 91' lang='lat' dir='ltr'><strong>multis</strong></span> 
     </span>
     <span class='ocr_line' id='line_1_10' title="bbox 94 1323 1393 1403; baseline -0.003 -17"><span class='ocrx_word' id='word_1_86' title='bbox 94 1323 273 1386; x_wconf 87' lang='lat' dir='ltr'><strong>dictionibus</strong></span> <span class='ocrx_word' id='word_1_87' title='bbox 288 1325 330 1385; x_wconf 83' lang='lat' dir='ltr'><strong>sic</strong></span> <span class='ocrx_word' id='word_1_88' title='bbox 345 1323 441 1385; x_wconf 82' lang='lat' dir='ltr'><strong>solent</strong></span> <span class='ocrx_word' id='word_1_89' title='bbox 457 1343 491 1385; x_wconf 85' lang='grc' dir='ltr'><strong>ιιι</strong></span> <span class='ocrx_word' id='word_1_90' title='bbox 508 1323 623 1386; x_wconf 93' lang='lat' dir='ltr'><strong>duabus</strong></span> <span class='ocrx_word' id='word_1_91' title='bbox 638 1323 760 1403; x_wconf 78' lang='lat' dir='ltr'><strong>syllabis</strong></span> <span class='ocrx_word' id='word_1_92' title='bbox 775 1325 806 1383; x_wconf 93' lang='lat' dir='ltr'><strong>in</strong></span> <span class='ocrx_word' id='word_1_93' title='bbox 823 1341 910 1383; x_wconf 91' lang='lat' dir='ltr'><strong>unam</strong></span> <span class='ocrx_word' id='word_1_94' title='bbox 927 1323 1044 1400; x_wconf 87' lang='lat' dir='ltr'><strong>longam</strong></span> <span class='ocrx_word' id='word_1_95' title='bbox 1057 1325 1193 1392; x_wconf 89' lang='lat' dir='ltr'><strong>transire,</strong></span> <span class='ocrx_word' id='word_1_96' title='bbox 1208 1332 1241 1382; x_wconf 91' lang='grc' dir='ltr'><strong>ιιι</strong></span> <span class='ocrx_word' id='word_1_97' title='bbox 1252 1325 1297 1384; x_wconf 84' lang='lat' dir='ltr'><strong>bis</strong></span> <span class='ocrx_word' id='word_1_98' title='bbox 1308 1324 1393 1400; x_wconf 90' lang='lat' dir='ltr'><strong>iugao</strong></span> 
     </span>
     <span class='ocr_line' id='line_1_11' title="bbox 56 1423 1394 1504; baseline 0.002 -23"><span class='ocrx_word' id='word_1_99' title='bbox 56 1440 82 1481; x_wconf 79' lang='lat' dir='ltr'><strong>ao</strong></span> <span class='ocrx_word' id='word_1_100' title='bbox 95 1425 196 1504; x_wconf 85' lang='lat' dir='ltr'><strong>bigae,</strong></span> <span class='ocrx_word' id='word_1_101' title='bbox 217 1428 422 1502; x_wconf 77' lang='lat' dir='ltr'><strong>quadriiupce</strong></span> <span class='ocrx_word' id='word_1_102' title='bbox 436 1424 612 1503; x_wconf 82' lang='lat' dir='ltr'><strong>quadrigae,</strong></span> <span class='ocrx_word' id='word_1_103' title='bbox 636 1424 680 1486; x_wconf 89' lang='lat' dir='ltr'><strong>bis</strong></span> <span class='ocrx_word' id='word_1_104' title='bbox 695 1427 746 1486; x_wconf 94' lang='lat' dir='ltr'><strong>uni</strong></span> <span class='ocrx_word' id='word_1_105' title='bbox 761 1424 839 1493; x_wconf 91' lang='lat' dir='ltr'><strong>bini,</strong></span> <span class='ocrx_word' id='word_1_106' title='bbox 856 1431 886 1484; x_wconf 91' lang='lat' dir='ltr'><strong>ct</strong></span> <span class='ocrx_word' id='word_1_107' title='bbox 901 1443 918 1485; x_wconf 90' lang='lat' dir='ltr'><strong>e</strong></span> <span class='ocrx_word' id='word_1_108' title='bbox 934 1426 1083 1485; x_wconf 91' lang='lat' dir='ltr'><strong>contrario</strong></span> <span class='ocrx_word' id='word_1_109' title='bbox 1100 1443 1156 1485; x_wconf 91' lang='lat' dir='ltr'><strong>uua</strong></span> <span class='ocrx_word' id='word_1_110' title='bbox 1173 1423 1260 1502; x_wconf 81' lang='lat' dir='ltr'><strong>longa</strong></span> <span class='ocrx_word' id='word_1_111' title='bbox 1277 1425 1306 1484; x_wconf 91' lang='lat' dir='ltr'><strong>in</strong></span> <span class='ocrx_word' id='word_1_112' title='bbox 1323 1424 1394 1484; x_wconf 83' lang='lat' dir='ltr'><strong>duas</strong></span> 
     </span>
     <span class='ocr_line' id='line_1_12' title="bbox 96 1525 1390 1606; baseline -0.002 -17"><span class='ocrx_word' id='word_1_113' title='bbox 96 1527 205 1589; x_wconf 86' lang='lat' dir='ltr'><strong>breues</strong></span> <span class='ocrx_word' id='word_1_114' title='bbox 219 1545 308 1606; x_wconf 89' lang='lat' dir='ltr'><strong>saepe</strong></span> <span class='ocrx_word' id='word_1_115' title='bbox 324 1526 399 1587; x_wconf 90' lang='lat' dir='ltr'><strong>solet</strong></span> <span class='ocrx_word' id='word_1_116' title='bbox 415 1526 516 1596; x_wconf 87' lang='lat' dir='ltr'><strong>diuidi,</strong></span> <span class='ocrx_word' id='word_1_117' title='bbox 533 1534 564 1587; x_wconf 92' lang='lat' dir='ltr'><strong>ut</strong></span> <span class='ocrx_word' id='word_1_118' title='bbox 579 1525 728 1586; x_wconf 82' lang='lat' dir='ltr'><strong>admittier</strong></span> <span class='ocrx_word' id='word_1_119' title='bbox 743 1546 797 1606; x_wconf 91' lang='lat' dir='ltr'><strong>pro</strong></span> <span class='ocrx_word' id='word_1_120' title='bbox 813 1526 937 1599; x_wconf 84' lang='lat' dir='ltr'><strong>admitti,</strong></span> <span class='ocrx_word' id='word_1_121' title='bbox 955 1528 1020 1587; x_wconf 89' lang='lat' dir='ltr'><strong>lieri</strong></span> <span class='ocrx_word' id='word_1_122' title='bbox 1036 1545 1090 1605; x_wconf 91' lang='lat' dir='ltr'><strong>pro</strong></span> <span class='ocrx_word' id='word_1_123' title='bbox 1106 1528 1152 1586; x_wconf 89' lang='lat' dir='ltr'><strong>liri</strong></span> <span class='ocrx_word' id='word_1_124' title='bbox 1168 1525 1217 1586; x_wconf 89' lang='lat' dir='ltr'><strong>uel</strong></span> <span class='ocrx_word' id='word_1_125' title='bbox 1232 1528 1295 1596; x_wconf 87' lang='lat' dir='ltr'><strong>lire,</strong></span> <span class='ocrx_word' id='word_1_126' title='bbox 1312 1527 1390 1606; x_wconf 89' lang='lat' dir='ltr'><strong>quod</strong></span> 
     </span>
     <span class='ocr_line' id='line_1_13' title="bbox 95 1615 1392 1707; baseline -0.002 -17"><span class='ocrx_word' id='word_1_127' title='bbox 95 1631 189 1707; x_wconf 88' lang='lat' dir='ltr'><strong>magis</strong></span> <span class='ocrx_word' id='word_1_128' title='bbox 203 1627 359 1706; x_wconf 84' lang='lat' dir='ltr'><strong>analogum</strong></span> <span class='ocrx_word' id='word_1_129' title='bbox 376 1637 430 1688; x_wconf 90' lang='lat' dir='ltr'><strong>est.</strong></span> <span class='ocrx_word' id='word_1_130' title='bbox 468 1615 653 1707; x_wconf 75' lang='lat' dir='ltr'><strong>Apertendo</strong></span> <span class='ocrx_word' id='word_1_131' title='bbox 669 1645 741 1706; x_wconf 85' lang='lat' dir='ltr'><strong>ergo</strong></span> <span class='ocrx_word' id='word_1_132' title='bbox 758 1627 868 1689; x_wconf 91' lang='lat' dir='ltr'><strong>dicitur</strong></span> <span class='ocrx_word' id='word_1_133' title='bbox 886 1628 933 1688; x_wconf 88' lang='lat' dir='ltr'><strong>bie</strong></span> <span class='ocrx_word' id='word_1_134' title='bbox 955 1635 1061 1707; x_wconf 87' lang='lat' dir='ltr'><strong>pecten</strong></span> <span class='ocrx_word' id='word_1_135' title='bbox 1084 1627 1249 1689; x_wconf 88' lang='lat' dir='ltr'><strong>masculino</strong></span> <span class='ocrx_word' id='word_1_136' title='bbox 1271 1646 1392 1707; x_wconf 88' lang='lat' dir='ltr'><strong>genere.</strong></span> 
     </span>
     <span class='ocr_line' id='line_1_14' title="bbox 95 1726 1389 1812; baseline 0 -22"><span class='ocrx_word' id='word_1_137' title='bbox 95 1729 168 1792; x_wconf 89' lang='lat' dir='ltr'><strong>item</strong></span> <span class='ocrx_word' id='word_1_138' title='bbox 184 1749 200 1791; x_wconf 87' lang='lat' dir='ltr'><strong>a</strong></span> <span class='ocrx_word' id='word_1_139' title='bbox 216 1729 265 1791; x_wconf 87' lang='lat' dir='ltr'><strong>uto</strong></span> <span class='ocrx_word' id='word_1_140' title='bbox 281 1728 412 1799; x_wconf 84' lang='lat' dir='ltr'><strong>filamen,</strong></span> <span class='ocrx_word' id='word_1_141' title='bbox 435 1729 514 1809; x_wconf 90' lang='lat' dir='ltr'><strong>quod</strong></span> <span class='ocrx_word' id='word_1_142' title='bbox 534 1747 587 1807; x_wconf 90' lang='lat' dir='ltr'><strong>per</strong></span> <span class='ocrx_word' id='word_1_143' title='bbox 601 1747 761 1809; x_wconf 79' lang='lat' dir='ltr'><strong>syncopam</strong></span> <span class='ocrx_word' id='word_1_144' title='bbox 777 1730 788 1788; x_wconf 94' lang='lat' dir='ltr'><strong>i</strong></span> <span class='ocrx_word' id='word_1_145' title='bbox 804 1729 908 1790; x_wconf 84' lang='lat' dir='ltr'><strong>flamen</strong></span> <span class='ocrx_word' id='word_1_146' title='bbox 925 1729 1061 1790; x_wconf 89' lang='lat' dir='ltr'><strong>dicimus.</strong></span> <span class='ocrx_word' id='word_1_147' title='bbox 1093 1730 1198 1791; x_wconf 89' lang='lat' dir='ltr'><strong>Omnia</strong></span> <span class='ocrx_word' id='word_1_148' title='bbox 1216 1726 1228 1810; x_wconf 78' lang='lat' dir='ltr'><strong>d</strong></span> <span class='ocrx_word' id='word_1_149' title='bbox 1246 1730 1265 1789; x_wconf 93' lang='lat' dir='ltr'><strong>l.</strong></span> <span class='ocrx_word' id='word_1_150' title='bbox 1285 1726 1360 1790; x_wconf 81' lang='lat'>104·</span> <span class='ocrx_word' id='word_1_151' title='bbox 1377 1727 1389 1812; x_wconf 84' lang='grc' dir='ltr'><strong>ΙΙ</strong></span> 
     </span>
     <span class='ocr_line' id='line_1_15' title="bbox 95 1830 1391 1910; baseline -0.003 -16"><span class='ocrx_word' id='word_1_152' title='bbox 95 1833 213 1894; x_wconf 88' lang='lat' dir='ltr'><strong>nomina</strong></span> <span class='ocrx_word' id='word_1_153' title='bbox 241 1840 345 1892; x_wconf 85' lang='lat' dir='ltr'><strong>neutra</strong></span> <span class='ocrx_word' id='word_1_154' title='bbox 369 1833 399 1891; x_wconf 90' lang='lat' dir='ltr'><strong>in</strong></span> <span class='ocrx_word' id='word_1_155' title='bbox 423 1850 490 1891; x_wconf 89' lang='lat' dir='ltr'><strong>men</strong></span> <span class='ocrx_word' id='word_1_156' title='bbox 514 1830 654 1909; x_wconf 81' lang='lat' dir='ltr'><strong>syllabam</strong></span> <span class='ocrx_word' id='word_1_157' title='bbox 678 1831 840 1892; x_wconf 90' lang='lat' dir='ltr'><strong>desinentia</strong></span> <span class='ocrx_word' id='word_1_158' title='bbox 864 1833 894 1891; x_wconf 91' lang='lat' dir='ltr'><strong>in</strong></span> <span class='ocrx_word' id='word_1_159' title='bbox 917 1830 1060 1905; x_wconf 83' lang='lat' dir='ltr'><strong>singulari</strong></span> <span class='ocrx_word' id='word_1_160' title='bbox 1083 1848 1209 1891; x_wconf 89' lang='lat' dir='ltr'><strong>numero</strong></span> <span class='ocrx_word' id='word_1_161' title='bbox 1232 1839 1391 1910; x_wconf 85' lang='lat' dir='ltr'><strong>tetraptota</strong></span> 
     </span>
     <span class='ocr_line' id='line_1_16' title="bbox 57 1928 1402 2012; baseline -0.001 -18"><span class='ocrx_word' id='word_1_162' title='bbox 57 1940 178 2002; x_wconf 78' lang='lat' dir='ltr'><strong>ltsunt,</strong></span> <span class='ocrx_word' id='word_1_163' title='bbox 200 1928 261 1994; x_wconf 70' lang='lat' dir='ltr'><strong>&#39;hoe</strong></span> <span class='ocrx_word' id='word_1_164' title='bbox 283 1941 328 1994; x_wconf 89' lang='lat' dir='ltr'><strong>est</strong></span> <span class='ocrx_word' id='word_1_165' title='bbox 351 1951 387 1993; x_wconf 92' lang='lat' dir='ltr'><strong>en</strong></span> <span class='ocrx_word' id='word_1_166' title='bbox 410 1935 467 1992; x_wconf 90' lang='lat' dir='ltr'><strong>inis</strong></span> <span class='ocrx_word' id='word_1_167' title='bbox 489 1934 531 1992; x_wconf 89' lang='lat' dir='ltr'><strong>ini</strong></span> <span class='ocrx_word' id='word_1_168' title='bbox 554 1934 617 2006; x_wconf 91' lang='lat' dir='ltr'><strong>ine,</strong></span> <span class='ocrx_word' id='word_1_169' title='bbox 642 1939 672 1992; x_wconf 89' lang='lat' dir='ltr'><strong>et</strong></span> <span class='ocrx_word' id='word_1_170' title='bbox 693 1934 723 1992; x_wconf 92' lang='lat' dir='ltr'><strong>in</strong></span> <span class='ocrx_word' id='word_1_171' title='bbox 747 1932 853 2012; x_wconf 91' lang='lat' dir='ltr'><strong>plurali</strong></span> <span class='ocrx_word' id='word_1_172' title='bbox 876 1950 1001 1993; x_wconf 90' lang='lat' dir='ltr'><strong>numero</strong></span> <span class='ocrx_word' id='word_1_173' title='bbox 1025 1934 1145 2011; x_wconf 85' lang='lat' dir='ltr'><strong>triptota</strong></span> <span class='ocrx_word' id='word_1_174' title='bbox 1166 1939 1245 2002; x_wconf 87' lang='lat' dir='ltr'><strong>sunt,</strong></span> <span class='ocrx_word' id='word_1_175' title='bbox 1268 1932 1325 1993; x_wconf 89' lang='lat' dir='ltr'><strong>boe</strong></span> <span class='ocrx_word' id='word_1_176' title='bbox 1347 1942 1402 2010; x_wconf 88' lang='lat' dir='ltr'><strong>est</strong></span> 
     </span>
     <span class='ocr_line' id='line_1_17' title="bbox 94 2032 1391 2112; baseline 0 -17"><span class='ocrx_word' id='word_1_177' title='bbox 94 2037 143 2095; x_wconf 92' lang='lat' dir='ltr'><strong>ina</strong></span> <span class='ocrx_word' id='word_1_178' title='bbox 170 2036 253 2095; x_wconf 91' lang='lat' dir='ltr'><strong>inum</strong></span> <span class='ocrx_word' id='word_1_179' title='bbox 282 2033 396 2103; x_wconf 91' lang='lat' dir='ltr'><strong>inibus,</strong></span> <span class='ocrx_word' id='word_1_180' title='bbox 426 2043 456 2093; x_wconf 86' lang='lat' dir='ltr'><strong>et</strong></span> <span class='ocrx_word' id='word_1_181' title='bbox 478 2033 551 2093; x_wconf 89' lang='lat' dir='ltr'><strong>baec</strong></span> <span class='ocrx_word' id='word_1_182' title='bbox 576 2035 695 2094; x_wconf 91' lang='lat' dir='ltr'><strong>nomina</strong></span> <span class='ocrx_word' id='word_1_183' title='bbox 718 2035 747 2093; x_wconf 93' lang='lat' dir='ltr'><strong>in</strong></span> <span class='ocrx_word' id='word_1_184' title='bbox 771 2051 838 2094; x_wconf 89' lang='lat' dir='ltr'><strong>men</strong></span> <span class='ocrx_word' id='word_1_185' title='bbox 862 2032 1025 2096; x_wconf 83' lang='lat' dir='ltr'><strong>desinentia</strong></span> <span class='ocrx_word' id='word_1_186' title='bbox 1048 2036 1072 2094; x_wconf 89' lang='lat' dir='ltr'><strong>si</strong></span> <span class='ocrx_word' id='word_1_187' title='bbox 1096 2052 1111 2093; x_wconf 93' lang='lat' dir='ltr'><strong>a</strong></span> <span class='ocrx_word' id='word_1_188' title='bbox 1135 2036 1230 2112; x_wconf 90' lang='lat' dir='ltr'><strong>prima</strong></span> <span class='ocrx_word' id='word_1_189' title='bbox 1252 2036 1391 2112; x_wconf 92' lang='lat' dir='ltr'><strong>coniuga-</strong></span> 
     </span>
     <span class='ocr_line' id='line_1_18' title="bbox 95 2133 1392 2216; baseline 0.001 -20"><span class='ocrx_word' id='word_1_190' title='bbox 95 2137 174 2196; x_wconf 89' lang='lat' dir='ltr'><strong>tione</strong></span> <span class='ocrx_word' id='word_1_191' title='bbox 198 2137 273 2203; x_wconf 89' lang='lat' dir='ltr'><strong>sint,</strong></span> <span class='ocrx_word' id='word_1_192' title='bbox 303 2154 318 2195; x_wconf 95' lang='lat' dir='ltr'><strong>a</strong></span> <span class='ocrx_word' id='word_1_193' title='bbox 341 2135 460 2213; x_wconf 87' lang='lat' dir='ltr'><strong>longam</strong></span> <span class='ocrx_word' id='word_1_194' title='bbox 483 2134 594 2196; x_wconf 87' lang='lat' dir='ltr'><strong>babent</strong></span> <span class='ocrx_word' id='word_1_195' title='bbox 616 2134 843 2216; x_wconf 89' lang='lat' dir='ltr'><strong>paenultimam,</strong></span> <span class='ocrx_word' id='word_1_196' title='bbox 868 2144 900 2194; x_wconf 91' lang='lat' dir='ltr'><strong>ut</strong></span> <span class='ocrx_word' id='word_1_197' title='bbox 923 2134 1002 2195; x_wconf 91' lang='lat' dir='ltr'><strong>solor</strong></span> <span class='ocrx_word' id='word_1_198' title='bbox 1025 2133 1130 2196; x_wconf 89' lang='lat' dir='ltr'><strong>solaris</strong></span> <span class='ocrx_word' id='word_1_199' title='bbox 1151 2135 1297 2205; x_wconf 89' lang='lat' dir='ltr'><strong>solamen,</strong></span> <span class='ocrx_word' id='word_1_200' title='bbox 1316 2136 1392 2208; x_wconf 82' lang='lat' dir='ltr'><strong>foro</strong></span> 
     </span>
     <span class='ocr_line' id='line_1_19' title="bbox 93 2235 1392 2318; baseline -0.002 -19"><span class='ocrx_word' id='word_1_201' title='bbox 93 2237 174 2299; x_wconf 83' lang='lat' dir='ltr'><strong>locas</strong></span> <span class='ocrx_word' id='word_1_202' title='bbox 196 2240 345 2306; x_wconf 82' lang='lat' dir='ltr'><strong>toramen,</strong></span> <span class='ocrx_word' id='word_1_203' title='bbox 375 2253 466 2296; x_wconf 91' lang='lat' dir='ltr'><strong>curuo</strong></span> <span class='ocrx_word' id='word_1_204' title='bbox 489 2255 521 2297; x_wconf 92' lang='lat' dir='ltr'><strong>as</strong></span> <span class='ocrx_word' id='word_1_205' title='bbox 544 2255 721 2310; x_wconf 89' lang='lat' dir='ltr'><strong>curuamen,</strong></span> <span class='ocrx_word' id='word_1_206' title='bbox 745 2235 862 2296; x_wconf 90' lang='lat' dir='ltr'><strong>oblecto</strong></span> <span class='ocrx_word' id='word_1_207' title='bbox 885 2255 918 2297; x_wconf 92' lang='lat' dir='ltr'><strong>as</strong></span> <span class='ocrx_word' id='word_1_208' title='bbox 940 2237 1141 2318; x_wconf 82' lang='lat' dir='ltr'><strong>oblectamen,</strong></span> <span class='ocrx_word' id='word_1_209' title='bbox 1164 2255 1260 2316; x_wconf 91' lang='lat' dir='ltr'><strong>purgo</strong></span> <span class='ocrx_word' id='word_1_210' title='bbox 1283 2254 1392 2316; x_wconf 87' lang='lat' dir='ltr'><strong>purgas</strong></span> 
     </span>
     <span class='ocr_line' id='line_1_20' title="bbox 94 2336 1391 2419; baseline -0.002 -19"><span class='ocrx_word' id='word_1_211' title='bbox 94 2356 273 2419; x_wconf 75' lang='lat' dir='ltr'><strong>purgamen,</strong></span> <span class='ocrx_word' id='word_1_212' title='bbox 296 2339 387 2398; x_wconf 92' lang='lat' dir='ltr'><strong>inrito</strong></span> <span class='ocrx_word' id='word_1_213' title='bbox 409 2355 442 2397; x_wconf 91' lang='lat' dir='ltr'><strong>as</strong></span> <span class='ocrx_word' id='word_1_214' title='bbox 465 2338 636 2411; x_wconf 91' lang='lat' dir='ltr'><strong>inritamen,</strong></span> <span class='ocrx_word' id='word_1_215' title='bbox 661 2337 721 2415; x_wconf 91' lang='lat' dir='ltr'><strong>ligo</strong></span> <span class='ocrx_word' id='word_1_216' title='bbox 742 2337 816 2414; x_wconf 85' lang='lat' dir='ltr'><strong>ligas</strong></span> <span class='ocrx_word' id='word_1_217' title='bbox 839 2336 981 2415; x_wconf 85' lang='lat' dir='ltr'><strong>ligamen,</strong></span> <span class='ocrx_word' id='word_1_218' title='bbox 1006 2347 1034 2398; x_wconf 89' lang='lat' dir='ltr'><strong>et</strong></span> <span class='ocrx_word' id='word_1_219' title='bbox 1056 2357 1075 2399; x_wconf 93' lang='lat' dir='ltr'><strong>u</strong></span> <span class='ocrx_word' id='word_1_220' title='bbox 1099 2338 1289 2417; x_wconf 89' lang='lat' dir='ltr'><strong>productam,</strong></span> <span class='ocrx_word' id='word_1_221' title='bbox 1313 2339 1391 2398; x_wconf 89' lang='lat' dir='ltr'><strong>siin</strong></span> 
     </span>
     <span class='ocr_line' id='line_1_21' title="bbox 54 2436 1391 2514; baseline 0 -14"><span class='ocrx_word' id='word_1_222' title='bbox 54 2453 134 2500; x_wconf 75' lang='lat' dir='ltr'><strong>aruo</strong></span> <span class='ocrx_word' id='word_1_223' title='bbox 156 2438 266 2500; x_wconf 87' lang='lat' dir='ltr'><strong>desinit</strong></span> <span class='ocrx_word' id='word_1_224' title='bbox 289 2436 424 2506; x_wconf 90' lang='lat' dir='ltr'><strong>uerbum,</strong></span> <span class='ocrx_word' id='word_1_225' title='bbox 448 2447 480 2497; x_wconf 83' lang='lat' dir='ltr'><strong>ut</strong></span> <span class='ocrx_word' id='word_1_226' title='bbox 501 2457 575 2500; x_wconf 92' lang='lat' dir='ltr'><strong>acuo</strong></span> <span class='ocrx_word' id='word_1_227' title='bbox 599 2457 735 2508; x_wconf 89' lang='lat' dir='ltr'><strong>acumen,</strong></span> <span class='ocrx_word' id='word_1_228' title='bbox 756 2444 820 2514; x_wconf 80' lang='lat' dir='ltr'><strong>fluo</strong></span> <span class='ocrx_word' id='word_1_229' title='bbox 843 2440 961 2508; x_wconf 87' lang='lat' dir='ltr'><strong>llunren,</strong></span> <span class='ocrx_word' id='word_1_230' title='bbox 985 2457 1045 2499; x_wconf 93' lang='lat' dir='ltr'><strong>nuo</strong></span> <span class='ocrx_word' id='word_1_231' title='bbox 1068 2457 1188 2509; x_wconf 90' lang='lat' dir='ltr'><strong>numen,</strong></span> <span class='ocrx_word' id='word_1_232' title='bbox 1212 2439 1260 2500; x_wconf 94' lang='lat' dir='ltr'><strong>luo</strong></span> <span class='ocrx_word' id='word_1_233' title='bbox 1282 2439 1391 2511; x_wconf 90' lang='lat' dir='ltr'><strong>lumen,</strong></span> 
     </span>
     <span class='ocr_line' id='line_1_22' title="bbox 94 2538 1392 2619; baseline -0.002 -16"><span class='ocrx_word' id='word_1_234' title='bbox 94 2558 154 2618; x_wconf 87' lang='lat' dir='ltr'><strong>quo</strong></span> <span class='ocrx_word' id='word_1_235' title='bbox 183 2542 280 2602; x_wconf 92' lang='lat' dir='ltr'><strong>omnia</strong></span> <span class='ocrx_word' id='word_1_236' title='bbox 308 2538 483 2609; x_wconf 90' lang='lat' dir='ltr'><strong>abluuntur,</strong></span> <span class='ocrx_word' id='word_1_237' title='bbox 515 2540 591 2600; x_wconf 92' lang='lat' dir='ltr'><strong>idest</strong></span> <span class='ocrx_word' id='word_1_238' title='bbox 618 2548 785 2619; x_wconf 84' lang='lat' dir='ltr'><strong>purgantur</strong></span> <span class='ocrx_word' id='word_1_239' title='bbox 814 2559 828 2601; x_wconf 88' lang='lat' dir='ltr'><strong>a</strong></span> <span class='ocrx_word' id='word_1_240' title='bbox 858 2540 999 2602; x_wconf 89' lang='lat' dir='ltr'><strong>tenebris.</strong></span> <span class='ocrx_word' id='word_1_241' title='bbox 1051 2539 1131 2610; x_wconf 79' lang='lat' dir='ltr'><strong>Quae</strong></span> <span class='ocrx_word' id='word_1_242' title='bbox 1160 2549 1258 2601; x_wconf 87' lang='lat' dir='ltr'><strong>autem</strong></span> <span class='ocrx_word' id='word_1_243' title='bbox 1286 2543 1297 2600; x_wconf 97' lang='lat' dir='ltr'><strong>i</strong></span> <span class='ocrx_word' id='word_1_244' title='bbox 1324 2551 1392 2601; x_wconf 89' lang='lat' dir='ltr'><strong>ante</strong></span> 
     </span>
     <span class='ocr_line' id='line_1_23' title="bbox 94 2640 1391 2721; baseline 0 -18"><span class='ocrx_word' id='word_1_245' title='bbox 94 2661 163 2705; x_wconf 88' lang='lat' dir='ltr'><strong>men</strong></span> <span class='ocrx_word' id='word_1_246' title='bbox 186 2640 306 2711; x_wconf 89' lang='lat' dir='ltr'><strong>babent,</strong></span> <span class='ocrx_word' id='word_1_247' title='bbox 324 2640 502 2718; x_wconf 86' lang='lat' dir='ltr'><strong>paenultima</strong></span> <span class='ocrx_word' id='word_1_248' title='bbox 527 2643 738 2720; x_wconf 88' lang='lat' dir='ltr'><strong>corripiuntur,</strong></span> <span class='ocrx_word' id='word_1_249' title='bbox 762 2651 793 2701; x_wconf 90' lang='lat' dir='ltr'><strong>ut</strong></span> <span class='ocrx_word' id='word_1_250' title='bbox 815 2643 948 2719; x_wconf 82' lang='lat' dir='ltr'><strong>regimen</strong></span> <span class='ocrx_word' id='word_1_251' title='bbox 972 2651 1039 2720; x_wconf 82' lang='lat' dir='ltr'><strong>tego</strong></span> <span class='ocrx_word' id='word_1_252' title='bbox 1063 2643 1138 2719; x_wconf 89' lang='lat' dir='ltr'><strong>tegis</strong></span> <span class='ocrx_word' id='word_1_253' title='bbox 1162 2644 1300 2720; x_wconf 88' lang='lat' dir='ltr'><strong>tegimen,</strong></span> <span class='ocrx_word' id='word_1_254' title='bbox 1324 2660 1391 2721; x_wconf 91' lang='lat' dir='ltr'><strong>spe·</strong></span> 
     </span>
     <span class='ocr_line' id='line_1_24' title="bbox 93 2742 1390 2824; baseline -0.002 -19"><span class='ocrx_word' id='word_1_255' title='bbox 93 2746 155 2806; x_wconf 80' lang='lat' dir='ltr'><strong>cies</strong></span> <span class='ocrx_word' id='word_1_256' title='bbox 175 2745 342 2824; x_wconf 89' lang='lat' dir='ltr'><strong>specimen;</strong></span> <span class='ocrx_word' id='word_1_257' title='bbox 367 2761 382 2802; x_wconf 95' lang='lat' dir='ltr'><strong>a</strong></span> <span class='ocrx_word' id='word_1_258' title='bbox 406 2742 507 2804; x_wconf 89' lang='lat' dir='ltr'><strong>uerbis</strong></span> <span class='ocrx_word' id='word_1_259' title='bbox 531 2760 603 2803; x_wconf 89' lang='lat' dir='ltr'><strong>nero</strong></span> <span class='ocrx_word' id='word_1_260' title='bbox 626 2752 748 2822; x_wconf 91' lang='lat' dir='ltr'><strong>quartae</strong></span> <span class='ocrx_word' id='word_1_261' title='bbox 770 2745 986 2821; x_wconf 84' lang='lat' dir='ltr'><strong>coniugationis</strong></span> <span class='ocrx_word' id='word_1_262' title='bbox 1010 2743 1160 2802; x_wconf 89' lang='lat' dir='ltr'><strong>uenientia</strong></span> <span class='ocrx_word' id='word_1_263' title='bbox 1183 2744 1192 2801; x_wconf 94' lang='lat' dir='ltr'><strong>i</strong></span> <span class='ocrx_word' id='word_1_264' title='bbox 1216 2743 1390 2822; x_wconf 90' lang='lat' dir='ltr'><strong>productam</strong></span> 
     </span>
     <span class='ocr_line' id='line_1_25' title="bbox 95 2842 1388 2915; baseline -0.002 -9"><span class='ocrx_word' id='word_1_265' title='bbox 95 2845 216 2915; x_wconf 87' lang='lat' dir='ltr'><strong>babent,</strong></span> <span class='ocrx_word' id='word_1_266' title='bbox 241 2853 273 2906; x_wconf 90' lang='lat' dir='ltr'><strong>ut</strong></span> <span class='ocrx_word' id='word_1_267' title='bbox 295 2845 396 2904; x_wconf 92' lang='lat' dir='ltr'><strong>munio</strong></span> <span class='ocrx_word' id='word_1_268' title='bbox 412 2845 438 2904; x_wconf 86' lang='lat' dir='ltr'><strong>is</strong></span> <span class='ocrx_word' id='word_1_269' title='bbox 454 2845 615 2912; x_wconf 88' lang='lat' dir='ltr'><strong>munimen,</strong></span> <span class='ocrx_word' id='word_1_270' title='bbox 639 2843 718 2904; x_wconf 90' lang='lat' dir='ltr'><strong>lenio</strong></span> <span class='ocrx_word' id='word_1_271' title='bbox 734 2842 809 2904; x_wconf 87' lang='lat' dir='ltr'><strong>lenis</strong></span> <span class='ocrx_word' id='word_1_272' title='bbox 824 2844 963 2913; x_wconf 85' lang='lat' dir='ltr'><strong>lenimen,</strong></span> <span class='ocrx_word' id='word_1_273' title='bbox 988 2843 1094 2904; x_wconf 92' lang='lat' dir='ltr'><strong>molior</strong></span> <span class='ocrx_word' id='word_1_274' title='bbox 1109 2843 1223 2903; x_wconf 88' lang='lat' dir='ltr'><strong>moliris</strong></span> <span class='ocrx_word' id='word_1_275' title='bbox 1239 2844 1388 2906; x_wconf 91' lang='lat' dir='ltr'><strong>molimen.</strong></span> 
     </span>
     <span class='ocr_line' id='line_1_26' title="bbox 53 2943 1390 3022; baseline 0.001 -15"><span class='ocrx_word' id='word_1_276' title='bbox 53 2959 81 3000; x_wconf 71' lang='grc' dir='ltr'><strong>ιι</strong></span> <span class='ocrx_word' id='word_1_277' title='bbox 179 2946 212 3007; x_wconf 93' lang='lat' dir='ltr'><strong>ln</strong></span> <span class='ocrx_word' id='word_1_278' title='bbox 241 2965 279 3006; x_wconf 94' lang='lat' dir='ltr'><strong>on</strong></span> <span class='ocrx_word' id='word_1_279' title='bbox 307 2944 365 3005; x_wconf 92' lang='lat' dir='ltr'><strong>dua</strong></span> <span class='ocrx_word' id='word_1_280' title='bbox 392 2943 555 3005; x_wconf 88' lang='lat' dir='ltr'><strong>masculina</strong></span> <span class='ocrx_word' id='word_1_281' title='bbox 584 2953 697 3005; x_wconf 91' lang='lat' dir='ltr'><strong>tantum</strong></span> <span class='ocrx_word' id='word_1_282' title='bbox 721 2947 839 3006; x_wconf 90' lang='lat' dir='ltr'><strong>nomina</strong></span> <span class='ocrx_word' id='word_1_283' title='bbox 864 2947 1074 3014; x_wconf 90' lang='lat' dir='ltr'><strong>terminantur,</strong></span> <span class='ocrx_word' id='word_1_284' title='bbox 1104 2955 1137 3005; x_wconf 89' lang='lat' dir='ltr'><strong>ut</strong></span> <span class='ocrx_word' id='word_1_285' title='bbox 1157 2946 1294 3007; x_wconf 87' lang='lat' dir='ltr'><strong>Memnon</strong></span> <span class='ocrx_word' id='word_1_286' title='bbox 1316 2949 1390 3022; x_wconf 79' lang='lat' dir='ltr'><strong>aga-</strong></span> 
     </span>
     <span class='ocr_line' id='line_1_27' title="bbox 93 3044 1390 3125; baseline -0.002 -16"><span class='ocrx_word' id='word_1_287' title='bbox 93 3066 233 3110; x_wconf 90' lang='lat' dir='ltr'><strong>memnon</strong></span> <span class='ocrx_word' id='word_1_288' title='bbox 256 3046 366 3109; x_wconf 84' lang='lat' dir='ltr'><strong>Clriron</strong></span> <span class='ocrx_word' id='word_1_289' title='bbox 390 3046 502 3106; x_wconf 79' lang='lat' dir='ltr'><strong>Amfion</strong></span> <span class='ocrx_word' id='word_1_290' title='bbox 526 3045 624 3108; x_wconf 88' lang='lat' dir='ltr'><strong>Zenon</strong></span> <span class='ocrx_word' id='word_1_291' title='bbox 647 3044 766 3107; x_wconf 85' lang='lat' dir='ltr'><strong>Platon:</strong></span> <span class='ocrx_word' id='word_1_292' title='bbox 796 3047 870 3106; x_wconf 88' lang='lat' dir='ltr'><strong>baec</strong></span> <span class='ocrx_word' id='word_1_293' title='bbox 898 3049 1019 3125; x_wconf 92' lang='lat' dir='ltr'><strong>propria</strong></span> <span class='ocrx_word' id='word_1_294' title='bbox 1048 3048 1166 3107; x_wconf 91' lang='lat' dir='ltr'><strong>nomina</strong></span> <span class='ocrx_word' id='word_1_295' title='bbox 1195 3057 1272 3108; x_wconf 86' lang='lat' dir='ltr'><strong>sunt.</strong></span> <span class='ocrx_word' id='word_1_296' title='bbox 1318 3047 1390 3108; x_wconf 89' lang='lat' dir='ltr'><strong>ltem</strong></span> 
     </span>
     <span class='ocr_line' id='line_1_28' title="bbox 93 3146 1391 3231; baseline -0.001 -21"><span class='ocrx_word' id='word_1_297' title='bbox 93 3149 285 3231; x_wconf 89' lang='lat' dir='ltr'><strong>appellatiua,</strong></span> <span class='ocrx_word' id='word_1_298' title='bbox 310 3158 342 3210; x_wconf 93' lang='lat' dir='ltr'><strong>ut</strong></span> <span class='ocrx_word' id='word_1_299' title='bbox 363 3147 411 3208; x_wconf 88' lang='lat' dir='ltr'><strong>bie</strong></span> <span class='ocrx_word' id='word_1_300' title='bbox 427 3166 521 3208; x_wconf 90' lang='lat' dir='ltr'><strong>canon</strong></span> <span class='ocrx_word' id='word_1_301' title='bbox 539 3147 560 3225; x_wconf 89' lang='lat'><strong>†</strong></span> <span class='ocrx_word' id='word_1_302' title='bbox 576 3147 680 3225; x_wconf 90' lang='lat' dir='ltr'><strong>elagon</strong></span> <span class='ocrx_word' id='word_1_303' title='bbox 704 3147 833 3226; x_wconf 84' lang='lat' dir='ltr'><strong>gedeon,</strong></span> <span class='ocrx_word' id='word_1_304' title='bbox 858 3154 887 3206; x_wconf 90' lang='lat' dir='ltr'><strong>et</strong></span> <span class='ocrx_word' id='word_1_305' title='bbox 908 3146 1142 3214; x_wconf 86' lang='lat' dir='ltr'><strong>indeclinabilia,</strong></span> <span class='ocrx_word' id='word_1_306' title='bbox 1169 3157 1200 3207; x_wconf 91' lang='lat' dir='ltr'><strong>ut</strong></span> <span class='ocrx_word' id='word_1_307' title='bbox 1223 3148 1271 3208; x_wconf 89' lang='lat' dir='ltr'><strong>bic</strong></span> <span class='ocrx_word' id='word_1_308' title='bbox 1294 3153 1391 3210; x_wconf 79' lang='lat' dir='ltr'><strong>Aaron</strong></span> 
     </span>
     <span class='ocr_line' id='line_1_29' title="bbox 93 3248 1391 3327; baseline -0.001 -15"><span class='ocrx_word' id='word_1_309' title='bbox 93 3263 124 3312; x_wconf 89' lang='lat' dir='ltr'><strong>et</strong></span> <span class='ocrx_word' id='word_1_310' title='bbox 151 3250 233 3312; x_wconf 90' lang='lat' dir='ltr'><strong>Sion.</strong></span> <span class='ocrx_word' id='word_1_311' title='bbox 279 3248 311 3309; x_wconf 93' lang='lat' dir='ltr'><strong>ln</strong></span> <span class='ocrx_word' id='word_1_312' title='bbox 341 3269 375 3310; x_wconf 91' lang='lat' dir='ltr'><strong>ar</strong></span> <span class='ocrx_word' id='word_1_313' title='bbox 405 3258 572 3327; x_wconf 88' lang='lat' dir='ltr'><strong>correptam</strong></span> <span class='ocrx_word' id='word_1_314' title='bbox 601 3251 657 3309; x_wconf 89' lang='lat' dir='ltr'><strong>tria</strong></span> <span class='ocrx_word' id='word_1_315' title='bbox 684 3268 795 3327; x_wconf 88' lang='lat' dir='ltr'><strong>genera</strong></span> <span class='ocrx_word' id='word_1_316' title='bbox 823 3251 1031 3317; x_wconf 90' lang='lat' dir='ltr'><strong>inueniuntur,</strong></span> <span class='ocrx_word' id='word_1_317' title='bbox 1062 3248 1223 3309; x_wconf 88' lang='lat' dir='ltr'><strong>masculina</strong></span> <span class='ocrx_word' id='word_1_318' title='bbox 1252 3251 1391 3311; x_wconf 79' lang='lat' dir='ltr'><strong>feminina</strong></span> 
     </span>
     <span class='ocr_line' id='line_1_30' title="bbox 93 3349 1394 3429; baseline -0.003 -14"><span class='ocrx_word' id='word_1_319' title='bbox 93 3354 279 3421; x_wconf 88' lang='lat' dir='ltr'><strong>communia;</strong></span> <span class='ocrx_word' id='word_1_320' title='bbox 307 3350 478 3420; x_wconf 88' lang='lat' dir='ltr'><strong>masculina,</strong></span> <span class='ocrx_word' id='word_1_321' title='bbox 503 3360 535 3410; x_wconf 94' lang='grc' dir='ltr'><strong>ιιι</strong></span> <span class='ocrx_word' id='word_1_322' title='bbox 557 3351 605 3410; x_wconf 90' lang='lat' dir='ltr'><strong>bic</strong></span> <span class='ocrx_word' id='word_1_323' title='bbox 627 3349 694 3421; x_wconf 92' lang='lat' dir='ltr'><strong>Lar,</strong></span> <span class='ocrx_word' id='word_1_324' title='bbox 717 3351 796 3412; x_wconf 92' lang='lat' dir='ltr'><strong>idest</strong></span> <span class='ocrx_word' id='word_1_325' title='bbox 817 3352 904 3429; x_wconf 89' lang='lat' dir='ltr'><strong>ignis,</strong></span> <span class='ocrx_word' id='word_1_326' title='bbox 928 3349 977 3410; x_wconf 80' lang='lat' dir='ltr'><strong>laic</strong></span> <span class='ocrx_word' id='word_1_327' title='bbox 999 3351 1114 3419; x_wconf 88' lang='lat' dir='ltr'><strong>Caesar,</strong></span> <span class='ocrx_word' id='word_1_328' title='bbox 1137 3350 1186 3410; x_wconf 90' lang='lat' dir='ltr'><strong>bic</strong></span> <span class='ocrx_word' id='word_1_329' title='bbox 1208 3350 1293 3426; x_wconf 79' lang='lat' dir='ltr'><strong>Arar,</strong></span> <span class='ocrx_word' id='word_1_330' title='bbox 1315 3352 1394 3413; x_wconf 90' lang='lat' dir='ltr'><strong>idest</strong></span> 
     </span>
     <span class='ocr_line' id='line_1_31' title="bbox 53 3451 1394 3532; baseline -0.001 -16"><span class='ocrx_word' id='word_1_331' title='bbox 53 3454 215 3516; x_wconf 71' lang='lat' dir='ltr'><strong>wlluuius.</strong></span> <span class='ocrx_word' id='word_1_332' title='bbox 275 3453 351 3514; x_wconf 89' lang='lat' dir='ltr'><strong>llinc</strong></span> <span class='ocrx_word' id='word_1_333' title='bbox 388 3451 510 3529; x_wconf 88' lang='lat' dir='ltr'><strong>legitur:</strong></span> <span class='ocrx_word' id='word_1_334' title='bbox 550 3451 839 3532; x_wconf 88' lang='lat' dir='ltr'><strong>lthodanumque</strong></span> <span class='ocrx_word' id='word_1_335' title='bbox 876 3459 1078 3513; x_wconf 90' lang='lat' dir='ltr'><strong>morantem</strong></span> <span class='ocrx_word' id='word_1_336' title='bbox 1115 3453 1394 3530; x_wconf 89' lang='lat' dir='ltr'><strong>praecipitauit</strong></span> 
     </span>
     <span class='ocr_line' id='line_1_32' title="bbox 93 3549 1391 3633; baseline -0.001 -16"><span class='ocrx_word' id='word_1_337' title='bbox 93 3559 192 3617; x_wconf 76' lang='lat' dir='ltr'><strong>Arar.</strong></span> <span class='ocrx_word' id='word_1_338' title='bbox 238 3553 358 3629; x_wconf 84' lang='lat' dir='ltr'><strong>Neutra,</strong></span> <span class='ocrx_word' id='word_1_339' title='bbox 382 3563 415 3614; x_wconf 94' lang='grc' dir='ltr'><strong>ιιι</strong></span> <span class='ocrx_word' id='word_1_340' title='bbox 436 3552 492 3612; x_wconf 84' lang='grc' dir='ltr'>Ιιοι</span> <span class='ocrx_word' id='word_1_341' title='bbox 514 3554 559 3614; x_wconf 92' lang='lat' dir='ltr'><strong>lar</strong></span> <span class='ocrx_word' id='word_1_342' title='bbox 581 3554 683 3614; x_wconf 87' lang='lat' dir='ltr'><strong>larris:</strong></span> <span class='ocrx_word' id='word_1_343' title='bbox 707 3572 802 3632; x_wconf 89' lang='lat' dir='ltr'><strong>genus</strong></span> <span class='ocrx_word' id='word_1_344' title='bbox 825 3563 870 3616; x_wconf 89' lang='lat' dir='ltr'><strong>est</strong></span> <span class='ocrx_word' id='word_1_345' title='bbox 891 3556 984 3633; x_wconf 86' lang='lat' dir='ltr'><strong>panis,</strong></span> <span class='ocrx_word' id='word_1_346' title='bbox 1009 3561 1039 3613; x_wconf 90' lang='lat' dir='ltr'><strong>et</strong></span> <span class='ocrx_word' id='word_1_347' title='bbox 1059 3552 1116 3613; x_wconf 91' lang='lat' dir='ltr'><strong>boc</strong></span> <span class='ocrx_word' id='word_1_348' title='bbox 1131 3549 1248 3631; x_wconf 92' lang='lat' dir='ltr'><strong>†inuar</strong></span> <span class='ocrx_word' id='word_1_349' title='bbox 1269 3555 1391 3624; x_wconf 87' lang='lat' dir='ltr'><strong>iuuaris,</strong></span> 
     </span>
     <span class='ocr_line' id='line_1_33' title="bbox 93 3652 1393 3735; baseline -0.002 -17"><span class='ocrx_word' id='word_1_350' title='bbox 93 3656 150 3718; x_wconf 92' lang='lat' dir='ltr'><strong>boc</strong></span> <span class='ocrx_word' id='word_1_351' title='bbox 173 3655 333 3734; x_wconf 88' lang='lat' dir='ltr'><strong>exemplar,</strong></span> <span class='ocrx_word' id='word_1_352' title='bbox 355 3653 442 3735; x_wconf 87' lang='lat' dir='ltr'><strong>†lroc</strong></span> <span class='ocrx_word' id='word_1_353' title='bbox 464 3655 551 3714; x_wconf 91' lang='lat' dir='ltr'><strong>inlar.</strong></span> <span class='ocrx_word' id='word_1_354' title='bbox 598 3653 770 3717; x_wconf 88' lang='lat' dir='ltr'><strong>Communia</strong></span> <span class='ocrx_word' id='word_1_355' title='bbox 794 3657 881 3716; x_wconf 92' lang='lat' dir='ltr'><strong>trium</strong></span> <span class='ocrx_word' id='word_1_356' title='bbox 904 3671 1066 3730; x_wconf 81' lang='lat' dir='ltr'><strong>generum,</strong></span> <span class='ocrx_word' id='word_1_357' title='bbox 1091 3661 1122 3713; x_wconf 90' lang='lat' dir='ltr'><strong>ut</strong></span> <span class='ocrx_word' id='word_1_358' title='bbox 1144 3652 1194 3713; x_wconf 92' lang='lat' dir='ltr'><strong>bie</strong></span> <span class='ocrx_word' id='word_1_359' title='bbox 1217 3663 1246 3715; x_wconf 90' lang='lat' dir='ltr'><strong>et</strong></span> <span class='ocrx_word' id='word_1_360' title='bbox 1267 3655 1341 3715; x_wconf 88' lang='lat' dir='ltr'><strong>baec</strong></span> <span class='ocrx_word' id='word_1_361' title='bbox 1364 3665 1393 3716; x_wconf 90' lang='lat' dir='ltr'><strong>et</strong></span> 
     </span>
     <span class='ocr_line' id='line_1_34' title="bbox 94 3740 1391 3837; baseline -0.002 -17"><span class='ocrx_word' id='word_1_362' title='bbox 94 3740 151 3820; x_wconf 85' lang='lat' dir='ltr'><strong>boc</strong></span> <span class='ocrx_word' id='word_1_363' title='bbox 172 3776 241 3837; x_wconf 89' lang='lat' dir='ltr'><strong>par,</strong></span> <span class='ocrx_word' id='word_1_364' title='bbox 271 3755 361 3817; x_wconf 91' lang='lat' dir='ltr'><strong>buius</strong></span> <span class='ocrx_word' id='word_1_365' title='bbox 384 3757 463 3834; x_wconf 90' lang='lat' dir='ltr'><strong>paris</strong></span> <span class='ocrx_word' id='word_1_366' title='bbox 486 3755 554 3815; x_wconf 85' lang='lat' dir='ltr'><strong>lruie</strong></span> <span class='ocrx_word' id='word_1_367' title='bbox 576 3758 656 3834; x_wconf 91' lang='lat' dir='ltr'><strong>pari,</strong></span> <span class='ocrx_word' id='word_1_368' title='bbox 686 3757 766 3818; x_wconf 88' lang='lat' dir='ltr'><strong>lrune</strong></span> <span class='ocrx_word' id='word_1_369' title='bbox 788 3766 817 3819; x_wconf 90' lang='lat' dir='ltr'><strong>et</strong></span> <span class='ocrx_word' id='word_1_370' title='bbox 840 3757 915 3817; x_wconf 88' lang='lat' dir='ltr'><strong>hauc</strong></span> <span class='ocrx_word' id='word_1_371' title='bbox 939 3774 1040 3835; x_wconf 88' lang='lat' dir='ltr'><strong>parem</strong></span> <span class='ocrx_word' id='word_1_372' title='bbox 1065 3762 1094 3814; x_wconf 90' lang='lat' dir='ltr'><strong>et</strong></span> <span class='ocrx_word' id='word_1_373' title='bbox 1116 3754 1173 3815; x_wconf 91' lang='lat' dir='ltr'><strong>boc</strong></span> <span class='ocrx_word' id='word_1_374' title='bbox 1195 3773 1264 3836; x_wconf 90' lang='lat' dir='ltr'><strong>par,</strong></span> <span class='ocrx_word' id='word_1_375' title='bbox 1287 3775 1305 3816; x_wconf 96' lang='lat' dir='ltr'><strong>o</strong></span> <span class='ocrx_word' id='word_1_376' title='bbox 1328 3775 1391 3835; x_wconf 89' lang='lat' dir='ltr'><strong>par,</strong></span> 
     </span>
     <span class='ocr_line' id='line_1_35' title="bbox 93 3855 1392 3937; baseline -0.002 -16"><span class='ocrx_word' id='word_1_377' title='bbox 93 3859 131 3921; x_wconf 89' lang='lat' dir='ltr'><strong>ab</strong></span> <span class='ocrx_word' id='word_1_378' title='bbox 159 3860 216 3920; x_wconf 91' lang='lat' dir='ltr'><strong>boe</strong></span> <span class='ocrx_word' id='word_1_379' title='bbox 245 3869 275 3920; x_wconf 90' lang='lat' dir='ltr'><strong>et</strong></span> <span class='ocrx_word' id='word_1_380' title='bbox 301 3857 338 3917; x_wconf 90' lang='lat' dir='ltr'><strong>ab</strong></span> <span class='ocrx_word' id='word_1_381' title='bbox 367 3858 421 3918; x_wconf 86' lang='lat' dir='ltr'><strong>hae</strong></span> <span class='ocrx_word' id='word_1_382' title='bbox 450 3865 480 3917; x_wconf 89' lang='lat' dir='ltr'><strong>et</strong></span> <span class='ocrx_word' id='word_1_383' title='bbox 507 3856 545 3917; x_wconf 93' lang='lat' dir='ltr'><strong>ab</strong></span> <span class='ocrx_word' id='word_1_384' title='bbox 574 3857 630 3918; x_wconf 84' lang='lat' dir='ltr'><strong>lroc</strong></span> <span class='ocrx_word' id='word_1_385' title='bbox 658 3860 739 3935; x_wconf 93' lang='lat' dir='ltr'><strong>pari,</strong></span> <span class='ocrx_word' id='word_1_386' title='bbox 768 3866 797 3917; x_wconf 91' lang='lat' dir='ltr'><strong>et</strong></span> <span class='ocrx_word' id='word_1_387' title='bbox 825 3855 931 3937; x_wconf 92' lang='lat' dir='ltr'><strong>plurali</strong></span> <span class='ocrx_word' id='word_1_388' title='bbox 960 3856 991 3917; x_wconf 92' lang='lat' dir='ltr'><strong>bi</strong></span> <span class='ocrx_word' id='word_1_389' title='bbox 1020 3865 1049 3917; x_wconf 91' lang='lat' dir='ltr'><strong>et</strong></span> <span class='ocrx_word' id='word_1_390' title='bbox 1077 3855 1134 3916; x_wconf 87' lang='lat' dir='ltr'><strong>bae</strong></span> <span class='ocrx_word' id='word_1_391' title='bbox 1157 3874 1244 3935; x_wconf 89' lang='lat' dir='ltr'><strong>pares</strong></span> <span class='ocrx_word' id='word_1_392' title='bbox 1267 3857 1392 3918; x_wconf 88' lang='lat' dir='ltr'><strong>ethaeo</strong></span> 
     </span>
     <span class='ocr_line' id='line_1_36' title="bbox 53 3956 1393 4042; baseline -0.003 -18"><span class='ocrx_word' id='word_1_393' title='bbox 53 3962 192 4042; x_wconf 77' lang='lat' dir='ltr'><strong>⁸⁶paria,</strong></span> <span class='ocrx_word' id='word_1_394' title='bbox 221 3960 328 4022; x_wconf 92' lang='lat' dir='ltr'><strong>borum</strong></span> <span class='ocrx_word' id='word_1_395' title='bbox 352 3968 381 4019; x_wconf 92' lang='lat' dir='ltr'><strong>et</strong></span> <span class='ocrx_word' id='word_1_396' title='bbox 403 3957 507 4019; x_wconf 90' lang='lat' dir='ltr'><strong>barum</strong></span> <span class='ocrx_word' id='word_1_397' title='bbox 531 3967 560 4018; x_wconf 89' lang='lat' dir='ltr'><strong>et</strong></span> <span class='ocrx_word' id='word_1_398' title='bbox 583 3957 688 4019; x_wconf 91' lang='lat' dir='ltr'><strong>borum</strong></span> <span class='ocrx_word' id='word_1_399' title='bbox 713 3960 842 4038; x_wconf 92' lang='lat' dir='ltr'><strong>parium,</strong></span> <span class='ocrx_word' id='word_1_400' title='bbox 871 3959 916 4019; x_wconf 91' lang='lat' dir='ltr'><strong>bis</strong></span> <span class='ocrx_word' id='word_1_401' title='bbox 938 3957 1075 4038; x_wconf 89' lang='lat' dir='ltr'><strong>paribus,</strong></span> <span class='ocrx_word' id='word_1_402' title='bbox 1102 3958 1157 4018; x_wconf 83' lang='lat' dir='ltr'><strong>laos</strong></span> <span class='ocrx_word' id='word_1_403' title='bbox 1180 3965 1209 4017; x_wconf 91' lang='lat' dir='ltr'><strong>et</strong></span> <span class='ocrx_word' id='word_1_404' title='bbox 1230 3956 1284 4019; x_wconf 92' lang='lat' dir='ltr'><strong>has</strong></span> <span class='ocrx_word' id='word_1_405' title='bbox 1306 3978 1393 4039; x_wconf 89' lang='lat' dir='ltr'><strong>paros</strong></span> 
     </span>
    </p>
   </div>
   <div class='ocr_carea' id='block_1_3' title="bbox 93 4097 321 4107">
    <p class='ocr_par' dir='ltr' id='par_1_3' title="bbox 93 4097 321 4107">
     <span class='ocr_line' id='line_1_37' title="bbox 93 4097 321 4107; baseline -0.013 0"><span class='ocrx_word' id='word_1_406' title='bbox 93 4097 321 4107; x_wconf 80' lang='lat'>——-—-———·</span> 
     </span>
    </p>
   </div>
   <div class='ocr_carea' id='block_1_4' title="bbox 93 4177 1392 4853">
    <p class='ocr_par' dir='ltr' id='par_1_4' title="bbox 93 4177 1392 4502">
     <span class='ocr_line' id='line_1_38' title="bbox 164 4177 1360 4247; baseline -0.003 -15"><span class='ocrx_word' id='word_1_407' title='bbox 164 4184 177 4232; x_wconf 89' lang='lat'><em>1</em></span> <span class='ocrx_word' id='word_1_408' title='bbox 196 4181 321 4247; x_wconf 87' lang='lat' dir='ltr'><strong>percurrit</strong></span> <span class='ocrx_word' id='word_1_409' title='bbox 337 4192 442 4244; x_wconf 87' lang='lat' dir='ltr'><strong>pectene</strong></span> <span class='ocrx_word' id='word_1_410' title='bbox 460 4178 523 4243; x_wconf 73' lang='lat' dir='ltr'><strong>talpa</strong></span> <span class='ocrx_word' id='word_1_411' title='bbox 592 4180 607 4226; x_wconf 78' lang='lat' dir='ltr'><strong>‘l</strong></span> <span class='ocrx_word' id='word_1_412' title='bbox 625 4177 766 4226; x_wconf 83' lang='lat' dir='ltr'><strong>masculino</strong></span> <span class='ocrx_word' id='word_1_413' title='bbox 784 4179 875 4228; x_wconf 80' lang='lat' dir='ltr'><strong>addidi</strong></span> <span class='ocrx_word' id='word_1_414' title='bbox 937 4182 953 4228; x_wconf 85' lang='lat'>3</span> <span class='ocrx_word' id='word_1_415' title='bbox 971 4178 1094 4227; x_wconf 75' lang='lat' dir='ltr'><strong>feminina</strong></span> <span class='ocrx_word' id='word_1_416' title='bbox 1112 4179 1207 4227; x_wconf 83' lang='lat' dir='ltr'><strong>Graeca</strong></span> <span class='ocrx_word' id='word_1_417' title='bbox 1227 4187 1253 4226; x_wconf 91' lang='lat' dir='ltr'><strong>ut</strong></span> <span class='ocrx_word' id='word_1_418' title='bbox 1269 4178 1360 4230; x_wconf 80' lang='lat' dir='ltr'><strong>addidi</strong></span> 
     </span>
     <span class='ocr_line' id='line_1_39' title="bbox 93 4244 1392 4314; baseline -0.003 -15"><span class='ocrx_word' id='word_1_419' title='bbox 93 4250 179 4314; x_wconf 73' lang='lat' dir='ltr'><strong>syrien</strong></span> <span class='ocrx_word' id='word_1_420' title='bbox 247 4252 425 4313; x_wconf 74' lang='lat' dir='ltr'><strong>tenereptum</strong></span> <span class='ocrx_word' id='word_1_421' title='bbox 495 4246 643 4295; x_wconf 79' lang='lat' dir='ltr'><strong>btubicena</strong></span> <span class='ocrx_word' id='word_1_422' title='bbox 696 4244 803 4293; x_wconf 85' lang='lat' dir='ltr'><strong>fidiceun</strong></span> <span class='ocrx_word' id='word_1_423' title='bbox 855 4246 987 4294; x_wconf 86' lang='lat' dir='ltr'><strong>rornicenn</strong></span> <span class='ocrx_word' id='word_1_424' title='bbox 1057 4245 1214 4309; x_wconf 72' lang='lat' dir='ltr'><strong>lgeminari</strong></span> <span class='ocrx_word' id='word_1_425' title='bbox 1232 4259 1247 4292; x_wconf 88' lang='lat' dir='ltr'><strong>n</strong></span> <span class='ocrx_word' id='word_1_426' title='bbox 1265 4245 1317 4294; x_wconf 89' lang='lat' dir='ltr'><strong>ini</strong></span> <span class='ocrx_word' id='word_1_427' title='bbox 1370 4248 1392 4295; x_wconf 91' lang='lat' dir='ltr'><strong>si</strong></span> 
     </span>
     <span class='ocr_line' id='line_1_40' title="bbox 93 4309 1392 4383; baseline -0.004 -15"><span class='ocrx_word' id='word_1_428' title='bbox 93 4317 243 4383; x_wconf 86' lang='lat' dir='ltr'><strong>ergotubia</strong></span> <span class='ocrx_word' id='word_1_429' title='bbox 262 4317 361 4365; x_wconf 83' lang='lat' dir='ltr'><strong>tubicen</strong></span> <span class='ocrx_word' id='word_1_430' title='bbox 414 4313 492 4364; x_wconf 75' lang='lat' dir='ltr'><strong>Ssed</strong></span> <span class='ocrx_word' id='word_1_431' title='bbox 512 4313 560 4362; x_wconf 86' lang='lat' dir='ltr'><strong>alia</strong></span> <span class='ocrx_word' id='word_1_432' title='bbox 628 4312 722 4377; x_wconf 65' lang='lat' dir='ltr'><strong>§linge</strong></span> <span class='ocrx_word' id='word_1_433' title='bbox 739 4312 796 4377; x_wconf 84' lang='lat' dir='ltr'><strong>loge</strong></span> <span class='ocrx_word' id='word_1_434' title='bbox 815 4314 938 4377; x_wconf 74' lang='lat' dir='ltr'><strong>quandrige</strong></span> <span class='ocrx_word' id='word_1_435' title='bbox 1009 4309 1217 4376; x_wconf 65' lang='lat' dir='ltr'><strong>malaquisti</strong></span> <span class='ocrx_word' id='word_1_436' title='bbox 1281 4315 1311 4361; x_wconf 91' lang='grc'><strong>11</strong></span> <span class='ocrx_word' id='word_1_437' title='bbox 1331 4329 1392 4379; x_wconf 85' lang='lat' dir='ltr'><strong>sepe</strong></span> 
     </span>
     <span class='ocr_line' id='line_1_41' title="bbox 95 4377 1391 4447; baseline -0.002 -13"><span class='ocrx_word' id='word_1_438' title='bbox 95 4387 126 4435; x_wconf 81' lang='lat'><strong>12</strong></span> <span class='ocrx_word' id='word_1_439' title='bbox 163 4396 237 4433; x_wconf 86' lang='lat' dir='ltr'><strong>enten</strong></span> <span class='ocrx_word' id='word_1_440' title='bbox 293 4384 393 4447; x_wconf 81' lang='lat' dir='ltr'><strong>generis</strong></span> <span class='ocrx_word' id='word_1_441' title='bbox 475 4384 505 4431; x_wconf 84' lang='lat'><strong>13</strong></span> <span class='ocrx_word' id='word_1_442' title='bbox 524 4397 538 4428; x_wconf 86' lang='lat' dir='ltr'><strong>a</strong></span> <span class='ocrx_word' id='word_1_443' title='bbox 557 4377 610 4444; x_wconf 89' lang='lat' dir='ltr'><strong>fllo]</strong></span> <span class='ocrx_word' id='word_1_444' title='bbox 628 4380 693 4443; x_wconf 83' lang='lat' dir='ltr'><strong>sort,</strong></span> <span class='ocrx_word' id='word_1_445' title='bbox 712 4395 727 4428; x_wconf 88' lang='lat' dir='ltr'><strong>n</strong></span> <span class='ocrx_word' id='word_1_446' title='bbox 746 4380 839 4430; x_wconf 84' lang='lat' dir='ltr'><strong>filando</strong></span> <span class='ocrx_word' id='word_1_447' title='bbox 892 4382 1041 4447; x_wconf 86' lang='lat' dir='ltr'><strong>siuacopnm</strong></span> <span class='ocrx_word' id='word_1_448' title='bbox 1061 4382 1084 4428; x_wconf 83' lang='lat' dir='ltr'><strong>·i·</strong></span> <span class='ocrx_word' id='word_1_449' title='bbox 1156 4377 1391 4444; x_wconf 66' lang='lat' dir='ltr'><strong>autumemus„</strong></span> 
     </span>
     <span class='ocr_line' id='line_1_42' title="bbox 96 4399 1391 4502; baseline -0.002 0"><span class='ocrx_word' id='word_1_450' title='bbox 96 4399 193 4502; x_wconf 69' lang='lat' dir='ltr'><strong>lbboc</strong></span> <span class='ocrx_word' id='word_1_451' title='bbox 211 4453 292 4501; x_wconf 87' lang='lat' dir='ltr'><strong>estin</strong></span> <span class='ocrx_word' id='word_1_452' title='bbox 311 4467 342 4500; x_wconf 90' lang='lat' dir='ltr'><strong>eu</strong></span> <span class='ocrx_word' id='word_1_453' title='bbox 413 4449 445 4497; x_wconf 79' lang='lat'><strong>16</strong></span> <span class='ocrx_word' id='word_1_454' title='bbox 463 4449 545 4497; x_wconf 87' lang='lat' dir='ltr'><strong>lubus</strong></span> <span class='ocrx_word' id='word_1_455' title='bbox 598 4450 681 4496; x_wconf 90' lang='lat' dir='ltr'><strong>inme</strong></span> <span class='ocrx_word' id='word_1_456' title='bbox 753 4452 782 4498; x_wconf 85' lang='lat'><strong>17</strong></span> <span class='ocrx_word' id='word_1_457' title='bbox 802 4461 828 4498; x_wconf 87' lang='grc' dir='ltr'><strong>ιιι</strong></span> <span class='ocrx_word' id='word_1_458' title='bbox 845 4448 928 4498; x_wconf 88' lang='lat' dir='ltr'><strong>solum</strong></span> <span class='ocrx_word' id='word_1_459' title='bbox 981 4451 1038 4497; x_wconf 89' lang='lat' dir='ltr'><strong>l&#39;oro</strong></span> <span class='ocrx_word' id='word_1_460' title='bbox 1057 4450 1148 4498; x_wconf 81' lang='lat' dir='ltr'><strong>addidi</strong></span> <span class='ocrx_word' id='word_1_461' title='bbox 1216 4447 1247 4497; x_wconf 83' lang='lat'><strong>18</strong></span> <span class='ocrx_word' id='word_1_462' title='bbox 1265 4463 1344 4497; x_wconf 85' lang='grc' dir='ltr'>ιιιιιιιι</span> <span class='ocrx_word' id='word_1_463' title='bbox 1362 4467 1391 4499; x_wconf 77' lang='lat' dir='ltr'><strong>aa·</strong></span> 
     </span>
    </p>

    <p class='ocr_par' dir='ltr' id='par_1_5' title="bbox 93 4513 1392 4853">
     <span class='ocr_line' id='line_1_43' title="bbox 162 4513 1392 4580; baseline -0.001 -12"><span class='ocrx_word' id='word_1_464' title='bbox 162 4519 259 4569; x_wconf 84' lang='lat' dir='ltr'><strong>oblecta</strong></span> <span class='ocrx_word' id='word_1_465' title='bbox 346 4521 377 4568; x_wconf 83' lang='grc'><strong>19</strong></span> <span class='ocrx_word' id='word_1_466' title='bbox 396 4517 467 4566; x_wconf 91' lang='lat' dir='ltr'><strong>irritu</strong></span> <span class='ocrx_word' id='word_1_467' title='bbox 536 4527 560 4564; x_wconf 86' lang='lat' dir='ltr'><strong>et</strong></span> <span class='ocrx_word' id='word_1_468' title='bbox 577 4513 604 4578; x_wconf 92' lang='lat' dir='ltr'><strong>u]</strong></span> <span class='ocrx_word' id='word_1_469' title='bbox 625 4525 664 4564; x_wconf 88' lang='lat' dir='ltr'><strong>ten</strong></span> <span class='ocrx_word' id='word_1_470' title='bbox 737 4517 886 4580; x_wconf 89' lang='lat' dir='ltr'><strong>productum</strong></span> <span class='ocrx_word' id='word_1_471' title='bbox 965 4519 997 4567; x_wconf 75' lang='lat'><strong>20</strong></span> <span class='ocrx_word' id='word_1_472' title='bbox 1016 4517 1122 4566; x_wconf 89' lang='lat' dir='ltr'><strong>uerbum</strong></span> <span class='ocrx_word' id='word_1_473' title='bbox 1141 4530 1204 4564; x_wconf 87' lang='lat' dir='ltr'><strong>acuo</strong></span> <span class='ocrx_word' id='word_1_474' title='bbox 1274 4516 1327 4564; x_wconf 90' lang='lat' dir='ltr'><strong>lluo</strong></span> <span class='ocrx_word' id='word_1_475' title='bbox 1345 4533 1392 4571; x_wconf 86' lang='lat' dir='ltr'><strong>om,</strong></span> 
     </span>
     <span class='ocr_line' id='line_1_44' title="bbox 93 4582 1391 4653; baseline -0.001 -17"><span class='ocrx_word' id='word_1_476' title='bbox 93 4588 127 4638; x_wconf 73' lang='grc'><strong>12</strong></span> <span class='ocrx_word' id='word_1_477' title='bbox 145 4600 206 4653; x_wconf 83' lang='lat' dir='ltr'><strong>rogo</strong></span> <span class='ocrx_word' id='word_1_478' title='bbox 259 4586 344 4650; x_wconf 87' lang='lat' dir='ltr'><strong>specie</strong></span> <span class='ocrx_word' id='word_1_479' title='bbox 402 4586 435 4634; x_wconf 77' lang='lat'><strong>23</strong></span> <span class='ocrx_word' id='word_1_480' title='bbox 453 4583 655 4647; x_wconf 82' lang='lat' dir='ltr'><strong>coniugatioues,</strong></span> <span class='ocrx_word' id='word_1_481' title='bbox 675 4600 744 4634; x_wconf 84' lang='lat' dir='ltr'><strong>corr.</strong></span> <span class='ocrx_word' id='word_1_482' title='bbox 765 4585 803 4633; x_wconf 85' lang='lat' dir='ltr'><strong>uis</strong></span> <span class='ocrx_word' id='word_1_483' title='bbox 855 4587 889 4634; x_wconf 78' lang='lat'><strong>24</strong></span> <span class='ocrx_word' id='word_1_484' title='bbox 906 4583 982 4633; x_wconf 86' lang='lat' dir='ltr'><strong>molis</strong></span> <span class='ocrx_word' id='word_1_485' title='bbox 1050 4586 1083 4634; x_wconf 71' lang='lat'><strong>⁴26</strong></span> <span class='ocrx_word' id='word_1_486' title='bbox 1101 4586 1126 4632; x_wconf 90' lang='lat' dir='ltr'><strong>iu</strong></span> <span class='ocrx_word' id='word_1_487' title='bbox 1145 4585 1170 4632; x_wconf 90' lang='lat' dir='ltr'><strong>in</strong></span> <span class='ocrx_word' id='word_1_488' title='bbox 1221 4582 1273 4630; x_wconf 88' lang='lat' dir='ltr'><strong>dua</strong></span> <span class='ocrx_word' id='word_1_489' title='bbox 1291 4598 1391 4635; x_wconf 80' lang='lat' dir='ltr'><strong>mascu-</strong></span> 
     </span>
     <span class='ocr_line' id='line_1_45' title="bbox 94 4651 1389 4720; baseline 0.001 -17"><span class='ocrx_word' id='word_1_490' title='bbox 94 4653 156 4720; x_wconf 88' lang='lat' dir='ltr'><strong>lina]</strong></span> <span class='ocrx_word' id='word_1_491' title='bbox 176 4655 201 4705; x_wconf 83' lang='lat'><strong>1.</strong></span> <span class='ocrx_word' id='word_1_492' title='bbox 219 4670 243 4704; x_wconf 87' lang='lat' dir='ltr'><strong>e.</strong></span> <span class='ocrx_word' id='word_1_493' title='bbox 261 4656 327 4705; x_wconf 84' lang='lat' dir='ltr'><strong>duae</strong></span> <span class='ocrx_word' id='word_1_494' title='bbox 344 4653 533 4703; x_wconf 81' lang='lat' dir='ltr'><strong>masculinorum</strong></span> <span class='ocrx_word' id='word_1_495' title='bbox 552 4652 671 4700; x_wconf 68' lang='lat' dir='ltr'><strong>acaunum</strong></span> <span class='ocrx_word' id='word_1_496' title='bbox 689 4654 788 4716; x_wconf 81' lang='lat' dir='ltr'><strong>species</strong></span> <span class='ocrx_word' id='word_1_497' title='bbox 873 4653 906 4701; x_wconf 74' lang='lat'><strong>26</strong></span> <span class='ocrx_word' id='word_1_498' title='bbox 923 4653 1008 4701; x_wconf 89' lang='lat' dir='ltr'><strong>cireen</strong></span> <span class='ocrx_word' id='word_1_499' title='bbox 1061 4652 1147 4700; x_wconf 83' lang='lat' dir='ltr'><strong>arrtlou</strong></span> <span class='ocrx_word' id='word_1_500' title='bbox 1233 4653 1266 4701; x_wconf 83' lang='lat'><strong>27</strong></span> <span class='ocrx_word' id='word_1_501' title='bbox 1285 4651 1389 4720; x_wconf 81' lang='lat' dir='ltr'><strong>elegen]</strong></span> 
     </span>
     <span class='ocr_line' id='line_1_46' title="bbox 95 4715 1358 4788; baseline -0.002 -14"><span class='ocrx_word' id='word_1_502' title='bbox 95 4724 138 4775; x_wconf 85' lang='lat' dir='ltr'><strong>An</strong></span> <span class='ocrx_word' id='word_1_503' title='bbox 154 4727 231 4774; x_wconf 86' lang='lat' dir='ltr'><strong>latet:</strong></span> <span class='ocrx_word' id='word_1_504' title='bbox 253 4723 339 4788; x_wconf 77' lang='lat' dir='ltr'><strong>agon?</strong></span> <span class='ocrx_word' id='word_1_505' title='bbox 410 4720 581 4782; x_wconf 68' lang='lat' dir='ltr'><strong>astiagem</strong></span> <span class='ocrx_word' id='word_1_506' title='bbox 647 4722 681 4769; x_wconf 79' lang='lat'><strong>29</strong></span> <span class='ocrx_word' id='word_1_507' title='bbox 699 4735 772 4770; x_wconf 82' lang='lat' dir='ltr'><strong>cesarr</strong></span> <span class='ocrx_word' id='word_1_508' title='bbox 839 4723 872 4770; x_wconf 83' lang='lat'><strong>30</strong></span> <span class='ocrx_word' id='word_1_509' title='bbox 889 4715 996 4784; x_wconf 82' lang='lat' dir='ltr'><strong>legitur]</strong></span> <span class='ocrx_word' id='word_1_510' title='bbox 1016 4721 1114 4769; x_wconf 83' lang='lat' dir='ltr'><strong>Lucan.</strong></span> <span class='ocrx_word' id='word_1_511' title='bbox 1132 4718 1225 4768; x_wconf 69' lang='lat' dir='ltr'><strong>plara</strong></span> <span class='ocrx_word' id='word_1_512' title='bbox 1248 4719 1289 4769; x_wconf 87' lang='lat' dir='ltr'><strong>VI</strong></span> <span class='ocrx_word' id='word_1_513' title='bbox 1307 4720 1358 4771; x_wconf 75' lang='grc'><strong>476</strong></span> 
     </span>
     <span class='ocr_line' id='line_1_47' title="bbox 94 4787 1391 4853; baseline -0.001 -14"><span class='ocrx_word' id='word_1_514' title='bbox 94 4804 278 4853; x_wconf 84' lang='lat' dir='ltr'><strong>romanumque</strong></span> <span class='ocrx_word' id='word_1_515' title='bbox 295 4801 433 4839; x_wconf 79' lang='lat' dir='ltr'><strong>morantem</strong></span> <span class='ocrx_word' id='word_1_516' title='bbox 453 4788 614 4853; x_wconf 85' lang='lat' dir='ltr'><strong>precipimnit</strong></span> <span class='ocrx_word' id='word_1_517' title='bbox 664 4789 861 4839; x_wconf 69' lang='lat' dir='ltr'><strong>aeconomum</strong></span> <span class='ocrx_word' id='word_1_518' title='bbox 913 4787 999 4837; x_wconf 67' lang='lat' dir='ltr'><strong>attin</strong></span> <span class='ocrx_word' id='word_1_519' title='bbox 1018 4796 1044 4836; x_wconf 87' lang='lat' dir='ltr'><strong>et</strong></span> <span class='ocrx_word' id='word_1_520' title='bbox 1062 4787 1094 4835; x_wconf 86' lang='lat' dir='ltr'><strong>lrc</strong></span> <span class='ocrx_word' id='word_1_521' title='bbox 1155 4788 1188 4836; x_wconf 78' lang='lat'><strong>35</strong></span> <span class='ocrx_word' id='word_1_522' title='bbox 1206 4801 1297 4851; x_wconf 88' lang='lat' dir='ltr'><strong>parurn</strong></span> <span class='ocrx_word' id='word_1_523' title='bbox 1344 4789 1391 4839; x_wconf 81' lang='lat' dir='ltr'><strong>bos</strong></span> 
     </span>
    </p>
   </div>
   <div class='ocr_carea' id='block_1_5' title="bbox 119 4873 1187 4924">
    <p class='ocr_par' dir='ltr' id='par_1_6' title="bbox 119 4873 1187 4924">
     <span class='ocr_line' id='line_1_48' title="bbox 119 4873 1187 4924; baseline -0.007 -8"><span class='ocrx_word' id='word_1_524' title='bbox 119 4873 215 4916; x_wconf 74' lang='lat' dir='ltr'><strong>(inan.</strong></span> <span class='ocrx_word' id='word_1_525' title='bbox 226 4883 280 4917; x_wconf 70' lang='lat' dir='ltr'><strong>aar.</strong></span> <span class='ocrx_word' id='word_1_526' title='bbox 293 4875 376 4914; x_wconf 75' lang='lat' dir='ltr'><strong>suern.</strong></span> <span class='ocrx_word' id='word_1_527' title='bbox 712 4916 714 4920; x_wconf 53' lang='grc'><strong>,</strong></span> <span class='ocrx_word' id='word_1_528' title='bbox 1171 4874 1187 4924; x_wconf 78' lang='lat'>8</span> 
     </span>
    </p>
   </div>
   <div class='ocr_carea' id='block_1_6' title="bbox 0 0 1715 5378">
    <p class='ocr_par' dir='ltr' id='par_1_7' title="bbox 0 0 1715 5378">
     <span class='ocr_line' id='line_1_49' title="bbox 0 0 1715 5378; baseline 0 0"><span class='ocrx_word' id='word_1_529' title='bbox 0 0 1715 5378; x_wconf 95' lang='lat' dir='ltr'><strong> </strong></span> 
     </span>
    </p>
   </div>
  </div>
 </body>
</html>
