3420 5378
531 291 570 343 m
589 293 674 345 nou.
693 292 818 345 aaran
836 292 1016 348 uuonan.
1353 292 1413 358 231

121 479 240 540 omnis
270 485 384 540 terra.
428 479 625 548 Periodos,
655 479 784 543 clausula
810 480 857 542 uel
885 481 1026 541 circuitus
1055 484 1276 561 interpretatur.
1322 483 1554 555 ‘Peri'pmata

122 582 200 656 enim
224 583 337 642 Graece
361 584 474 641 circum
498 581 616 658 Latine;
640 580 737 641 ‘odos'
761 583 822 641 uia:
851 585 884 642 in
907 601 943 643 eo
966 583 1044 643 eninr
1068 585 1157 643 totius
1179 583 1345 644 sententiae
1368 584 1415 643 uel

121 682 262 744 orationis
293 683 388 744 exitus
417 690 447 742 et
475 682 681 742 determinatio
712 690 835 744 constat.
880 683 916 743 Et
937 682 1012 773 bene
1041 685 1183 746 circuitus
1211 684 1257 745 uel
1288 683 1415 746 ambitus

119 783 238 852 dicitur,
262 802 298 843 eo
320 783 397 863 quod
421 785 583 845 circumeat
605 786 625 843 i.
650 783 768 846 ambeat
789 782 1043 864 amplectaturque
1071 785 1217 846 clausulas
1238 787 1413 848 sententiae.

93 884 250 946 s‘Colon’
283 885 386 945 dicunt
419 885 525 946 Graeci
558 883 740 954 membrum,
774 884 844 946 iude
878 885 941 946 cola
975 886 1082 965 plurali
1122 905 1247 947 numero
1282 887 1413 948 membra

119 984 268 1047 dicuntur.
319 987 507 1047 ‘Commota'
537 1004 609 1047 uero
638 987 805 1047 incisiones.
856 987 893 1047 Et
921 1006 974 1066 per
1001 987 1088 1049 colon
1117 989 1212 1050 media
1241 987 1415 1066 intelligitur

118 1086 282 1156 distinctio,
306 1105 361 1167 per
382 1080 497 1147 comma
519 1087 733 1148 subdistinctio.
779 1088 919 1149 l‘eriodos
935 1107 1008 1150 uero
1023 1089 1242 1151 distinctionem
1258 1091 1412 1168 significat.

119 1188 227 1249 Verum
251 1188 314 1249 cola
338 1195 367 1248 et
385 1188 531 1248 'contmata
554 1190 585 1249 iu
608 1191 758 1249 communi
781 1209 933 1258 sermone,
958 1192 976 1249 i.
994 1192 1022 1250 iu
1047 1209 1133 1270 prosa
1156 1193 1248 1261 tinum
1274 1191 1412 1271 idemque

116 1290 292 1368 significant.
338 1291 414 1350 Sunt
441 1292 518 1349 enirn
548 1290 679 1350 eiusdem
702 1290 839 1350 dictionis
862 1299 974 1370 partes,
1003 1291 1106 1352 sedin
1131 1292 1296 1354 minoribus
1318 1294 1411 1373 parti·

81 1410 106 1449 ro
120 1390 174 1451 bus
197 1389 282 1452 colon
306 1390 446 1458 dicimus,
471 1399 517 1450 ut:
550 1389 725 1452 ‘Sustinetis
748 1394 844 1461 enim,
868 1394 892 1452 si
916 1394 982 1470 quis
1006 1412 1059 1453 uos
1082 1395 1112 1453 in
1135 1395 1309 1454 seruitutem
1332 1393 1411 1453 redi·

117 1493 196 1569 gitl'
241 1491 332 1552 Coton
360 1500 419 1551 est:
458 1493 495 1550 ‘si
523 1493 588 1571 quis
616 1493 739 1552 deuoret
766 1491 908 1573 †colon'
937 1501 967 1553 et
993 1494 1108 1574 reliqua
1137 1512 1229 1571 usque
1257 1495 1294 1555 ad
1322 1479 1437 1556 finem,

116 1592 290 1653 sententiae.
329 1593 448 1653 Comma
473 1611 545 1653 uero
569 1602 611 1653 est
635 1595 665 1653 in
689 1593 867 1664 maioribus,
892 1604 937 1656 ut:
962 1594 1098 1657 ‘lubilate
1121 1597 1177 1656 deo
1200 1597 1296 1657 omnis
1318 1600 1410 1657 terra’

116 1703 146 1753 et
169 1701 268 1754 cetera
291 1711 385 1771 usquc
407 1694 443 1754 ad
465 1704 617 1773 peractam
646 1697 831 1757 seutentiam.
877 1696 909 1758 ln
938 1699 1070 1758 carmine
1100 1716 1187 1768 uero,
1217 1699 1236 1757 i.
1260 1699 1290 1757 in
1316 1705 1411 1758 metro

116 1793 195 1856 aliud
219 1801 248 1853 et
270 1795 422 1855 diuersum
446 1804 500 1856 cst.
545 1797 618 1857 Nam
648 1797 699 1857 ubi
728 1797 786 1857 duo
816 1799 907 1877 pedes
935 1798 1021 1859 liberi
1049 1806 1135 1868 sunt,
1164 1801 1183 1859 i.
1209 1797 1287 1859 nulla
1315 1818 1411 1860 rema·

79 1904 206 1961 tenente
229 1895 355 1975 syllaba,
379 1896 465 1957 colon
489 1904 548 1964 est:
571 1916 685 1958 comma
710 1917 798 1969 uero,
823 1899 873 1959 ubi
896 1909 963 1979 post
984 1899 1059 1961 duos
1081 1900 1172 1980 pedes
1193 1908 1332 1979 superest
1353 1900 1410 1980 syl·

116 1995 196 2066 laba,
231 2016 306 2077 quae
339 2007 453 2078 partem
488 2001 626 2060 terminat
658 2001 811 2061 orationis.
864 1999 957 2061 Totus
992 2009 1090 2061 autem
1128 2020 1233 2063 uersus
1269 2000 1410 2081 periodus

116 2097 234 2160 dicitur.

639 2335 702 2418 [on
724 2337 884 2420 nomua]

116 2553 128 2637 Η
148 2555 207 2617 151
226 2554 238 2639 ll
267 2556 308 2617 lle
331 2559 562 2634 comparatione.
608 2557 794 2636 Comparatio
824 2558 932 2618 dicitur
960 2557 1148 2627 assimilatio,
1178 2561 1197 2617 i.
1221 2560 1406 2635 coaequatio,
1421 2579 1470 2628 su,
1485 2579 1509 2618 ιε

75 2666 151 2718 ²⁰eo
173 2657 251 2735 quod
280 2657 468 2718 assimilando
497 2677 588 2719 unum
612 2656 697 2718 alteri
720 2658 868 2737 praeierat
891 2667 920 2718 et
941 2658 978 2718 ab
1001 2678 1051 2726 eo,
1080 2658 1172 2737 quod,
1187 2665 1230 2717 est
1256 2676 1406 2736 comparo,

113 2761 132 2818 i.
156 2777 304 2839 coaequo,
329 2759 411 2820 uenit
432 2761 623 2838 comparatio.
669 2758 797 2827 Gradus,
821 2761 839 2818 i.
865 2761 1062 2820 ascensiones.
1106 2759 1311 2826 Positiuus,
1335 2757 1407 2818 dici·

111 2861 170 2928 tur,
202 2878 238 2920 eo
265 2859 343 2939 quod
373 2861 486 2937 primus
516 2862 635 2939 ponitur
664 2857 710 2919 uel
740 2860 818 2938 quod
847 2862 884 2920 sit
911 2863 1005 2938 prima
1034 2860 1141 2938 positio
1168 2860 1313 2927 nominis;
1343 2860 1407 2920 siue

112 2962 257 3040 positiuus
279 2960 387 3022 dicitur
409 2962 493 3040 quasi
516 2961 715 3040 depositiuus,
740 2960 869 3041 eoquod
886 2963 1071 3040 reciprocam
1094 2978 1251 3038 personam
1275 2959 1406 3040 deponit,

112 3063 132 3122 i.
156 3062 286 3124 dimittit.
318 3062 400 3123 'Non
430 3065 511 3123 enim
540 3070 606 3140 eget
635 3080 719 3129 casu,
749 3062 800 3122 sed
830 3062 933 3140 plenus
961 3063 992 3121 iu
1021 3080 1052 3121 se
1085 3068 1193 3121 manet.
1244 3061 1405 3123 Sciendum

73 3170 227 3232 ²⁶autem,
257 3164 325 3243 quia
348 3162 396 3224 illa
421 3165 553 3230 nomina,
583 3179 657 3239 quae
679 3161 874 3224 substantiam
897 3163 1077 3239 significant,
1103 3181 1161 3222 non
1185 3171 1406 3243 comparantur,

113 3265 181 3343 quia
211 3265 394 3325 incrementa
425 3263 472 3325 uel
500 3264 709 3324 diminutiones
742 3267 879 3344 accipere
913 3283 970 3324 uon
1006 3272 1139 3341 possunt.
1191 3264 1280 3325 Verbi
1312 3266 1407 3342 gratia

113 3365 201 3425 bomo
224 3363 272 3424 uel
295 3362 370 3443 lapis
391 3366 584 3430 substantiam
614 3365 793 3442 significant,
822 3366 906 3425 cuius
933 3367 1108 3442 significatio
1137 3383 1191 3424 nec
1220 3367 1322 3442 augeri
1350 3383 1406 3428 nec

114 3467 206 3527 minui
229 3474 335 3546 potest.
380 3467 410 3526 Si
439 3469 518 3528 enim
548 3468 637 3527 lromo
667 3464 713 3526 uel
737 3466 810 3546 lapis
832 3469 956 3545 recipiat
978 3468 1244 3546 comparationem,
1267 3466 1286 3524 i.
1311 3467 1405 3542 magis

111 3569 296 3635 autminus,
320 3568 377 3627 iam
401 3587 459 3628 non
483 3577 529 3629 est
551 3567 639 3629 bomo
663 3567 711 3628 uel
735 3567 818 3647 lapis.
865 3569 895 3628 Si
913 3587 985 3628 uero
1001 3566 1109 3644 aliquid
1134 3566 1271 3627 accidens
1293 3565 1406 3626 bomini

73 3680 99 3721 ³⁰
114 3670 162 3730 uel
183 3666 272 3749 lapidi
296 3667 407 3737 dicam,
432 3679 503 3728 tunc
518 3667 609 3730 habet
623 3668 720 3729 locum
737 3672 934 3750 comparatio,
959 3677 991 3730 ut
1005 3667 1110 3729 doctus
1132 3668 1221 3728 homo
1237 3675 1267 3728 et
1281 3667 1404 3737 doctior,

112 3768 188 3849 lapis
211 3769 304 3830 durus
328 3775 358 3829 et
379 3768 492 3830 durior.
537 3769 615 3847 Ergo
638 3786 696 3830 non
720 3772 783 3848 ipsa
805 3769 984 3840 substantia,
1014 3770 1065 3829 sed
1090 3788 1140 3837 ea,
1164 3787 1239 3848 quae
1262 3768 1304 3829 illi
1328 3771 1405 3830 acci·
1513 3784 1520 3801 ·

112 3871 200 3945 dunt,
230 3878 451 3949 comparantur.
503 3871 798 3948 Comparatiuus,
836 3871 944 3931 dicitur
971 3880 1000 3931 et
1027 3869 1248 3932 assimilatiuus.
1299 3869 1403 3931 Omnia

112 3974 233 4032 nomina
256 3973 450 4050 comparatiui
473 3971 587 4049 gradus.
603 3974 724 4050 generis
745 3982 814 4033 sunt
840 3971 1005 4032 communis
1027 3979 1054 4030 et
1078 3971 1190 4030 iaciunt
1212 3977 1350 4031 neutrum
1373 3971 1404 4030 in

88 4075 173 4142 ius,
197 4082 229 4133 ut
251 4072 300 4133 bic
323 4080 353 4132 et
374 4072 447 4132 haec
470 4072 584 4133 doctior
607 4083 636 4134 et
658 4074 714 4134 boc
736 4072 865 4143 doctius,
889 4080 1013 4152 excepto
1028 4091 1087 4132 uno
1103 4071 1164 4132 ‘bic
1179 4074 1302 4141 senior’,
1326 4071 1403 4150 quod

73 4183 225 4235 attactum
250 4173 403 4234 masculini
431 4174 550 4252 generis
578 4182 624 4235 est
651 4184 679 4233 et
708 4175 777 4235 lacit
799 4174 973 4235 femininum
996 4172 1084 4234 ‘baec
1106 4173 1202 4232 anus'.
1248 4174 1399 4252 Compa·
1415 4183 1464 4233 ³⁷4.
1480 4186 1504 4225 1⁷

179 4411 308 4458 lambiat
325 4409 535 4474 amplectiturque
604 4411 706 4473 bgreci
776 4409 937 4474 lisignillcat
1017 4409 1049 4457 16
1066 4408 1188 4473 periodus
1206 4405 1309 4471 dicitur]
1328 4408 1403 4457 Inter

108 4496 137 4544 p.
157 4480 207 4528 208
225 4485 293 4540 etp.
317 4480 363 4527 151
380 4478 438 4540 sato
461 4479 546 4542 iniquo
565 4479 677 4526 disiectis
692 4480 851 4542 procuranti&
866 4477 980 4526 ntembre's
997 4479 1093 4542 aliquot
1112 4476 1178 4538 solia
1193 4490 1303 4540 prorsus
1320 4477 1400 4525 inter·

110 4548 194 4595 ierunt
265 4547 296 4595 ts
314 4545 467 4606 coaequacio
536 4546 570 4594 24
589 4544 612 4591 ·i·
630 4544 734 4594 dimittit
749 4560 830 4609 supra
846 4546 936 4594 tineam
988 4546 1041 4609 egit
1090 4546 1124 4594 29
1136 4545 1185 4592 iarn
1200 4557 1249 4592 non
1262 4539 1400 4608 esthemo]

110 4615 137 4663 in
154 4629 233 4676 marp.
252 4614 376 4664 additum:
396 4612 477 4660 llorno
497 4612 640 4661 substantia
658 4615 777 4662 estetsi
795 4623 956 4677 comparetur
974 4628 1024 4662 non
1044 4622 1083 4661 est
1099 4611 1176 4660 homo
1194 4612 1324 4673 quianon
1342 4619 1401 4675 pot-

110 4690 150 4730 est
166 4682 282 4746 accipere
299 4689 463 4746 augmentum
483 4679 521 4730 uel
540 4679 717 4729 detrimentum
785 4682 818 4732 32
836 4693 860 4730 et
878 4681 968 4730 addidi
1035 4681 1069 4731 34
1086 4679 1126 4728 hic
1144 4675 1242 4744 senior]
1262 4678 1303 4728 hic
1319 4693 1400 4744 cupra

109 4751 201 4800 tineam
