3420 5378
588 318 625 370 tn
642 319 726 370 DON.
746 317 871 369 ultrum
890 318 1068 370 unionum.

179 513 210 566 et
536 504 742 583 Vastos'que
765 504 807 566 ab
829 525 921 585 rupe
944 505 1135 586 Cyclopes.

179 606 335 669 Secundus
356 607 477 669 modus:

306 710 369 770 Vir
391 707 543 770 humilis
565 716 704 770 maesto
726 707 867 771 caelum
891 708 1117 770 conscendit
1139 708 1182 769 ab
1204 707 1320 769 humo.

179 809 314 871 Tertius:

153 933 166 972 a
307 911 429 990 Regna
453 911 558 973 beata
582 912 657 992 poli
679 914 734 973 sic
756 913 825 973 iam
848 930 940 992 quae
963 913 1146 973 scandere
1168 932 1253 992 spes
1276 923 1341 973 est.

139 1021 145 1033 ·
179 1012 322 1084 Quartus:

306 1115 419 1176 Cuius
441 1132 541 1174 amor
564 1123 725 1185 maneat,
749 1118 855 1177 cuius
877 1118 913 1176 in
936 1114 1050 1176 corde
1073 1135 1139 1195 per
1162 1134 1301 1176 aeuum.

178 1215 234 1278 llic
256 1215 487 1295 reprehenditur
510 1217 688 1287 Donatus,
718 1235 809 1295 qnare
832 1235 892 1277 nou
915 1216 1041 1286 addidit,
1073 1217 1195 1279 breuem
1219 1215 1360 1297 syllabam
1385 1219 1474 1278 etiam

176 1319 209 1378 in
231 1315 364 1379 uocalern
387 1316 539 1386 desinere,
563 1336 630 1378 cum
652 1317 829 1398 plerumque
852 1320 1014 1387 inuenitur,
1037 1324 1083 1378 ut:

141 1441 165 1479 ro
584 1422 689 1481 Arma
712 1422 909 1497 uirumque
932 1437 1032 1480 cano.

178 1519 322 1592 Quintus:

330 1621 504 1691 Sanctae,
528 1642 546 1682 o
568 1624 734 1693 iuuenis,
759 1621 830 1683 tibi
852 1624 902 1683 sit
923 1622 1137 1700 sapientiae
1160 1622 1284 1683 ardor.

178 1722 236 1784 Sed
263 1724 320 1784 iste
347 1722 451 1784 modus
477 1725 609 1802 antiquis
637 1723 692 1783 luit
720 1725 751 1783 iu
780 1742 847 1793 usu,
882 1741 937 1784 nos
965 1741 1038 1783 uero
1066 1725 1185 1803 penitus
1208 1722 1244 1784 ab
1268 1743 1302 1784 eo
1325 1742 1472 1785 caremus.

179 1822 238 1884 Sed
260 1824 359 1904 potius
382 1827 412 1884 in
436 1842 494 1886 una
515 1832 601 1903 parte
623 1827 722 1904 posuit
746 1823 941 1903 Virgilius,
965 1833 1011 1885 ut:

139 1944 165 1984 rs
583 1925 796 1987 Sudibusue
820 1926 1023 2006 praeustis.

178 2024 302 2088 Sextus:

329 2126 467 2207 Sophia
491 2137 576 2188 nota
599 2133 682 2187 tuae
706 2129 818 2188 menti
841 2136 877 2187 et
898 2145 998 2188 mens
1021 2136 1107 2189 nota
1130 2129 1296 2208 sophiae.

176 2227 340 2309 Septimus:

329 2331 392 2391 Est
413 2330 525 2392 decus
547 2329 614 2391 hoc
636 2331 797 2400 animae,
821 2332 942 2392 uirtus
965 2331 1032 2391 lroc
1048 2340 1089 2392 -et
1110 2330 1277 2411 inclytus
1300 2333 1400 2394 ordo.

137 2430 256 2492 sollaec
283 2435 459 2511 pronomina
483 2430 644 2510 aliquando
667 2432 883 2511 producuntur,
909 2433 994 2512 quia,
1017 2432 1095 2511 quod
1119 2451 1175 2493 nos
1196 2432 1323 2495 dicimus
1346 2433 1419 2494 ‘bic’
1443 2442 1472 2495 et

157 2532 287 2594 .‘haec’
308 2541 338 2594 et
359 2533 461 2603 ‘hoc',
493 2534 582 2612 prisci
604 2541 742 2595 auctores
764 2533 861 2595 ‘hicce
885 2534 994 2595 haecce
1016 2533 1122 2595 hocce’
1144 2533 1345 2614 prolerebant.
1390 2536 1473 2596 licet

176 2652 249 2714 ergo
263 2635 322 2694 ‘ce'
345 2633 456 2713 syllaba
478 2633 575 2695 ablata
598 2643 657 2704 est,
681 2637 764 2711 quasi
786 2637 934 2714 positione
957 2645 1094 2697 manente
1110 2635 1146 2695 ad
1162 2634 1344 2697 uoluntatem
1366 2644 1471 2716 poetae

175 2734 352 2816 plerumque
373 2735 589 2817 producuntur.
634 2735 776 2797 Octauus:

329 2836 488 2899 Condito
510 2855 598 2916 gazo
620 2836 712 2916 poli,
737 2856 869 2900 saccos
891 2845 1048 2898 uacuate
1070 2855 1251 2915 gazarum.

137 2938 246 3000 selden
267 2937 412 3019 ‘duplex'
437 2937 553 3009 dicitur,
584 2940 739 3018 quoniam,
763 2945 921 3018 antequam
946 2937 1048 2999 luisset
1071 2940 1206 3007 inuenta,
1235 2956 1291 3017 pro
1320 2940 1382 3019 ipsa
1410 2939 1623 3012 dunecanum

175 3040 267 3118 sigma
289 3037 476 3110 scribebant,
500 3048 532 3100 ut
554 3039 772 3111 ‘Ssacharias',
795 3039 873 3120 quod
897 3057 952 3099 nos
975 3038 1100 3099 dicimus
1131 3040 1321 3102 ‘Zacharias'.
1344 3075 1386 3086 -
1409 3042 1471 3104 lloc

173 3140 264 3204 distat
286 3142 362 3202 inter
378 3141 541 3202 ‘desinere'
558 3151 586 3202 et
601 3143 794 3221 ‘suscipere':
819 3139 832 3223 ll
849 3137 911 3200 203
928 3137 941 3221 ll
966 3140 1128 3202 ‘desinere'
1151 3149 1198 3229 est
1219 3144 1295 3203 iutra
1318 3141 1469 3224 syllabam,
1489 3127 1621 3220 ‘iplffl

174 3248 209 3304 ut
229 3248 288 3313 ast,
312 3244 490 3322 ‘suscipere’
514 3261 586 3302 uero
609 3241 646 3302 ab
668 3241 759 3303 altera
783 3240 909 3323 syllaba,
938 3250 969 3301 ut
991 3260 1072 3303 arma
1095 3260 1173 3320 gaza.
1219 3242 1321 3304 Nonus
1343 3264 1416 3306 uero
1440 3248 1469 3306 in

175 3342 353 3422 quibusdam
376 3342 508 3405 bonati
530 3340 681 3405 codicibus
703 3345 864 3413 inuenitur,
887 3344 918 3403 in
941 3341 1006 3404 aliis
1028 3349 1211 3404 autemnon.
1249 3344 1332 3405 Vnde
1346 3352 1470 3425 putatur

136 3467 163 3509 so
178 3461 238 3505 non
260 3443 298 3504 ab
320 3463 356 3504 eo
379 3444 475 3506 editus
496 3445 597 3506 luisse.
641 3445 763 3506 Constat
785 3453 883 3506 autem
900 3464 935 3505 ex
952 3451 1090 3524 quattuor
1112 3445 1384 3524 praepositionibus
1407 3446 1468 3506 ‘ad'

174 3543 205 3607 et
220 3544 296 3615 ‘ob’,
311 3545 366 3605 ‘iu’
385 3554 414 3605 et
428 3544 519 3615 ‘sub',
536 3563 610 3623 quae
627 3549 710 3608 uarie
725 3554 877 3626 ponuntur
893 3548 923 3605 in
940 3553 1045 3608 metro.
1076 3546 1148 3607 Cum
1173 3548 1250 3606 enim
1267 3545 1468 3624 monosyllaba

174 3647 304 3708 dictione
333 3657 478 3727 perpetuo
505 3655 575 3707 sunt
602 3647 723 3718 breues,
755 3658 786 3708 ut
808 3656 853 3708 est
876 3646 953 3707 ‘adit
975 3647 1064 3721 obit',
1088 3666 1155 3708 cum
1179 3645 1328 3725 trisyllaba
1351 3666 1470 3727 semper

174 3747 390 3827 producuntur,
415 3756 447 3808 ut
469 3747 607 3816 ‘adicio’,
642 3767 709 3809 cum
738 3747 877 3827 disyllaba
906 3765 979 3807 uero
1006 3748 1209 3809 indifferenter
1238 3756 1321 3817 sunt,
1357 3746 1470 3809 scilicet

173 3848 280 3927 longae
304 3848 352 3910 ttel
375 3848 497 3918 breues,
527 3848 564 3909 de
586 3868 644 3928 que
667 3850 880 3929 compositione
903 3850 1057 3927 perlinitur
1080 3849 1185 3910 modus
1208 3852 1279 3917 iste,
1310 3857 1342 3908 ut
1365 3848 1469 3909 ‘adicit

135 3949 290 4013 euobicit’.
335 3948 459 4025 Longa
483 3947 625 4028 syllaba
653 3949 723 4012 duo
752 3958 936 4028 tempora,
960 3951 980 4007 i·
1002 3951 1111 4028 spatia;
1135 3948 1258 4020 habet,
1281 3950 1301 4008 i·
1325 3949 1465 4029 possidet.
1481 3974 1623 4025 perennc

156 4043 310 4130 ¹«llr‘eois
338 4069 461 4118 unum,
490 4053 568 4110 iuxta
592 4055 746 4113 metricam
769 4053 914 4110 rationem
938 4057 1071 4129 tempora
1095 4050 1210 4118 debuit,
1240 4048 1362 4110 breuem
1386 4050 1468 4111 uide-

173 4151 244 4213 licet
266 4150 407 4230 syllabam
431 4169 488 4211 non
513 4152 653 4232 amplius,
682 4170 770 4233 quam
793 4170 898 4226 uuum,
929 4162 959 4210 et
981 4151 1114 4229 longam,
1145 4167 1231 4227 quam
1260 4152 1319 4211 duo
1348 4150 1468 4221 habere,

174 4271 212 4315 ue
240 4260 364 4334 propter
391 4253 499 4314 multas
525 4256 685 4315 uarietates
719 4253 841 4313 metrica
870 4270 918 4312 ars
946 4252 1189 4313 contunderetur.
1240 4251 1312 4312 lVam
1341 4253 1366 4312 si
1394 4253 1469 4312 ratio

245 4526 259 4574 1
279 4522 432 4590 tractosque]
456 4525 533 4589 Verp.
554 4525 617 4574 Aen.
637 4523 688 4572 III
707 4527 757 4573 ⁶47
824 4525 840 4572 3
859 4519 918 4587 Vir]
937 4523 984 4570 Vir
1002 4521 1106 4571 humilis
1125 4532 1224 4571 moesto
1243 4523 1355 4572 deiectus
1374 4521 1469 4570 lumine

175 4602 267 4642 terrem
285 4591 361 4643 Beda
378 4610 406 4657 p.
425 4594 496 4642 2553
513 4593 545 4640 P.
614 4593 738 4656 oregina
807 4605 838 4638 ue
908 4593 939 4639 10
957 4587 1039 4654 arura]
1063 4589 1141 4654 Verp.
1161 4592 1227 4639 Aen.
1248 4589 1297 4640 11
1360 4592 1390 4638 12
1409 4588 1465 4638 stne

175 4661 208 4710 tt
224 4658 360 4726 Virgilius]
379 4662 446 4711 Aen.
464 4659 522 4708 VII
540 4661 591 4708 524
644 4606 803 4723 t'lSoplria]
826 4657 1119 4721 Cfisuprap.174,t
1189 4659 1221 4706 21
1241 4657 1303 4706 haec
1321 4657 1369 4707 boc
1436 4657 1469 4706 26

173 4777 226 4829 duo
243 4743 336 4830 simine
403 4780 436 4830 32
454 4777 599 4842 trissyllaba
667 4781 700 4829 33
718 4774 856 4841 dissyllaba

1213 4829 1262 4911 ro*
