3420 5378
221 273 264 340 90
731 256 799 327 aas
817 275 991 327 auourraa

222 466 341 524 nomina
358 465 471 543 primae
488 464 696 525 declinationis
711 461 873 525 masculina
897 470 926 524 et
941 463 1082 525 feminina
1106 465 1136 523 in
1152 482 1168 525 a
1184 461 1361 532 desinentia,
1384 469 1418 523 ut
1433 470 1516 541 poeta

221 575 326 645 poetae
354 574 488 646 poetam,
517 570 561 627 sic
583 568 692 627 iustitia
721 567 852 627 iustitiae
874 566 1015 626 iustitiam
1039 574 1068 625 et
1090 565 1216 644 reliqua·
1261 562 1324 625 lllla
1348 571 1514 644 tetraptota,

220 666 318 747 qualia
347 676 417 729 suut
439 669 537 729 onmia
564 670 595 730 in
617 687 633 729 r
655 667 819 729 desinentia
848 666 998 729 secundae
1020 665 1239 737 declinationis,
1268 673 1303 728 ut
1328 684 1406 746 puer
1434 667 1516 745 pueri

219 788 315 849 puero
338 788 474 848 puerum,
498 779 527 832 et
549 771 646 832 omnia
669 777 774 830 neutra
798 771 827 829 in
850 787 888 830 en
911 768 1074 830 desinentia
1102 771 1210 830 tertiae
1233 767 1458 835 declinationis,
1486 777 1516 828 ut

221 890 329 933 nomen
352 873 481 933 nominis
504 873 615 933 nornini
638 873 767 941 nomine,
785 879 814 932 et
830 873 949 933 nomina
972 878 1096 951 quartae
1119 878 1149 931 et
1171 872 1289 950 quinne
1312 868 1549 931 declinationlss.

222 980 380 1052 tetraptota
403 981 481 1048 sunt,
505 981 537 1034 ut
558 992 663 1035 uranus
685 975 785 1035 manui
808 991 928 1033 manum
951 990 1054 1040 uranu;
1078 974 1122 1033 sie
1144 972 1210 1034 dies
1233 971 1293 1033 diei
1315 971 1395 1034 diem
1418 971 1468 1032 die
1488 981 1516 1032 et

221 1073 343 1154 reliqua.
374 1073 435 1136 Alia
452 1083 632 1155 pentaptota,
649 1076 746 1154 qualia
763 1084 832 1135 sunt
848 1075 945 1135 onmia
963 1072 1123 1135 masculina
1147 1073 1193 1135 uel
1209 1073 1355 1136 leminlna
1370 1072 1517 1135 secundae

221 1176 427 1238 declinationis
442 1179 472 1238 in
489 1195 524 1239 us
547 1178 745 1246 terminantia,
769 1184 801 1236 ut
822 1176 926 1237 doetus
949 1175 1027 1236 docti
1050 1175 1137 1236 docto
1160 1175 1278 1236 doctum
1301 1175 1401 1245 docte,
1426 1174 1515 1253 Virgi-

220 1278 277 1339 lius
301 1279 412 1357 Virgilii
436 1277 556 1358 Virgilio
579 1277 734 1357 Virgilium
752 1277 864 1357 Virgill,
888 1286 918 1338 et
940 1277 1059 1338 nomina
1082 1279 1187 1338 tertiae
1211 1277 1421 1339 declinationis
1443 1294 1516 1338 mas·

221 1381 319 1441 culina
347 1379 395 1440 uel
425 1380 565 1441 feminina
593 1387 764 1460 pentaptota
793 1386 875 1448 sunt,
905 1381 961 1439 nisi
983 1387 1104 1450 neutra,
1134 1397 1208 1459 quae
1231 1380 1354 1459 triptota
1378 1387 1451 1439 sunt
1471 1377 1548 1440 neto

220 1489 386 1562 tetraptota.
432 1482 593 1562 Hexaptota
616 1490 698 1552 sunt,
729 1499 804 1561 quae
828 1499 879 1541 sex
902 1480 1037 1542 diuersos
1058 1498 1145 1542 casus
1166 1480 1290 1556 babent,
1321 1480 1423 1560 qualia
1450 1487 1519 1541 sunt

220 1583 383 1646 masculina
406 1586 437 1644 in
454 1603 488 1645 us
510 1584 684 1653 desinentia,
708 1601 783 1661 quae
799 1582 963 1644 secundum
986 1580 1213 1644 declinationem
1237 1581 1427 1661 quorundam
1450 1600 1516 1662 pro·

221 1689 371 1747 nominum
400 1687 500 1746 inlus
528 1685 655 1747 ellerunt
676 1686 863 1763 genetiuum:
894 1700 969 1745 unus
998 1687 1087 1745 unius
1113 1684 1279 1745 unionum
1307 1702 1366 1745 une
1388 1683 1428 1746 ab
1450 1701 1515 1746 uno.

221 1787 388 1849 Plautus:
413 1787 567 1849 Oamice
591 1806 632 1848 ex
656 1786 781 1848 multis
804 1786 892 1846 milri
914 1804 983 1847 une
1005 1785 1192 1866 Cephalio.
1224 1785 1389 1847 Ticidas:
1413 1784 1516 1847 Felix

221 1888 357 1952 lectule
386 1888 526 1952 talibus
549 1888 626 1951 sole
649 1887 838 1951 amoribus
854 1930 962 1948 .....
978 1886 1221 1967 uthiclupplter
1242 1885 1429 1950 huiuslouis
1449 1886 1548 1948 boica

220 1991 282 2052 loui
305 1992 385 2052 hunc
408 1991 508 2052 louem
532 2011 549 2052 o
572 1991 704 2072 luppiter
727 1990 763 2052 ab
784 1994 842 2052 boc
856 1989 937 2051 loue.
982 1989 1054 2050 ltem
1070 1988 1119 2050 bie
1134 1989 1283 2069 Diespiter
1297 1987 1390 2049 buius
1405 1987 1519 2049 [ilionis

219 2101 250 2154 et
278 2092 410 2170 reliqua;
440 2095 483 2153 sic
510 2093 584 2153 llaec
612 2092 759 2161 blinerua,
789 2092 877 2153 buius
900 2089 1042 2160 Palladio
1070 2091 1118 2152 hic
1145 2090 1250 2171 Apollo
1277 2090 1369 2152 huius
1396 2086 1517 2151 Phoebi

219 2196 353 2274 Triptota
377 2195 496 2255 nomina
519 2193 596 2255 diota
620 2213 670 2263 eo,
699 2194 778 2274 quod
806 2195 836 2254 in
859 2192 954 2254 tribus
983 2191 1102 2254 casibus
1124 2193 1335 2262 inueniuntur,
1366 2199 1398 2252 ut
1422 2193 1517 2252 estin

220 2295 357 2357 omnibus
385 2296 498 2355 neutris
527 2293 697 2356 nominibus
731 2313 781 2355 um
816 2296 995 2365 terminatis,
1032 2302 1064 2354 ut
1091 2293 1235 2374 templum
1268 2291 1374 2372 templi
1409 2290 1518 2373 templo

221 2398 362 2477 templum
378 2416 394 2457 a
411 2395 529 2475 templo.
561 2396 615 2456 llic
631 2399 711 2458 enirn
727 2405 789 2456 tres
805 2404 872 2457 sunt
895 2398 1125 2463 terminationes,
1150 2395 1290 2456 uidelicet
1311 2397 1342 2456 ln
1367 2413 1430 2462 um,
1453 2397 1485 2456 in
1498 2396 1548 2465 io

219 2503 249 2560 in
273 2520 300 2560 o.
338 2500 509 2578 Tetraptota
526 2500 644 2559 nomina
667 2497 734 2558 ideo
750 2498 899 2566 dicuntur,
923 2497 1051 2576 eoquod
1075 2500 1104 2557 iu
1128 2504 1267 2577 quattuor
1290 2496 1410 2558 casibus
1431 2496 1518 2558 deeli-

221 2612 336 2673 nantur‚
350 2602 407 2662 lroc
423 2609 468 2662 est
483 2609 623 2681 quattuor
639 2599 896 2661 terminationibus
910 2601 941 2660 in
957 2619 1004 2669 eu,
1016 2603 1047 2660 io
1057 2603 1091 2667 is,
1105 2601 1134 2659 in
1148 2601 1167 2669 i,
1181 2601 1210 2660 in
1225 2618 1250 2668 e,
1265 2606 1298 2660 ut
1309 2597 1368 2660 boc
1382 2599 1517 2679 fragmen

218 2705 373 2782 fragminis
395 2704 534 2781 fragmini
557 2702 690 2781 lragmen
706 2720 722 2761 a
738 2701 894 2780 fragmine.
939 2702 1112 2781 Pentaptota
1134 2702 1254 2762 nomina
1276 2700 1345 2763 ideo
1369 2699 1517 2770 dicuutur,

219 2826 254 2866 eo
272 2805 349 2883 (prod
365 2807 395 2865 in
411 2806 543 2884 quinque
559 2804 686 2874 casibus,
709 2803 766 2865 hoc
783 2813 827 2865 eat
841 2803 1100 2865 terminationibus
1115 2804 1277 2871 uariantur,
1292 2801 1352 2864 hoo
1368 2811 1415 2866 est
1428 2805 1462 2866 iu
1476 2821 1517 2872 us,

219 2910 248 2968 in
264 2910 282 2980 i,
306 2909 337 2967 iu
353 2925 380 2975 o,
402 2907 433 2966 iu
457 2925 515 2975 um,
539 2909 570 2967 iu
594 2926 620 2976 e,
643 2914 676 2967 ut
697 2905 802 2968 doetus
823 2905 900 2967 docti
923 2905 1010 2966 docto
1033 2904 1152 2966 doctum
1176 2903 1263 2964 docte
1285 2923 1301 2965 a
1323 2904 1424 2967 docto.
1463 2906 1548 2967 lle-²⁵

219 3017 335 3087 xaptota
359 3008 476 3067 nomina
493 3007 570 3068 dicta
593 3026 639 3078 ro,
663 3009 741 3089 ‹puod
757 3027 812 3087 per
827 3025 879 3069 sen
895 3026 994 3076 casus,
1018 3006 1075 3067 hoc
1092 3014 1136 3067 est
1156 3023 1210 3083 per
1225 3023 1275 3066 seu
1293 3009 1519 3069 terminationes

220 3110 381 3168 uarietates
397 3106 520 3178 habent,
545 3108 624 3170 idest
645 3113 674 3170 in
699 3128 743 3177 us,
766 3111 796 3171 in
812 3111 867 3180 ius,
884 3113 914 3170 in
930 3111 949 3177 i,
965 3111 996 3168 in
1013 3126 1071 3176 um,
1088 3110 1120 3169 in
1136 3126 1161 3177 e,
1178 3109 1208 3168 in
1225 3128 1251 3178 o,
1274 3116 1306 3168 ut
1332 3126 1412 3170 unus
1435 3111 1520 3171 unius

220 3212 271 3270 uni
293 3229 384 3271 uuum
401 3207 412 3290 ΙΙ
429 3209 448 3269 1.
465 3207 527 3272 93¹³
544 3208 556 3292 ΙΙ
573 3230 630 3272 une
653 3210 690 3271 ab
709 3229 778 3279 uno,
801 3214 846 3272 sic
867 3209 949 3272 solus
971 3209 1063 3272 solius
1085 3207 1141 3271 soli
1164 3209 1259 3271 solum
1283 3209 1347 3272 sole
1370 3230 1388 3273 a
1409 3210 1485 3274 solo.

303 3311 521 3374 Declinationes
543 3313 696 3374 nominum
722 3320 796 3393 quot
817 3314 903 3372 suntl
939 3312 1085 3392 Quinque.
1131 3312 1230 3382 Ouae‘t
1266 3313 1368 3374 Prima
1389 3312 1517 3375 secunda

220 3415 306 3476 tertia
326 3421 431 3493 quarta
453 3417 564 3494 quiinta.
599 3413 671 3475 lnde
694 3415 912 3475 Priscianus
933 3413 1017 3474 dicit:
1044 3413 1170 3474 Omnia
1193 3416 1359 3484 nomina,
1381 3415 1548 3496 quibus»

219 3516 352 3577 Latina
376 3514 741 3596 utitureloquentia,
766 3504 1516 3595 quinquedeclinationibusflectuntur.

220 3616 466 3694 interrogandum
483 3626 528 3678 est
542 3625 649 3688 autern,
674 3618 742 3698 quid
758 3617 894 3678 ordinem
919 3624 948 3677 et
963 3634 1119 3679 numerum
1135 3616 1390 3680 declinationibus
1406 3617 1515 3680 tribuit.

220 3719 299 3779 ldest
316 3716 443 3786 uocales,
460 3718 774 3781 undePrisciauus
797 3718 884 3779 dicit:
909 3736 1005 3795 quae
1029 3718 1198 3781 ordinem
1222 3729 1455 3800 acceperuut
1475 3718 1515 3781 ab

219 3821 350 3882 ordine
373 3817 564 3882 nor-alium
587 3822 830 3883 lormantium
853 3823 1063 3898 genetiuos.
1100 3819 1169 3881 ldeo
1186 3822 1264 3881 enim
1280 3820 1516 3901 quinquedeeli·

220 3926 355 3985 natlones
377 3932 459 3990 sunt,
490 3924 557 4001 quia
579 3924 711 4002 quinque
734 3930 802 3984 sunt
825 3923 956 3991 uocales,
986 3942 1001 3982 a
1025 3921 1133 3999 quibus
1160 3922 1296 3983 ordinem
1325 3930 1546 4015 acceperunttt

221 4130 258 4136 ——
267 4128 446 4135 ——--..—

289 4146 403 4208 lprima
472 4143 826 4192 ‘lirrstleia-eie-ciam
895 4153 1032 4208 tetraptota
1119 4142 1263 4194 3seormdn
1281 4140 1351 4191 decli
1369 4158 1435 4207 puer
1501 4148 1516 4194 b

219 4225 309 4273 ‹prrrrrte
327 4224 350 4260 et
368 4213 392 4259 in
412 4209 585 4273 qnirrtndeoli
655 4214 792 4261 Sutonte
810 4211 900 4260 doctus
919 4227 966 4261 orn.
1037 4213 1143 4260 brueria
1224 4212 1256 4260 10
1275 4210 1314 4259 uel
1335 4211 1461 4260 lemiuina
1479 4211 1515 4259 uel

219 4282 339 4329 l'emiuiua
411 4281 440 4327 11
461 4289 582 4341 exaptota
634 4278 743 4328 diuersis
762 4294 853 4327 causas
906 4279 975 4340 quali
1045 4282 1077 4330 13
1091 4278 1195 4327 ellerunt
1230 4293 1296 4327 uuae
1351 4281 1383 4328 14
1401 4275 1513 4345 pleuros]

218 4347 559 4412 rf.Prise.Ip.188‚26
627 4346 758 4412 eaeplralio
778 4346 921 4410 Ateigilitas
940 4347 1000 4395 lelix
1105 4349 1136 4396 15
1153 4343 1296 4410 amoribus]
1325 4347 1387 4397 Post
1406 4348 1515 4398 baccea

179 4454 182 4458 -
217 4418 355 4466 inserendo
372 4421 438 4476 siant,
457 4431 521 4479 queue
540 4416 611 4478 opud
629 4414 787 4464 Prisc-ionum
804 4432 829 4478 p.
852 4416 908 4473 139,
928 4419 944 4463 5
961 4418 1092 4477 leguntur:
1112 4414 1176 4463 Sunt
1193 4415 1250 4472 arlia,
1270 4430 1382 4476 quorum
1402 4416 1515 4466 inomina-

219 4485 285 4533 tiuus
305 4484 408 4545 quidem
427 4482 451 4530 in
472 4498 520 4530 usu
540 4498 589 4530 non
603 4494 649 4540 est,
670 4483 764 4544 obliqui
783 4495 866 4532 aunem
886 4494 954 4544 sarrit,
974 4493 1001 4530 ut
1019 4483 1088 4531 louis
1108 4497 1153 4533 erc.
1207 4485 1238 4530 16
1256 4484 1360 4547 iupiter,
1379 4483 1418 4533 bie
1469 4483 1515 4533 boo

219 4569 265 4602 om.
302 4552 433 4616 deospites
453 4549 528 4598 lmius
547 4550 665 4613 deogiuis
718 4554 749 4600 17
768 4549 881 4615 pallaeus
917 4549 993 4614 pltebi
1045 4553 1078 4600 20
1097 4551 1168 4599 uides
1187 4551 1211 4598 in
1233 4566 1273 4598 nru
1332 4553 1366 4600 22
1386 4552 1513 4602 irrisore.

251 4621 416 4670 iromoueie.
485 4621 516 4667 ‘24
536 4618 684 4667 lrocluius
753 4621 785 4668 ‘25
804 4630 923 4684 exceptum
992 4619 1139 4667 {iliensibus
1185 4620 1294 4667 ararietas
1348 4619 1449 4669 rusori
1468 4618 1513 4668 suli

219 4690 301 4737 oolurn
349 4687 430 4736 usole
481 4687 594 4748 ‘lliqnod
647 4685 849 4751 suprimimus]
871 4687 1017 4737 Denemiae
1035 4687 1183 4751 pronorrriae
1200 4695 1225 4737 et
1243 4687 1321 4737 uerbo
1338 4684 1512 4752 planat.

219 4759 249 4806 31
268 4756 339 4805 latini
409 4759 442 4806 33
459 4752 617 4818 Priscianus]
636 4758 653 4807 l,
672 4757 687 4804 l.
705 4771 731 4817 p.
752 4757 818 4816 lta,
838 4758 854 4803 d
