<?xml version="1.0" encoding="UTF-8"?>
<!DOCTYPE html PUBLIC "-//W3C//DTD XHTML 1.0 Transitional//EN"
    "http://www.w3.org/TR/xhtml1/DTD/xhtml1-transitional.dtd">
<html xmlns="http://www.w3.org/1999/xhtml" xml:lang="en" lang="en">
 <head>
  <title>
</title>
<meta http-equiv="Content-Type" content="text/html;charset=utf-8" />
  <meta name='ocr-system' content='tesseract 3.04.00' />
  <meta name='ocr-capabilities' content='ocr_page ocr_carea ocr_par ocr_line ocrx_word'/>
</head>
<body>
  <div class='ocr_page' id='page_1' title='image "./grammaticilatin04keilgoog/grammaticilatin04keilgoog_0027.png"; bbox 0 0 3420 5378; ppageno 0'>
   <div class='ocr_carea' id='block_1_1' title="bbox 205 207 1078 275">
    <p class='ocr_par' dir='ltr' id='par_1_1' title="bbox 205 207 1078 275">
     <span class='ocr_line' id='line_1_1' title="bbox 205 207 1078 275; baseline -0.01 -8"><span class='ocrx_word' id='word_1_1' title='bbox 205 228 291 275; x_wconf 79' lang='lat' dir='ltr'><strong>xm</strong></span> <span class='ocrx_word' id='word_1_2' title='bbox 615 209 662 259; x_wconf 78' lang='lat' dir='ltr'><strong>Dii</strong></span> <span class='ocrx_word' id='word_1_3' title='bbox 682 208 803 261; x_wconf 75' lang='lat' dir='ltr'><strong>Lusius</strong></span> <span class='ocrx_word' id='word_1_4' title='bbox 820 207 1078 261; x_wconf 75' lang='lat' dir='ltr'><strong>Bussumusmvs.</strong></span> 
     </span>
    </p>
   </div>
   <div class='ocr_carea' id='block_1_2' title="bbox 203 398 1511 903">
    <p class='ocr_par' dir='ltr' id='par_1_2' title="bbox 203 398 1511 903">
     <span class='ocr_line' id='line_1_2' title="bbox 204 398 1509 478; baseline -0.002 -17"><span class='ocrx_word' id='word_1_5' title='bbox 204 403 288 462; x_wconf 78' lang='lat' dir='ltr'><strong>scribi</strong></span> <span class='ocrx_word' id='word_1_6' title='bbox 317 411 425 478; x_wconf 87' lang='lat' dir='ltr'><strong>potest,</strong></span> <span class='ocrx_word' id='word_1_7' title='bbox 459 399 611 460; x_wconf 87' lang='lat' dir='ltr'><strong>inlitterata</strong></span> <span class='ocrx_word' id='word_1_8' title='bbox 638 408 696 475; x_wconf 84' lang='lat' dir='ltr'><strong>est,</strong></span> <span class='ocrx_word' id='word_1_9' title='bbox 730 417 800 476; x_wconf 91' lang='lat' dir='ltr'><strong>quae</strong></span> <span class='ocrx_word' id='word_1_10' title='bbox 828 399 912 458; x_wconf 84' lang='lat' dir='ltr'><strong>scribi</strong></span> <span class='ocrx_word' id='word_1_11' title='bbox 940 415 994 456; x_wconf 91' lang='lat' dir='ltr'><strong>non</strong></span> <span class='ocrx_word' id='word_1_12' title='bbox 1021 407 1124 475; x_wconf 77' lang='lat' dir='ltr'><strong>potest.</strong></span> <span class='ocrx_word' id='word_1_13' title='bbox 1172 398 1361 468; x_wconf 79' lang='lat' dir='ltr'><strong>Quaerendum</strong></span> <span class='ocrx_word' id='word_1_14' title='bbox 1388 410 1451 471; x_wconf 89' lang='lat' dir='ltr'><strong>est,</strong></span> <span class='ocrx_word' id='word_1_15' title='bbox 1483 403 1509 459; x_wconf 86' lang='lat' dir='ltr'><strong>si</strong></span> 
     </span>
     <span class='ocr_line' id='line_1_3' title="bbox 204 483 1511 563; baseline -0.001 -18"><span class='ocrx_word' id='word_1_16' title='bbox 204 496 300 563; x_wconf 86' lang='lat' dir='ltr'><strong>potest</strong></span> <span class='ocrx_word' id='word_1_17' title='bbox 322 487 439 545; x_wconf 78' lang='lat' dir='ltr'><strong>inueniri</strong></span> <span class='ocrx_word' id='word_1_18' title='bbox 461 485 526 561; x_wconf 73' lang='lat' dir='ltr'><strong>(rc)</strong></span> <span class='ocrx_word' id='word_1_19' title='bbox 548 503 601 544; x_wconf 82' lang='lat' dir='ltr'><strong>uox</strong></span> <span class='ocrx_word' id='word_1_20' title='bbox 623 486 759 557; x_wconf 89' lang='lat' dir='ltr'><strong>litterata,</strong></span> <span class='ocrx_word' id='word_1_21' title='bbox 787 502 856 559; x_wconf 87' lang='lat' dir='ltr'><strong>qnae</strong></span> <span class='ocrx_word' id='word_1_22' title='bbox 879 484 1015 543; x_wconf 76' lang='lat' dir='ltr'><strong>scribatur</strong></span> <span class='ocrx_word' id='word_1_23' title='bbox 1037 493 1064 541; x_wconf 90' lang='lat' dir='ltr'><strong>et</strong></span> <span class='ocrx_word' id='word_1_24' title='bbox 1086 500 1140 542; x_wconf 91' lang='lat' dir='ltr'><strong>nou</strong></span> <span class='ocrx_word' id='word_1_25' title='bbox 1162 483 1348 560; x_wconf 70' lang='lat' dir='ltr'><strong>intellegatur.</strong></span> <span class='ocrx_word' id='word_1_26' title='bbox 1392 484 1511 559; x_wconf 81' lang='lat' dir='ltr'><strong>Potest,</strong></span> 
     </span>
     <span class='ocr_line' id='line_1_4' title="bbox 205 568 1510 644; baseline -0.001 -15"><span class='ocrx_word' id='word_1_27' title='bbox 205 581 235 629; x_wconf 92' lang='lat' dir='ltr'><strong>ut</strong></span> <span class='ocrx_word' id='word_1_28' title='bbox 265 589 362 643; x_wconf 80' lang='lat' dir='ltr'><strong>crosa,</strong></span> <span class='ocrx_word' id='word_1_29' title='bbox 390 589 458 629; x_wconf 87' lang='lat' dir='ltr'><strong>scra.</strong></span> <span class='ocrx_word' id='word_1_30' title='bbox 502 571 535 628; x_wconf 87' lang='lat' dir='ltr'><strong>Et</strong></span> <span class='ocrx_word' id='word_1_31' title='bbox 562 573 661 629; x_wconf 88' lang='lat' dir='ltr'><strong>iterum</strong></span> <span class='ocrx_word' id='word_1_32' title='bbox 690 571 873 644; x_wconf 83' lang='lat' dir='ltr'><strong>quaerendum</strong></span> <span class='ocrx_word' id='word_1_33' title='bbox 902 578 961 642; x_wconf 84' lang='lat' dir='ltr'><strong>ost,</strong></span> <span class='ocrx_word' id='word_1_34' title='bbox 989 570 1013 625; x_wconf 87' lang='lat' dir='ltr'><strong>si</strong></span> <span class='ocrx_word' id='word_1_35' title='bbox 1042 572 1131 643; x_wconf 86' lang='lat' dir='ltr'><strong>possit</strong></span> <span class='ocrx_word' id='word_1_36' title='bbox 1158 571 1274 627; x_wconf 88' lang='lat' dir='ltr'><strong>inueniri</strong></span> <span class='ocrx_word' id='word_1_37' title='bbox 1298 568 1362 642; x_wconf 72' lang='lat' dir='ltr'><strong>(rc)</strong></span> <span class='ocrx_word' id='word_1_38' title='bbox 1384 587 1437 627; x_wconf 83' lang='lat' dir='ltr'><strong>uox</strong></span> <span class='ocrx_word' id='word_1_39' title='bbox 1464 573 1510 628; x_wconf 90' lang='lat' dir='ltr'><strong>in·</strong></span> 
     </span>
     <span class='ocr_line' id='line_1_5' title="bbox 207 653 1510 732; baseline 0.002 -20"><span class='ocrx_word' id='word_1_40' title='bbox 207 657 345 728; x_wconf 85' lang='lat' dir='ltr'><strong>litterata,</strong></span> <span class='ocrx_word' id='word_1_41' title='bbox 379 673 448 732; x_wconf 92' lang='lat' dir='ltr'><strong>quae</strong></span> <span class='ocrx_word' id='word_1_42' title='bbox 476 673 531 713; x_wconf 91' lang='lat' dir='ltr'><strong>non</strong></span> <span class='ocrx_word' id='word_1_43' title='bbox 559 655 695 714; x_wconf 79' lang='lat' dir='ltr'><strong>scribatur</strong></span> <span class='ocrx_word' id='word_1_44' title='bbox 722 663 749 710; x_wconf 92' lang='lat' dir='ltr'><strong>et</strong></span> <span class='ocrx_word' id='word_1_45' title='bbox 778 664 865 712; x_wconf 84' lang='lat' dir='ltr'><strong>tamen</strong></span> <span class='ocrx_word' id='word_1_46' title='bbox 895 654 1082 729; x_wconf 78' lang='lat' dir='ltr'><strong>intellegatur:</strong></span> <span class='ocrx_word' id='word_1_47' title='bbox 1116 662 1146 710; x_wconf 92' lang='lat' dir='ltr'><strong>ut</strong></span> <span class='ocrx_word' id='word_1_48' title='bbox 1174 653 1271 714; x_wconf 84' lang='lat' dir='ltr'><strong>sibilus</strong></span> <span class='ocrx_word' id='word_1_49' title='bbox 1305 655 1443 712; x_wconf 89' lang='lat' dir='ltr'><strong>bominum</strong></span> <span class='ocrx_word' id='word_1_50' title='bbox 1477 665 1510 714; x_wconf 90' lang='lat' dir='ltr'><strong>et</strong></span> 
     </span>
     <span class='ocr_line' id='line_1_6' title="bbox 203 737 1509 816; baseline -0.001 -17"><span class='ocrx_word' id='word_1_51' title='bbox 203 743 321 815; x_wconf 84' lang='lat' dir='ltr'><strong>gemitus</strong></span> <span class='ocrx_word' id='word_1_52' title='bbox 349 750 378 798; x_wconf 90' lang='lat' dir='ltr'><strong>et</strong></span> <span class='ocrx_word' id='word_1_53' title='bbox 405 750 530 800; x_wconf 89' lang='lat' dir='ltr'><strong>ructatus</strong></span> <span class='ocrx_word' id='word_1_54' title='bbox 559 739 697 815; x_wconf 86' lang='lat' dir='ltr'><strong>(ruptatus</strong></span> <span class='ocrx_word' id='word_1_55' title='bbox 724 739 815 813; x_wconf 90' lang='grc' dir='ltr'>θοὰ),</span> <span class='ocrx_word' id='word_1_56' title='bbox 846 741 908 816; x_wconf 91' lang='lat' dir='ltr'><strong>quia</strong></span> <span class='ocrx_word' id='word_1_57' title='bbox 936 748 964 794; x_wconf 89' lang='lat' dir='ltr'><strong>ct</strong></span> <span class='ocrx_word' id='word_1_58' title='bbox 992 756 1041 814; x_wconf 88' lang='lat' dir='ltr'><strong>per</strong></span> <span class='ocrx_word' id='word_1_59' title='bbox 1070 737 1166 796; x_wconf 88' lang='lat' dir='ltr'><strong>sibilus</strong></span> <span class='ocrx_word' id='word_1_60' title='bbox 1198 740 1289 797; x_wconf 91' lang='lat' dir='ltr'><strong>cantio</strong></span> <span class='ocrx_word' id='word_1_61' title='bbox 1318 738 1509 815; x_wconf 84' lang='lat' dir='ltr'><strong>intellegitur,</strong></span> 
     </span>
     <span class='ocr_line' id='line_1_7' title="bbox 203 821 1253 903; baseline -0.005 -19"><span class='ocrx_word' id='word_1_62' title='bbox 203 844 253 903; x_wconf 89' lang='lat' dir='ltr'><strong>per</strong></span> <span class='ocrx_word' id='word_1_63' title='bbox 273 826 393 902; x_wconf 88' lang='lat' dir='ltr'><strong>gemitus</strong></span> <span class='ocrx_word' id='word_1_64' title='bbox 415 826 505 898; x_wconf 91' lang='lat' dir='ltr'><strong>dolor,</strong></span> <span class='ocrx_word' id='word_1_65' title='bbox 527 842 578 901; x_wconf 89' lang='lat' dir='ltr'><strong>per</strong></span> <span class='ocrx_word' id='word_1_66' title='bbox 600 832 736 883; x_wconf 91' lang='lat' dir='ltr'><strong>ructatum</strong></span> <span class='ocrx_word' id='word_1_67' title='bbox 759 824 857 900; x_wconf 76' lang='lat' dir='ltr'><strong>(nupt-l</strong></span> <span class='ocrx_word' id='word_1_68' title='bbox 881 825 984 883; x_wconf 86' lang='lat' dir='ltr'><strong>uentris</strong></span> <span class='ocrx_word' id='word_1_69' title='bbox 1007 821 1112 897; x_wconf 86' lang='lat' dir='ltr'><strong>(uentri)</strong></span> <span class='ocrx_word' id='word_1_70' title='bbox 1134 825 1253 881; x_wconf 83' lang='lat' dir='ltr'><strong>emissio.</strong></span> 
     </span>
    </p>
   </div>
   <div class='ocr_carea' id='block_1_3' title="bbox 202 952 1509 1239">
    <p class='ocr_par' dir='ltr' id='par_1_3' title="bbox 202 952 1509 1239">
     <span class='ocr_line' id='line_1_8' title="bbox 288 952 1509 1075; baseline -0.001 -21"><span class='ocrx_word' id='word_1_71' title='bbox 288 991 301 1075; x_wconf 87' lang='grc' dir='ltr'><strong>)Ι</strong></span> <span class='ocrx_word' id='word_1_72' title='bbox 317 997 336 1055; x_wconf 89' lang='lat' dir='ltr'><strong>l.</strong></span> <span class='ocrx_word' id='word_1_73' title='bbox 355 990 439 1055; x_wconf 72' lang='lat'><strong>116¹&gt;</strong></span> <span class='ocrx_word' id='word_1_74' title='bbox 456 989 470 1074; x_wconf 86' lang='grc' dir='ltr'><strong>)Ι</strong></span> <span class='ocrx_word' id='word_1_75' title='bbox 494 995 568 1054; x_wconf 86' lang='lat' dir='ltr'><strong>Scire</strong></span> <span class='ocrx_word' id='word_1_76' title='bbox 590 996 730 1070; x_wconf 89' lang='lat' dir='ltr'><strong>cupimus,</strong></span> <span class='ocrx_word' id='word_1_77' title='bbox 763 952 1062 1070; x_wconf 56' lang='lat' dir='ltr'><strong>‘Puplipor&#39;tpuplior</strong></span> <span class='ocrx_word' id='word_1_78' title='bbox 1083 993 1156 1066; x_wconf 85' lang='lat' dir='ltr'><strong>cod.)</strong></span> <span class='ocrx_word' id='word_1_79' title='bbox 1184 1011 1253 1069; x_wconf 87' lang='lat' dir='ltr'><strong>quae</strong></span> <span class='ocrx_word' id='word_1_80' title='bbox 1281 1012 1344 1070; x_wconf 85' lang='lat' dir='ltr'><strong>pars</strong></span> <span class='ocrx_word' id='word_1_81' title='bbox 1367 996 1509 1053; x_wconf 89' lang='lat' dir='ltr'><strong>orationis</strong></span> 
     </span>
     <span class='ocr_line' id='line_1_9' title="bbox 202 1077 1508 1156; baseline -0.001 -16"><span class='ocrx_word' id='word_1_82' title='bbox 202 1091 255 1140; x_wconf 87' lang='lat' dir='ltr'><strong>cst.</strong></span> <span class='ocrx_word' id='word_1_83' title='bbox 285 1082 388 1139; x_wconf 86' lang='lat' dir='ltr'><strong>Nomen</strong></span> <span class='ocrx_word' id='word_1_84' title='bbox 405 1090 455 1139; x_wconf 82' lang='lat' dir='ltr'><strong>ent.</strong></span> <span class='ocrx_word' id='word_1_85' title='bbox 485 1079 551 1149; x_wconf 90' lang='lat' dir='ltr'><strong>Quis</strong></span> <span class='ocrx_word' id='word_1_86' title='bbox 567 1080 681 1138; x_wconf 88' lang='lat' dir='ltr'><strong>modusi</strong></span> <span class='ocrx_word' id='word_1_87' title='bbox 709 1079 888 1155; x_wconf 85' lang='lat' dir='ltr'><strong>Conpositum</strong></span> <span class='ocrx_word' id='word_1_88' title='bbox 911 1088 953 1137; x_wconf 89' lang='lat' dir='ltr'><strong>est</strong></span> <span class='ocrx_word' id='word_1_89' title='bbox 974 1088 1002 1136; x_wconf 85' lang='lat' dir='ltr'><strong>ct</strong></span> <span class='ocrx_word' id='word_1_90' title='bbox 1024 1095 1056 1136; x_wconf 85' lang='lat' dir='ltr'><strong>er</strong></span> <span class='ocrx_word' id='word_1_91' title='bbox 1077 1079 1184 1136; x_wconf 90' lang='lat' dir='ltr'><strong>duobus</strong></span> <span class='ocrx_word' id='word_1_92' title='bbox 1200 1081 1368 1154; x_wconf 84' lang='lat' dir='ltr'><strong>componitur</strong></span> <span class='ocrx_word' id='word_1_93' title='bbox 1383 1077 1508 1156; x_wconf 78' lang='lat' dir='ltr'><strong>(composi</strong></span> 
     </span>
     <span class='ocr_line' id='line_1_10' title="bbox 203 1163 1509 1239; baseline -0.002 -15"><span class='ocrx_word' id='word_1_94' title='bbox 203 1174 317 1224; x_wconf 84' lang='lat' dir='ltr'><strong>est.en</strong></span> <span class='ocrx_word' id='word_1_95' title='bbox 345 1164 452 1223; x_wconf 85' lang='lat' dir='ltr'><strong>duobus</strong></span> <span class='ocrx_word' id='word_1_96' title='bbox 483 1168 595 1239; x_wconf 90' lang='lat' dir='ltr'><strong>ponitur</strong></span> <span class='ocrx_word' id='word_1_97' title='bbox 616 1163 698 1238; x_wconf 87' lang='grc' dir='ltr'>οοὰ).</span> <span class='ocrx_word' id='word_1_98' title='bbox 742 1165 904 1235; x_wconf 79' lang='lat' dir='ltr'><strong>Quomodo?</strong></span> <span class='ocrx_word' id='word_1_99' title='bbox 947 1164 1093 1238; x_wconf 78' lang='lat' dir='ltr'><strong>APuplio</strong></span> <span class='ocrx_word' id='word_1_100' title='bbox 1116 1173 1143 1220; x_wconf 91' lang='lat' dir='ltr'><strong>et</strong></span> <span class='ocrx_word' id='word_1_101' title='bbox 1166 1181 1262 1238; x_wconf 91' lang='lat' dir='ltr'><strong>puero.</strong></span> <span class='ocrx_word' id='word_1_102' title='bbox 1307 1163 1449 1232; x_wconf 83' lang='lat' dir='ltr'><strong>Quomodo</strong></span> <span class='ocrx_word' id='word_1_103' title='bbox 1473 1166 1509 1222; x_wconf 88' lang='lat' dir='ltr'><strong>tit</strong></span> 
     </span>
    </p>
   </div>
   <div class='ocr_carea' id='block_1_4' title="bbox 69 1242 1508 1326">
    <p class='ocr_par' dir='ltr' id='par_1_4' title="bbox 69 1242 1508 1326">
     <span class='ocr_line' id='line_1_11' title="bbox 69 1242 1508 1326; baseline -0.001 -18"><span class='ocrx_word' id='word_1_104' title='bbox 69 1288 75 1296; x_wconf 86' lang='lat'>-</span> <span class='ocrx_word' id='word_1_105' title='bbox 157 1259 160 1264; x_wconf 82' lang='grc'>’</span> <span class='ocrx_word' id='word_1_106' title='bbox 202 1252 349 1325; x_wconf 80' lang='lat' dir='ltr'><strong>genetibus</strong></span> <span class='ocrx_word' id='word_1_107' title='bbox 372 1251 449 1307; x_wconf 81' lang='lat' dir='ltr'><strong>eiust</strong></span> <span class='ocrx_word' id='word_1_108' title='bbox 490 1249 681 1326; x_wconf 86' lang='lat' dir='ltr'><strong>‘Pupliporis&#39;,</strong></span> <span class='ocrx_word' id='word_1_109' title='bbox 703 1242 756 1309; x_wconf 81' lang='lat' dir='ltr'><strong>troc</strong></span> <span class='ocrx_word' id='word_1_110' title='bbox 777 1258 821 1306; x_wconf 90' lang='lat' dir='ltr'><strong>cst</strong></span> <span class='ocrx_word' id='word_1_111' title='bbox 841 1249 930 1325; x_wconf 92' lang='lat' dir='ltr'><strong>Puplii</strong></span> <span class='ocrx_word' id='word_1_112' title='bbox 953 1250 1031 1324; x_wconf 86' lang='lat' dir='ltr'><strong>pueri</strong></span> <span class='ocrx_word' id='word_1_113' title='bbox 1054 1248 1133 1324; x_wconf 91' lang='lat' dir='ltr'><strong>(puer</strong></span> <span class='ocrx_word' id='word_1_114' title='bbox 1154 1248 1237 1321; x_wconf 89' lang='grc' dir='ltr'>θοὰ).</span> <span class='ocrx_word' id='word_1_115' title='bbox 1276 1250 1327 1321; x_wconf 55' lang='lat' dir='ltr'><strong>‚Sic</strong></span> <span class='ocrx_word' id='word_1_116' title='bbox 1348 1248 1508 1307; x_wconf 89' lang='lat' dir='ltr'><strong>declinatur</strong></span> 
     </span>
    </p>
   </div>
   <div class='ocr_carea' id='block_1_5' title="bbox 199 1332 1536 3190">
    <p class='ocr_par' dir='ltr' id='par_1_5' title="bbox 201 1332 1506 1919">
     <span class='ocr_line' id='line_1_12' title="bbox 201 1332 1503 1410; baseline -0.001 -17"><span class='ocrx_word' id='word_1_117' title='bbox 201 1345 230 1393; x_wconf 91' lang='lat' dir='ltr'><strong>et</strong></span> <span class='ocrx_word' id='word_1_118' title='bbox 251 1336 402 1410; x_wconf 67' lang='lat' dir='ltr'><strong>marcipor,</strong></span> <span class='ocrx_word' id='word_1_119' title='bbox 430 1335 501 1392; x_wconf 90' lang='lat' dir='ltr'><strong>idest</strong></span> <span class='ocrx_word' id='word_1_120' title='bbox 528 1335 609 1393; x_wconf 89' lang='lat' dir='ltr'><strong>llarci</strong></span> <span class='ocrx_word' id='word_1_121' title='bbox 638 1351 715 1410; x_wconf 87' lang='lat' dir='ltr'><strong>puer.</strong></span> <span class='ocrx_word' id='word_1_122' title='bbox 760 1334 814 1393; x_wconf 88' lang='lat' dir='ltr'><strong>Sed</strong></span> <span class='ocrx_word' id='word_1_123' title='bbox 837 1334 951 1393; x_wconf 83' lang='lat' dir='ltr'><strong>‘biarci’</strong></span> <span class='ocrx_word' id='word_1_124' title='bbox 976 1334 1044 1402; x_wconf 81' lang='lat' dir='ltr'><strong>(mar</strong></span> <span class='ocrx_word' id='word_1_125' title='bbox 1064 1332 1137 1406; x_wconf 87' lang='grc' dir='ltr'>οοὰ)</span> <span class='ocrx_word' id='word_1_126' title='bbox 1167 1335 1303 1408; x_wconf 87' lang='lat' dir='ltr'><strong>integrum</strong></span> <span class='ocrx_word' id='word_1_127' title='bbox 1327 1344 1384 1407; x_wconf 88' lang='lat' dir='ltr'><strong>est,</strong></span> <span class='ocrx_word' id='word_1_128' title='bbox 1412 1332 1503 1408; x_wconf 74' lang='lat' dir='ltr'><strong>‘por’</strong></span> 
     </span>
     <span class='ocr_line' id='line_1_13' title="bbox 201 1419 1505 1495; baseline -0.001 -17"><span class='ocrx_word' id='word_1_129' title='bbox 201 1429 361 1495; x_wconf 87' lang='lat' dir='ltr'><strong>corruptum</strong></span> <span class='ocrx_word' id='word_1_130' title='bbox 385 1419 568 1494; x_wconf 84' lang='lat' dir='ltr'><strong>(correptum)</strong></span> <span class='ocrx_word' id='word_1_131' title='bbox 591 1429 648 1492; x_wconf 86' lang='lat' dir='ltr'><strong>cst,</strong></span> <span class='ocrx_word' id='word_1_132' title='bbox 671 1421 723 1477; x_wconf 84' lang='lat' dir='ltr'><strong>boc</strong></span> <span class='ocrx_word' id='word_1_133' title='bbox 745 1428 787 1476; x_wconf 86' lang='lat' dir='ltr'><strong>est</strong></span> <span class='ocrx_word' id='word_1_134' title='bbox 809 1437 841 1477; x_wconf 85' lang='lat' dir='ltr'><strong>cr</strong></span> <span class='ocrx_word' id='word_1_135' title='bbox 864 1422 972 1494; x_wconf 83' lang='lat' dir='ltr'><strong>integro</strong></span> <span class='ocrx_word' id='word_1_136' title='bbox 993 1427 1021 1477; x_wconf 87' lang='lat' dir='ltr'><strong>et</strong></span> <span class='ocrx_word' id='word_1_137' title='bbox 1036 1427 1178 1493; x_wconf 89' lang='lat' dir='ltr'><strong>corrupto.</strong></span> <span class='ocrx_word' id='word_1_138' title='bbox 1223 1419 1319 1476; x_wconf 68' lang='lat' dir='ltr'><strong>‘ador’</strong></span> <span class='ocrx_word' id='word_1_139' title='bbox 1344 1437 1414 1493; x_wconf 90' lang='lat' dir='ltr'><strong>quae</strong></span> <span class='ocrx_word' id='word_1_140' title='bbox 1436 1437 1505 1495; x_wconf 87' lang='lat' dir='ltr'><strong>pars</strong></span> 
     </span>
     <span class='ocr_line' id='line_1_14' title="bbox 202 1502 1503 1580; baseline 0.001 -18"><span class='ocrx_word' id='word_1_141' title='bbox 202 1506 336 1563; x_wconf 86' lang='lat' dir='ltr'><strong>orationis</strong></span> <span class='ocrx_word' id='word_1_142' title='bbox 357 1505 418 1561; x_wconf 85' lang='lat' dir='ltr'><strong>esti</strong></span> <span class='ocrx_word' id='word_1_143' title='bbox 465 1502 567 1560; x_wconf 82' lang='lat' dir='ltr'><strong>Nomen</strong></span> <span class='ocrx_word' id='word_1_144' title='bbox 591 1514 642 1561; x_wconf 87' lang='lat' dir='ltr'><strong>est.</strong></span> <span class='ocrx_word' id='word_1_145' title='bbox 687 1507 783 1579; x_wconf 78' lang='lat' dir='ltr'><strong>Aqua</strong></span> <span class='ocrx_word' id='word_1_146' title='bbox 806 1513 883 1580; x_wconf 87' lang='lat' dir='ltr'><strong>parte</strong></span> <span class='ocrx_word' id='word_1_147' title='bbox 905 1505 1038 1562; x_wconf 88' lang='lat' dir='ltr'><strong>orationis</strong></span> <span class='ocrx_word' id='word_1_148' title='bbox 1061 1503 1212 1561; x_wconf 80' lang='lat' dir='ltr'><strong>dirimatur?</strong></span> <span class='ocrx_word' id='word_1_149' title='bbox 1255 1504 1402 1574; x_wconf 76' lang='lat' dir='ltr'><strong>Anerbo,</strong></span> <span class='ocrx_word' id='word_1_150' title='bbox 1425 1506 1503 1579; x_wconf 90' lang='lat' dir='ltr'><strong>quod</strong></span> 
     </span>
     <span class='ocr_line' id='line_1_15' title="bbox 203 1586 1504 1663; baseline 0 -16"><span class='ocrx_word' id='word_1_151' title='bbox 203 1600 246 1647; x_wconf 86' lang='lat' dir='ltr'><strong>cst</strong></span> <span class='ocrx_word' id='word_1_152' title='bbox 270 1589 390 1646; x_wconf 86' lang='lat' dir='ltr'><strong>‘adoro’.</strong></span> <span class='ocrx_word' id='word_1_153' title='bbox 435 1586 579 1655; x_wconf 89' lang='lat' dir='ltr'><strong>Quomodo</strong></span> <span class='ocrx_word' id='word_1_154' title='bbox 603 1588 633 1646; x_wconf 79' lang='lat' dir='ltr'><strong>fit</strong></span> <span class='ocrx_word' id='word_1_155' title='bbox 655 1590 800 1663; x_wconf 83' lang='lat' dir='ltr'><strong>genstiuus</strong></span> <span class='ocrx_word' id='word_1_156' title='bbox 822 1590 901 1647; x_wconf 81' lang='lat' dir='ltr'><strong>elusi</strong></span> <span class='ocrx_word' id='word_1_157' title='bbox 923 1588 1058 1659; x_wconf 71' lang='lat' dir='ltr'><strong>‘adoris&#39;,</strong></span> <span class='ocrx_word' id='word_1_158' title='bbox 1081 1589 1128 1646; x_wconf 86' lang='lat' dir='ltr'><strong>sod</strong></span> <span class='ocrx_word' id='word_1_159' title='bbox 1151 1591 1178 1644; x_wconf 93' lang='lat' dir='ltr'><strong>in</strong></span> <span class='ocrx_word' id='word_1_160' title='bbox 1201 1606 1253 1645; x_wconf 93' lang='lat' dir='ltr'><strong>usu</strong></span> <span class='ocrx_word' id='word_1_161' title='bbox 1275 1589 1329 1659; x_wconf 88' lang='lat' dir='ltr'><strong>(usi</strong></span> <span class='ocrx_word' id='word_1_162' title='bbox 1351 1589 1424 1661; x_wconf 84' lang='lat' dir='ltr'><strong>cod.)</strong></span> <span class='ocrx_word' id='word_1_163' title='bbox 1446 1589 1504 1647; x_wconf 88' lang='lat' dir='ltr'><strong>lre-</strong></span> 
     </span>
     <span class='ocr_line' id='line_1_16' title="bbox 203 1671 1506 1750; baseline 0.001 -19"><span class='ocrx_word' id='word_1_164' title='bbox 203 1677 299 1750; x_wconf 88' lang='lat' dir='ltr'><strong>quenti</strong></span> <span class='ocrx_word' id='word_1_165' title='bbox 321 1691 376 1731; x_wconf 91' lang='lat' dir='ltr'><strong>non</strong></span> <span class='ocrx_word' id='word_1_166' title='bbox 399 1682 450 1731; x_wconf 80' lang='lat' dir='ltr'><strong>est</strong></span> <span class='ocrx_word' id='word_1_167' title='bbox 495 1674 592 1731; x_wconf 74' lang='lat' dir='ltr'><strong>‘Adur&#39;</strong></span> <span class='ocrx_word' id='word_1_168' title='bbox 616 1674 774 1749; x_wconf 89' lang='lat' dir='ltr'><strong>productam</strong></span> <span class='ocrx_word' id='word_1_169' title='bbox 798 1692 814 1732; x_wconf 96' lang='lat' dir='ltr'><strong>o</strong></span> <span class='ocrx_word' id='word_1_170' title='bbox 837 1674 919 1732; x_wconf 88' lang='lat' dir='ltr'><strong>hahet</strong></span> <span class='ocrx_word' id='word_1_171' title='bbox 940 1692 973 1731; x_wconf 91' lang='lat' dir='ltr'><strong>an</strong></span> <span class='ocrx_word' id='word_1_172' title='bbox 997 1675 1169 1749; x_wconf 83' lang='lat' dir='ltr'><strong>correptam?</strong></span> <span class='ocrx_word' id='word_1_173' title='bbox 1204 1673 1376 1731; x_wconf 90' lang='lat' dir='ltr'><strong>Productam.</strong></span> <span class='ocrx_word' id='word_1_174' title='bbox 1412 1671 1506 1741; x_wconf 86' lang='lat' dir='ltr'><strong>Quare</strong></span> 
     </span>
     <span class='ocr_line' id='line_1_17' title="bbox 201 1757 1506 1836; baseline 0 -20"><span class='ocrx_word' id='word_1_175' title='bbox 201 1759 379 1836; x_wconf 84' lang='lat' dir='ltr'><strong>productam?</strong></span> <span class='ocrx_word' id='word_1_176' title='bbox 402 1757 479 1826; x_wconf 88' lang='lat' dir='ltr'><strong>Quod</strong></span> <span class='ocrx_word' id='word_1_177' title='bbox 501 1777 516 1816; x_wconf 90' lang='lat' dir='ltr'><strong>a</strong></span> <span class='ocrx_word' id='word_1_178' title='bbox 539 1759 624 1816; x_wconf 88' lang='lat' dir='ltr'><strong>uerbo</strong></span> <span class='ocrx_word' id='word_1_179' title='bbox 647 1759 791 1830; x_wconf 90' lang='lat' dir='ltr'><strong>diriuatur,</strong></span> <span class='ocrx_word' id='word_1_180' title='bbox 815 1759 887 1834; x_wconf 92' lang='lat' dir='ltr'><strong>quod</strong></span> <span class='ocrx_word' id='word_1_181' title='bbox 910 1760 1038 1835; x_wconf 86' lang='lat' dir='ltr'><strong>producit</strong></span> <span class='ocrx_word' id='word_1_182' title='bbox 1060 1777 1092 1831; x_wconf 90' lang='lat' dir='ltr'><strong>o,</strong></span> <span class='ocrx_word' id='word_1_183' title='bbox 1114 1776 1169 1815; x_wconf 89' lang='lat' dir='ltr'><strong>non</strong></span> <span class='ocrx_word' id='word_1_184' title='bbox 1191 1758 1285 1816; x_wconf 86' lang='lat' dir='ltr'><strong>debuit</strong></span> <span class='ocrx_word' id='word_1_185' title='bbox 1308 1757 1396 1816; x_wconf 87' lang='lat' dir='ltr'><strong>‘ador’</strong></span> <span class='ocrx_word' id='word_1_186' title='bbox 1420 1758 1506 1816; x_wconf 87' lang='lat' dir='ltr'><strong>aliter</strong></span> 
     </span>
     <span class='ocr_line' id='line_1_18' title="bbox 201 1836 1123 1919; baseline -0.003 -17"><span class='ocrx_word' id='word_1_187' title='bbox 201 1845 319 1916; x_wconf 84' lang='lat' dir='ltr'><strong>habere,</strong></span> <span class='ocrx_word' id='word_1_188' title='bbox 342 1862 421 1919; x_wconf 88' lang='lat' dir='ltr'><strong>qnam</strong></span> <span class='ocrx_word' id='word_1_189' title='bbox 445 1844 569 1916; x_wconf 87' lang='lat' dir='ltr'><strong>uerbum,</strong></span> <span class='ocrx_word' id='word_1_190' title='bbox 591 1862 605 1901; x_wconf 89' lang='lat' dir='ltr'><strong>a</strong></span> <span class='ocrx_word' id='word_1_191' title='bbox 629 1862 684 1918; x_wconf 88' lang='lat' dir='ltr'><strong>quo</strong></span> <span class='ocrx_word' id='word_1_192' title='bbox 706 1836 853 1916; x_wconf 79' lang='lat' dir='ltr'><strong>dirimitur,</strong></span> <span class='ocrx_word' id='word_1_193' title='bbox 876 1853 907 1901; x_wconf 93' lang='lat' dir='ltr'><strong>ut</strong></span> <span class='ocrx_word' id='word_1_194' title='bbox 929 1844 1123 1919; x_wconf 84' lang='lat' dir='ltr'><strong>Vergilius:</strong></span> 
     </span>
    </p>

    <p class='ocr_par' dir='ltr' id='par_1_6' title="bbox 200 1928 1536 2175">
     <span class='ocr_line' id='line_1_19' title="bbox 556 1928 1536 2005; baseline 0 -19"><span class='ocrx_word' id='word_1_195' title='bbox 556 1952 563 1964; x_wconf 94' lang='lat'><em>·</em></span> <span class='ocrx_word' id='word_1_196' title='bbox 607 1928 1073 2005; x_wconf 84' lang='lat' dir='ltr'><strong>adorealibaperherbam</strong></span> <span class='ocrx_word' id='word_1_197' title='bbox 1533 1989 1536 1993; x_wconf 73' lang='grc'><em>,</em></span> 
     </span>
     <span class='ocr_line' id='line_1_20' title="bbox 200 2013 1505 2089; baseline 0.001 -18"><span class='ocrx_word' id='word_1_198' title='bbox 200 2015 282 2086; x_wconf 83' lang='lat' dir='ltr'><strong>(Aen.</strong></span> <span class='ocrx_word' id='word_1_199' title='bbox 314 2013 372 2071; x_wconf 85' lang='lat' dir='ltr'><strong>Vll</strong></span> <span class='ocrx_word' id='word_1_200' title='bbox 395 2018 465 2087; x_wconf 81' lang='lat'><strong>109,</strong></span> <span class='ocrx_word' id='word_1_201' title='bbox 488 2013 579 2070; x_wconf 89' lang='lat' dir='ltr'><strong>erbam</strong></span> <span class='ocrx_word' id='word_1_202' title='bbox 602 2013 685 2087; x_wconf 89' lang='grc' dir='ltr'>θοὰ).</span> <span class='ocrx_word' id='word_1_203' title='bbox 728 2015 877 2073; x_wconf 84' lang='lat' dir='ltr'><strong>Possumus</strong></span> <span class='ocrx_word' id='word_1_204' title='bbox 900 2014 990 2071; x_wconf 87' lang='lat' dir='ltr'><strong>dicere</strong></span> <span class='ocrx_word' id='word_1_205' title='bbox 1013 2013 1172 2089; x_wconf 83' lang='lat' dir='ltr'><strong>‘pueram&#39;,</strong></span> <span class='ocrx_word' id='word_1_206' title='bbox 1194 2015 1265 2071; x_wconf 89' lang='lat' dir='ltr'><strong>sicut</strong></span> <span class='ocrx_word' id='word_1_207' title='bbox 1288 2013 1449 2088; x_wconf 85' lang='lat' dir='ltr'><strong>‘puerum’,</strong></span> <span class='ocrx_word' id='word_1_208' title='bbox 1473 2025 1505 2072; x_wconf 89' lang='lat' dir='ltr'><strong>et</strong></span> 
     </span>
     <span class='ocr_line' id='line_1_21' title="bbox 200 2097 1503 2175; baseline -0.002 -17"><span class='ocrx_word' id='word_1_209' title='bbox 200 2097 359 2175; x_wconf 82' lang='lat' dir='ltr'><strong>‘puellum&#39;‚</strong></span> <span class='ocrx_word' id='word_1_210' title='bbox 383 2099 453 2156; x_wconf 91' lang='lat' dir='ltr'><strong>sicut</strong></span> <span class='ocrx_word' id='word_1_211' title='bbox 476 2097 617 2174; x_wconf 84' lang='lat' dir='ltr'><strong>‘puellam’</strong></span> <span class='ocrx_word' id='word_1_212' title='bbox 642 2116 675 2157; x_wconf 91' lang='lat' dir='ltr'><strong>au</strong></span> <span class='ocrx_word' id='word_1_213' title='bbox 698 2102 772 2156; x_wconf 81' lang='lat' dir='ltr'><strong>noui</strong></span> <span class='ocrx_word' id='word_1_214' title='bbox 793 2101 952 2157; x_wconf 89' lang='lat' dir='ltr'><strong>Possumus.</strong></span> <span class='ocrx_word' id='word_1_215' title='bbox 996 2099 1068 2156; x_wconf 88' lang='lat' dir='ltr'><strong>Vnde</strong></span> <span class='ocrx_word' id='word_1_216' title='bbox 1091 2098 1239 2175; x_wconf 76' lang='lat' dir='ltr'><strong>probahis?</strong></span> <span class='ocrx_word' id='word_1_217' title='bbox 1275 2099 1397 2155; x_wconf 83' lang='lat' dir='ltr'><strong>binius</strong></span> <span class='ocrx_word' id='word_1_218' title='bbox 1420 2097 1503 2156; x_wconf 88' lang='lat' dir='ltr'><strong>dicit:</strong></span> 
     </span>
    </p>

    <p class='ocr_par' dir='ltr' id='par_1_7' title="bbox 201 2183 1378 2598">
     <span class='ocr_line' id='line_1_22' title="bbox 663 2183 1036 2241; baseline -0.003 0"><span class='ocrx_word' id='word_1_219' title='bbox 663 2185 851 2241; x_wconf 87' lang='lat' dir='ltr'><strong>Puerarum</strong></span> <span class='ocrx_word' id='word_1_220' title='bbox 874 2183 1036 2241; x_wconf 84' lang='lat' dir='ltr'><strong>manibus</strong></span> 
     </span>
     <span class='ocr_line' id='line_1_23' title="bbox 201 2267 1362 2344; baseline -0.003 -17"><span class='ocrx_word' id='word_1_221' title='bbox 201 2267 294 2344; x_wconf 78' lang='lat' dir='ltr'><strong>(libius</strong></span> <span class='ocrx_word' id='word_1_222' title='bbox 316 2270 391 2340; x_wconf 85' lang='grc' dir='ltr'>θοὰ,</span> <span class='ocrx_word' id='word_1_223' title='bbox 413 2267 453 2339; x_wconf 82' lang='lat' dir='ltr'><strong>cf.</strong></span> <span class='ocrx_word' id='word_1_224' title='bbox 477 2267 570 2325; x_wconf 84' lang='lat' dir='ltr'><strong>Prisc.</strong></span> <span class='ocrx_word' id='word_1_225' title='bbox 593 2267 611 2324; x_wconf 90' lang='lat'><em>1</em></span> <span class='ocrx_word' id='word_1_226' title='bbox 628 2287 660 2341; x_wconf 82' lang='lat' dir='ltr'><strong>p.</strong></span> <span class='ocrx_word' id='word_1_227' title='bbox 687 2272 751 2335; x_wconf 85' lang='lat'><strong>231,</strong></span> <span class='ocrx_word' id='word_1_228' title='bbox 776 2272 813 2324; x_wconf 82' lang='lat'><strong>12</strong></span> <span class='ocrx_word' id='word_1_229' title='bbox 834 2267 895 2340; x_wconf 82' lang='grc' dir='ltr'><strong>Η.)</strong></span> <span class='ocrx_word' id='word_1_230' title='bbox 940 2268 1083 2326; x_wconf 90' lang='lat' dir='ltr'><strong>Plautus</strong></span> <span class='ocrx_word' id='word_1_231' title='bbox 1107 2269 1172 2327; x_wconf 90' lang='lat' dir='ltr'><strong>dicit</strong></span> <span class='ocrx_word' id='word_1_232' title='bbox 1195 2268 1362 2327; x_wconf 87' lang='lat' dir='ltr'><strong>Geminis:</strong></span> 
     </span>
     <span class='ocr_line' id='line_1_24' title="bbox 523 2352 1177 2429; baseline 0.005 -22"><span class='ocrx_word' id='word_1_233' title='bbox 523 2352 623 2409; x_wconf 87' lang='lat' dir='ltr'><strong>bolet</strong></span> <span class='ocrx_word' id='word_1_234' title='bbox 645 2353 789 2429; x_wconf 89' lang='lat' dir='ltr'><strong>puellus</strong></span> <span class='ocrx_word' id='word_1_235' title='bbox 811 2368 890 2409; x_wconf 86' lang='lat' dir='ltr'><strong>sese</strong></span> <span class='ocrx_word' id='word_1_236' title='bbox 912 2369 1033 2409; x_wconf 87' lang='lat' dir='ltr'><strong>ucuurn</strong></span> <span class='ocrx_word' id='word_1_237' title='bbox 1056 2353 1177 2410; x_wconf 87' lang='lat' dir='ltr'><strong>ducier</strong></span> 
     </span>
     <span class='ocr_line' id='line_1_25' title="bbox 201 2435 1049 2514; baseline 0 -19"><span class='ocrx_word' id='word_1_238' title='bbox 201 2437 328 2513; x_wconf 81' lang='lat' dir='ltr'><strong>(gemini,</strong></span> <span class='ocrx_word' id='word_1_239' title='bbox 351 2437 392 2510; x_wconf 73' lang='lat' dir='ltr'><strong>of.</strong></span> <span class='ocrx_word' id='word_1_240' title='bbox 416 2437 511 2494; x_wconf 87' lang='lat' dir='ltr'><strong>Prisc.</strong></span> <span class='ocrx_word' id='word_1_241' title='bbox 533 2436 553 2492; x_wconf 95' lang='grc' dir='ltr'><em>Ι</em></span> <span class='ocrx_word' id='word_1_242' title='bbox 567 2454 598 2509; x_wconf 84' lang='lat' dir='ltr'><strong>p.</strong></span> <span class='ocrx_word' id='word_1_243' title='bbox 624 2441 689 2514; x_wconf 83' lang='lat'><strong>231,</strong></span> <span class='ocrx_word' id='word_1_244' title='bbox 715 2435 771 2509; x_wconf 86' lang='lat'><strong>22).</strong></span> <span class='ocrx_word' id='word_1_245' title='bbox 815 2436 974 2494; x_wconf 78' lang='lat' dir='ltr'><strong>lucilius</strong></span> <span class='ocrx_word' id='word_1_246' title='bbox 997 2438 1049 2495; x_wconf 91' lang='lat' dir='ltr'><strong>ait:</strong></span> 
     </span>
     <span class='ocr_line' id='line_1_26' title="bbox 321 2520 1378 2598; baseline 0.002 -20"><span class='ocrx_word' id='word_1_247' title='bbox 321 2523 473 2594; x_wconf 81' lang='lat' dir='ltr'><strong>Cumque</strong></span> <span class='ocrx_word' id='word_1_248' title='bbox 496 2520 550 2577; x_wconf 88' lang='lat' dir='ltr'><strong>lric</strong></span> <span class='ocrx_word' id='word_1_249' title='bbox 573 2529 637 2578; x_wconf 91' lang='lat' dir='ltr'><strong>tam</strong></span> <span class='ocrx_word' id='word_1_250' title='bbox 660 2523 837 2579; x_wconf 80' lang='lat' dir='ltr'><strong>formosus</strong></span> <span class='ocrx_word' id='word_1_251' title='bbox 861 2523 958 2579; x_wconf 88' lang='lat' dir='ltr'><strong>bomo</strong></span> <span class='ocrx_word' id='word_1_252' title='bbox 981 2531 1061 2598; x_wconf 83' lang='lat' dir='ltr'><strong>apte</strong></span> <span class='ocrx_word' id='word_1_253' title='bbox 1084 2522 1211 2596; x_wconf 90' lang='lat' dir='ltr'><strong>dignus</strong></span> <span class='ocrx_word' id='word_1_254' title='bbox 1234 2524 1378 2597; x_wconf 89' lang='lat' dir='ltr'><strong>puellus</strong></span> 
     </span>
    </p>

    <p class='ocr_par' dir='ltr' id='par_1_8' title="bbox 199 2605 1500 3190">
     <span class='ocr_line' id='line_1_27' title="bbox 200 2605 1499 2683; baseline 0.001 -19"><span class='ocrx_word' id='word_1_255' title='bbox 200 2607 249 2681; x_wconf 71' lang='lat' dir='ltr'><strong>(cf.</strong></span> <span class='ocrx_word' id='word_1_256' title='bbox 272 2607 365 2664; x_wconf 80' lang='lat' dir='ltr'><strong>Prisc.</strong></span> <span class='ocrx_word' id='word_1_257' title='bbox 388 2606 408 2663; x_wconf 93' lang='grc' dir='ltr'><em>Ι</em></span> <span class='ocrx_word' id='word_1_258' title='bbox 422 2623 455 2678; x_wconf 82' lang='lat' dir='ltr'><strong>p.</strong></span> <span class='ocrx_word' id='word_1_259' title='bbox 481 2607 547 2676; x_wconf 84' lang='lat'><strong>232,</strong></span> <span class='ocrx_word' id='word_1_260' title='bbox 573 2605 607 2676; x_wconf 85' lang='lat' dir='ltr'><strong>t).</strong></span> <span class='ocrx_word' id='word_1_261' title='bbox 651 2605 726 2664; x_wconf 87' lang='lat' dir='ltr'><strong>Scire</strong></span> <span class='ocrx_word' id='word_1_262' title='bbox 749 2606 894 2679; x_wconf 89' lang='lat' dir='ltr'><strong>debemus,</strong></span> <span class='ocrx_word' id='word_1_263' title='bbox 917 2625 986 2683; x_wconf 88' lang='lat' dir='ltr'><strong>quae</strong></span> <span class='ocrx_word' id='word_1_264' title='bbox 1009 2615 1073 2665; x_wconf 88' lang='lat' dir='ltr'><strong>sunt</strong></span> <span class='ocrx_word' id='word_1_265' title='bbox 1095 2607 1239 2665; x_wconf 83' lang='lat' dir='ltr'><strong>collection</strong></span> <span class='ocrx_word' id='word_1_266' title='bbox 1262 2611 1379 2665; x_wconf 90' lang='lat' dir='ltr'><strong>nomina.</strong></span> <span class='ocrx_word' id='word_1_267' title='bbox 1424 2607 1499 2676; x_wconf 87' lang='lat' dir='ltr'><strong>Quae</strong></span> 
     </span>
     <span class='ocr_line' id='line_1_28' title="bbox 199 2688 1498 2768; baseline 0.002 -20"><span class='ocrx_word' id='word_1_268' title='bbox 199 2692 331 2768; x_wconf 84' lang='lat' dir='ltr'><strong>singulari</strong></span> <span class='ocrx_word' id='word_1_269' title='bbox 355 2707 471 2750; x_wconf 88' lang='lat' dir='ltr'><strong>numero</strong></span> <span class='ocrx_word' id='word_1_270' title='bbox 492 2688 693 2748; x_wconf 83' lang='lat' dir='ltr'><strong>multitudinem</strong></span> <span class='ocrx_word' id='word_1_271' title='bbox 716 2692 884 2766; x_wconf 74' lang='lat' dir='ltr'><strong>significant,</strong></span> <span class='ocrx_word' id='word_1_272' title='bbox 908 2701 938 2749; x_wconf 92' lang='lat' dir='ltr'><strong>nt</strong></span> <span class='ocrx_word' id='word_1_273' title='bbox 959 2693 1080 2768; x_wconf 89' lang='lat' dir='ltr'><strong>populus</strong></span> <span class='ocrx_word' id='word_1_274' title='bbox 1102 2691 1179 2766; x_wconf 88' lang='lat' dir='ltr'><strong>plobs</strong></span> <span class='ocrx_word' id='word_1_275' title='bbox 1194 2710 1259 2766; x_wconf 80' lang='lat' dir='ltr'><strong>grex</strong></span> <span class='ocrx_word' id='word_1_276' title='bbox 1275 2709 1342 2767; x_wconf 86' lang='lat' dir='ltr'><strong>gens</strong></span> <span class='ocrx_word' id='word_1_277' title='bbox 1358 2703 1385 2750; x_wconf 88' lang='lat' dir='ltr'><strong>et</strong></span> <span class='ocrx_word' id='word_1_278' title='bbox 1401 2694 1498 2750; x_wconf 78' lang='lat' dir='ltr'><strong>luorum</strong></span> 
     </span>
     <span class='ocr_line' id='line_1_29' title="bbox 201 2775 1500 2854; baseline -0.002 -19"><span class='ocrx_word' id='word_1_279' title='bbox 201 2777 307 2835; x_wconf 87' lang='lat' dir='ltr'><strong>similia.</strong></span> <span class='ocrx_word' id='word_1_280' title='bbox 345 2775 418 2844; x_wconf 86' lang='lat' dir='ltr'><strong>Quae</strong></span> <span class='ocrx_word' id='word_1_281' title='bbox 440 2786 506 2834; x_wconf 87' lang='lat' dir='ltr'><strong>sunt</strong></span> <span class='ocrx_word' id='word_1_282' title='bbox 528 2776 627 2834; x_wconf 86' lang='lat' dir='ltr'><strong>diuidla</strong></span> <span class='ocrx_word' id='word_1_283' title='bbox 649 2777 777 2835; x_wconf 87' lang='lat' dir='ltr'><strong>nomina?</strong></span> <span class='ocrx_word' id='word_1_284' title='bbox 810 2777 913 2836; x_wconf 84' lang='lat' dir='ltr'><strong>Diuidia</strong></span> <span class='ocrx_word' id='word_1_285' title='bbox 936 2777 1073 2850; x_wconf 85' lang='lat' dir='ltr'><strong>dicuntur,</strong></span> <span class='ocrx_word' id='word_1_286' title='bbox 1097 2795 1166 2854; x_wconf 88' lang='lat' dir='ltr'><strong>quac</strong></span> <span class='ocrx_word' id='word_1_287' title='bbox 1188 2778 1295 2836; x_wconf 88' lang='lat' dir='ltr'><strong>duobus</strong></span> <span class='ocrx_word' id='word_1_288' title='bbox 1319 2778 1361 2835; x_wconf 89' lang='lat' dir='ltr'><strong>nel</strong></span> <span class='ocrx_word' id='word_1_289' title='bbox 1386 2776 1500 2853; x_wconf 90' lang='lat' dir='ltr'><strong>amplio-</strong></span> 
     </span>
     <span class='ocr_line' id='line_1_30' title="bbox 201 2860 1500 2939; baseline -0.002 -20"><span class='ocrx_word' id='word_1_290' title='bbox 201 2862 278 2919; x_wconf 85' lang='lat' dir='ltr'><strong>ribus</strong></span> <span class='ocrx_word' id='word_1_291' title='bbox 301 2862 334 2918; x_wconf 93' lang='lat' dir='ltr'><strong>ad</strong></span> <span class='ocrx_word' id='word_1_292' title='bbox 357 2863 483 2936; x_wconf 89' lang='lat' dir='ltr'><strong>singulos</strong></span> <span class='ocrx_word' id='word_1_293' title='bbox 506 2860 574 2934; x_wconf 79' lang='lat' dir='ltr'><strong>(us)</strong></span> <span class='ocrx_word' id='word_1_294' title='bbox 596 2861 697 2920; x_wconf 84' lang='lat' dir='ltr'><strong>habent</strong></span> <span class='ocrx_word' id='word_1_295' title='bbox 719 2862 896 2936; x_wconf 85' lang='lat' dir='ltr'><strong>relationem,</strong></span> <span class='ocrx_word' id='word_1_296' title='bbox 920 2863 964 2921; x_wconf 92' lang='lat' dir='ltr'><strong>uel</strong></span> <span class='ocrx_word' id='word_1_297' title='bbox 988 2862 1080 2939; x_wconf 89' lang='lat' dir='ltr'><strong>plures</strong></span> <span class='ocrx_word' id='word_1_298' title='bbox 1102 2865 1129 2920; x_wconf 88' lang='lat' dir='ltr'><strong>ia</strong></span> <span class='ocrx_word' id='word_1_299' title='bbox 1153 2879 1282 2920; x_wconf 88' lang='lat' dir='ltr'><strong>numeros</strong></span> <span class='ocrx_word' id='word_1_300' title='bbox 1305 2881 1384 2939; x_wconf 86' lang='lat' dir='ltr'><strong>paros</strong></span> <span class='ocrx_word' id='word_1_301' title='bbox 1407 2864 1500 2918; x_wconf 88' lang='lat' dir='ltr'><strong>distri-</strong></span> 
     </span>
     <span class='ocr_line' id='line_1_31' title="bbox 203 2945 1499 3023; baseline 0.001 -21"><span class='ocrx_word' id='word_1_302' title='bbox 203 2946 294 3016; x_wconf 87' lang='lat' dir='ltr'><strong>butos,</strong></span> <span class='ocrx_word' id='word_1_303' title='bbox 318 2955 348 3003; x_wconf 89' lang='lat' dir='ltr'><strong>ut</strong></span> <span class='ocrx_word' id='word_1_304' title='bbox 371 2955 485 3021; x_wconf 90' lang='lat' dir='ltr'><strong>uterque</strong></span> <span class='ocrx_word' id='word_1_305' title='bbox 508 2945 651 3020; x_wconf 83' lang='lat' dir='ltr'><strong>alteruter,</strong></span> <span class='ocrx_word' id='word_1_306' title='bbox 673 2956 705 3004; x_wconf 92' lang='lat' dir='ltr'><strong>ut</strong></span> <span class='ocrx_word' id='word_1_307' title='bbox 726 2949 828 3023; x_wconf 87' lang='lat' dir='ltr'><strong>singuli</strong></span> <span class='ocrx_word' id='word_1_308' title='bbox 851 2949 896 3006; x_wconf 86' lang='lat' dir='ltr'><strong>uel</strong></span> <span class='ocrx_word' id='word_1_309' title='bbox 920 2951 989 3006; x_wconf 89' lang='lat' dir='ltr'><strong>torni</strong></span> <span class='ocrx_word' id='word_1_310' title='bbox 1012 2949 1129 3006; x_wconf 87' lang='lat' dir='ltr'><strong>centeni.</strong></span> <span class='ocrx_word' id='word_1_311' title='bbox 1174 2948 1299 3005; x_wconf 83' lang='lat' dir='ltr'><strong>Tractiua</strong></span> <span class='ocrx_word' id='word_1_312' title='bbox 1322 2964 1391 3021; x_wconf 86' lang='lat' dir='ltr'><strong>quae</strong></span> <span class='ocrx_word' id='word_1_313' title='bbox 1415 2948 1499 3003; x_wconf 84' lang='lat' dir='ltr'><strong>sunt?</strong></span> 
     </span>
     <span class='ocr_line' id='line_1_32' title="bbox 200 3029 1498 3107; baseline 0 -20"><span class='ocrx_word' id='word_1_314' title='bbox 200 3029 273 3098; x_wconf 90' lang='lat' dir='ltr'><strong>Quae</strong></span> <span class='ocrx_word' id='word_1_315' title='bbox 302 3033 329 3087; x_wconf 93' lang='lat' dir='ltr'><strong>in</strong></span> <span class='ocrx_word' id='word_1_316' title='bbox 358 3029 480 3088; x_wconf 88' lang='lat' dir='ltr'><strong>diuersas</strong></span> <span class='ocrx_word' id='word_1_317' title='bbox 501 3030 574 3104; x_wconf 67' lang='lat' dir='ltr'><strong>(uis)</strong></span> <span class='ocrx_word' id='word_1_318' title='bbox 602 3033 707 3107; x_wconf 83' lang='lat' dir='ltr'><strong>specics</strong></span> <span class='ocrx_word' id='word_1_319' title='bbox 736 3043 854 3106; x_wconf 88' lang='lat' dir='ltr'><strong>possunt</strong></span> <span class='ocrx_word' id='word_1_320' title='bbox 882 3033 983 3105; x_wconf 86' lang='lat' dir='ltr'><strong>diuidi,</strong></span> <span class='ocrx_word' id='word_1_321' title='bbox 1012 3041 1044 3089; x_wconf 91' lang='lat' dir='ltr'><strong>ut</strong></span> <span class='ocrx_word' id='word_1_322' title='bbox 1070 3032 1167 3089; x_wconf 87' lang='lat' dir='ltr'><strong>animal</strong></span> <span class='ocrx_word' id='word_1_323' title='bbox 1196 3030 1278 3089; x_wconf 88' lang='lat' dir='ltr'><strong>arbor</strong></span> <span class='ocrx_word' id='word_1_324' title='bbox 1306 3030 1394 3103; x_wconf 90' lang='lat' dir='ltr'><strong>(albor</strong></span> <span class='ocrx_word' id='word_1_325' title='bbox 1415 3031 1498 3103; x_wconf 86' lang='grc' dir='ltr'>θοὰ).</span> 
     </span>
     <span class='ocr_line' id='line_1_33' title="bbox 203 3114 1497 3190; baseline 0 -19"><span class='ocrx_word' id='word_1_326' title='bbox 203 3116 333 3190; x_wconf 83' lang='lat' dir='ltr'><strong>specialia</strong></span> <span class='ocrx_word' id='word_1_327' title='bbox 363 3132 432 3189; x_wconf 87' lang='lat' dir='ltr'><strong>quae</strong></span> <span class='ocrx_word' id='word_1_328' title='bbox 461 3117 543 3173; x_wconf 80' lang='lat' dir='ltr'><strong>sonti</strong></span> <span class='ocrx_word' id='word_1_329' title='bbox 586 3116 660 3186; x_wconf 86' lang='lat' dir='ltr'><strong>Quae</strong></span> <span class='ocrx_word' id='word_1_330' title='bbox 681 3135 696 3174; x_wconf 91' lang='lat' dir='ltr'><strong>a</strong></span> <span class='ocrx_word' id='word_1_331' title='bbox 718 3132 817 3190; x_wconf 88' lang='lat' dir='ltr'><strong>genere</strong></span> <span class='ocrx_word' id='word_1_332' title='bbox 840 3116 1017 3189; x_wconf 84' lang='lat' dir='ltr'><strong>diuiduntur,</strong></span> <span class='ocrx_word' id='word_1_333' title='bbox 1041 3127 1072 3174; x_wconf 90' lang='lat' dir='ltr'><strong>ut</strong></span> <span class='ocrx_word' id='word_1_334' title='bbox 1094 3118 1176 3174; x_wconf 89' lang='lat' dir='ltr'><strong>homo</strong></span> <span class='ocrx_word' id='word_1_335' title='bbox 1199 3132 1286 3190; x_wconf 84' lang='lat' dir='ltr'><strong>equus</strong></span> <span class='ocrx_word' id='word_1_336' title='bbox 1309 3116 1374 3171; x_wconf 87' lang='lat' dir='ltr'><strong>uitis</strong></span> <span class='ocrx_word' id='word_1_337' title='bbox 1397 3114 1497 3172; x_wconf 86' lang='lat' dir='ltr'><strong>lauros.</strong></span> 
     </span>
    </p>
   </div>
   <div class='ocr_carea' id='block_1_6' title="bbox 200 3284 1498 3444">
    <p class='ocr_par' dir='ltr' id='par_1_9' title="bbox 200 3284 1498 3444">
     <span class='ocr_line' id='line_1_34' title="bbox 200 3284 1498 3361; baseline 0.001 -20"><span class='ocrx_word' id='word_1_338' title='bbox 200 3285 360 3342; x_wconf 71' lang='lat' dir='ltr'><strong>Absolutiua</strong></span> <span class='ocrx_word' id='word_1_339' title='bbox 388 3302 457 3360; x_wconf 87' lang='lat' dir='ltr'><strong>quae</strong></span> <span class='ocrx_word' id='word_1_340' title='bbox 486 3287 569 3344; x_wconf 78' lang='lat' dir='ltr'><strong>suut?</strong></span> <span class='ocrx_word' id='word_1_341' title='bbox 613 3285 686 3354; x_wconf 87' lang='lat' dir='ltr'><strong>Quae</strong></span> <span class='ocrx_word' id='word_1_342' title='bbox 714 3303 763 3361; x_wconf 88' lang='lat' dir='ltr'><strong>per</strong></span> <span class='ocrx_word' id='word_1_343' title='bbox 791 3306 820 3346; x_wconf 89' lang='lat' dir='ltr'><strong>se</strong></span> <span class='ocrx_word' id='word_1_344' title='bbox 843 3284 1043 3361; x_wconf 85' lang='lat' dir='ltr'><strong>intelleguntur</strong></span> <span class='ocrx_word' id='word_1_345' title='bbox 1066 3294 1094 3344; x_wconf 90' lang='lat' dir='ltr'><strong>et</strong></span> <span class='ocrx_word' id='word_1_346' title='bbox 1117 3303 1170 3344; x_wconf 90' lang='lat' dir='ltr'><strong>nou</strong></span> <span class='ocrx_word' id='word_1_347' title='bbox 1194 3295 1276 3360; x_wconf 86' lang='lat' dir='ltr'><strong>egent</strong></span> <span class='ocrx_word' id='word_1_348' title='bbox 1298 3287 1411 3345; x_wconf 85' lang='lat' dir='ltr'><strong>alterius</strong></span> <span class='ocrx_word' id='word_1_349' title='bbox 1434 3304 1498 3344; x_wconf 92' lang='lat' dir='ltr'><strong>con-</strong></span> 
     </span>
     <span class='ocr_line' id='line_1_35' title="bbox 201 3369 746 3444; baseline 0.004 -18"><span class='ocrx_word' id='word_1_350' title='bbox 201 3371 340 3428; x_wconf 88' lang='lat' dir='ltr'><strong>iunctione</strong></span> <span class='ocrx_word' id='word_1_351' title='bbox 363 3371 495 3444; x_wconf 90' lang='lat' dir='ltr'><strong>nominis,</strong></span> <span class='ocrx_word' id='word_1_352' title='bbox 518 3380 548 3429; x_wconf 92' lang='lat' dir='ltr'><strong>ut</strong></span> <span class='ocrx_word' id='word_1_353' title='bbox 570 3369 746 3429; x_wconf 87' lang='lat' dir='ltr'><strong>‘distractio&#39;.</strong></span> 
     </span>
    </p>
   </div>
   <div class='ocr_carea' id='block_1_7' title="bbox 198 3500 1499 3819">
    <p class='ocr_par' dir='ltr' id='par_1_10' title="bbox 198 3500 1499 3819">
     <span class='ocr_line' id='line_1_36' title="bbox 288 3500 1499 3619; baseline 0.001 -21"><span class='ocrx_word' id='word_1_354' title='bbox 288 3537 502 3610; x_wconf 69' lang='lat' dir='ltr'><strong>(irrues.117⁶</strong></span> <span class='ocrx_word' id='word_1_355' title='bbox 524 3539 562 3598; x_wconf 84' lang='lat' dir='ltr'><strong>de</strong></span> <span class='ocrx_word' id='word_1_356' title='bbox 575 3500 771 3613; x_wconf 61' lang='lat' dir='ltr'><strong>&#39;pronominis</strong></span> <span class='ocrx_word' id='word_1_357' title='bbox 792 3539 869 3615; x_wconf 73' lang='lat' dir='ltr'><strong>‘eqo’</strong></span> <span class='ocrx_word' id='word_1_358' title='bbox 889 3502 997 3612; x_wconf 78' lang='lat' dir='ltr'><strong>formo</strong></span> <span class='ocrx_word' id='word_1_359' title='bbox 1019 3546 1201 3619; x_wconf 83' lang='lat' dir='ltr'><strong>tractantur,</strong></span> <span class='ocrx_word' id='word_1_360' title='bbox 1224 3544 1336 3602; x_wconf 76' lang='lat' dir='ltr'><strong>riutilio</strong></span> <span class='ocrx_word' id='word_1_361' title='bbox 1355 3543 1499 3615; x_wconf 73' lang='lat' dir='ltr'><strong>teguntur</strong></span> 
     </span>
     <span class='ocr_line' id='line_1_37' title="bbox 198 3636 1498 3720; baseline 0.002 -22"><span class='ocrx_word' id='word_1_362' title='bbox 198 3641 284 3716; x_wconf 81' lang='lat' dir='ltr'><strong>apud</strong></span> <span class='ocrx_word' id='word_1_363' title='bbox 304 3640 426 3699; x_wconf 81' lang='lat' dir='ltr'><strong>Petrum</strong></span> <span class='ocrx_word' id='word_1_364' title='bbox 445 3642 677 3711; x_wconf 69' lang='lat' dir='ltr'><strong>grammaticum</strong></span> <span class='ocrx_word' id='word_1_365' title='bbox 698 3636 789 3700; x_wconf 83' lang='lat' dir='ltr'><strong>buius</strong></span> <span class='ocrx_word' id='word_1_366' title='bbox 809 3638 883 3701; x_wconf 81' lang='lat' dir='ltr'><strong>iibri</strong></span> <span class='ocrx_word' id='word_1_367' title='bbox 899 3659 934 3717; x_wconf 79' lang='lat' dir='ltr'><strong>p.</strong></span> <span class='ocrx_word' id='word_1_368' title='bbox 955 3648 1019 3714; x_wconf 77' lang='lat' dir='ltr'><strong>to&#39;a,</strong></span> <span class='ocrx_word' id='word_1_369' title='bbox 1046 3648 1094 3709; x_wconf 82' lang='lat'><strong>23,</strong></span> <span class='ocrx_word' id='word_1_370' title='bbox 1123 3642 1177 3701; x_wconf 84' lang='lat' dir='ltr'><strong>scd</strong></span> <span class='ocrx_word' id='word_1_371' title='bbox 1197 3644 1256 3720; x_wconf 83' lang='lat' dir='ltr'><strong>itu,</strong></span> <span class='ocrx_word' id='word_1_372' title='bbox 1285 3651 1317 3704; x_wconf 81' lang='lat' dir='ltr'><strong>art</strong></span> <span class='ocrx_word' id='word_1_373' title='bbox 1340 3650 1498 3718; x_wconf 82' lang='lat' dir='ltr'><strong>utrumque</strong></span> 
     </span>
     <span class='ocr_line' id='line_1_38' title="bbox 200 3739 1080 3819; baseline 0.005 -19"><span class='ocrx_word' id='word_1_374' title='bbox 200 3749 354 3802; x_wconf 81' lang='lat' dir='ltr'><strong>auctorem</strong></span> <span class='ocrx_word' id='word_1_375' title='bbox 377 3744 457 3801; x_wconf 84' lang='lat' dir='ltr'><strong>inter</strong></span> <span class='ocrx_word' id='word_1_376' title='bbox 477 3756 509 3799; x_wconf 87' lang='lat' dir='ltr'><strong>sc</strong></span> <span class='ocrx_word' id='word_1_377' title='bbox 531 3739 678 3812; x_wconf 75' lang='lat' dir='ltr'><strong>conferre</strong></span> <span class='ocrx_word' id='word_1_378' title='bbox 698 3759 759 3802; x_wconf 84' lang='lat' dir='ltr'><strong>non</strong></span> <span class='ocrx_word' id='word_1_379' title='bbox 781 3743 896 3803; x_wconf 82' lang='lat' dir='ltr'><strong>nuliius</strong></span> <span class='ocrx_word' id='word_1_380' title='bbox 916 3744 955 3803; x_wconf 85' lang='lat' dir='ltr'><strong>sit</strong></span> <span class='ocrx_word' id='word_1_381' title='bbox 971 3746 1080 3819; x_wconf 80' lang='lat' dir='ltr'><strong>pretii:</strong></span> 
     </span>
    </p>
   </div>
   <div class='ocr_carea' id='block_1_8' title="bbox 154 3859 1498 4530">
    <p class='ocr_par' dir='ltr' id='par_1_11' title="bbox 154 3859 1498 4530">
     <span class='ocr_line' id='line_1_39' title="bbox 285 3859 1496 3940; baseline 0.002 -24"><span class='ocrx_word' id='word_1_382' title='bbox 285 3860 342 3917; x_wconf 92' lang='lat' dir='ltr'><strong>lloc</strong></span> <span class='ocrx_word' id='word_1_383' title='bbox 363 3863 433 3918; x_wconf 89' lang='lat' dir='ltr'><strong>scire</strong></span> <span class='ocrx_word' id='word_1_384' title='bbox 456 3861 603 3932; x_wconf 84' lang='lat' dir='ltr'><strong>debemus,</strong></span> <span class='ocrx_word' id='word_1_385' title='bbox 626 3879 709 3937; x_wconf 87' lang='lat' dir='ltr'><strong>quare</strong></span> <span class='ocrx_word' id='word_1_386' title='bbox 732 3859 883 3938; x_wconf 72' lang='lat' dir='ltr'><strong>tirtalecum</strong></span> <span class='ocrx_word' id='word_1_387' title='bbox 907 3881 1072 3938; x_wconf 90' lang='lat' dir='ltr'><strong>pronomen,</strong></span> <span class='ocrx_word' id='word_1_388' title='bbox 1095 3864 1166 3940; x_wconf 88' lang='lat' dir='ltr'><strong>quod</strong></span> <span class='ocrx_word' id='word_1_389' title='bbox 1184 3874 1227 3921; x_wconf 83' lang='lat' dir='ltr'><strong>ost</strong></span> <span class='ocrx_word' id='word_1_390' title='bbox 1242 3865 1331 3939; x_wconf 88' lang='lat' dir='ltr'><strong>‘ogo’,</strong></span> <span class='ocrx_word' id='word_1_391' title='bbox 1353 3865 1496 3923; x_wconf 87' lang='lat' dir='ltr'><strong>adductum</strong></span> 
     </span>
     <span class='ocr_line' id='line_1_40' title="bbox 199 3945 1496 4025; baseline 0.002 -23"><span class='ocrx_word' id='word_1_392' title='bbox 199 3955 241 4002; x_wconf 80' lang='lat' dir='ltr'><strong>cst</strong></span> <span class='ocrx_word' id='word_1_393' title='bbox 263 3947 290 4001; x_wconf 89' lang='lat' dir='ltr'><strong>iu</strong></span> <span class='ocrx_word' id='word_1_394' title='bbox 313 3945 406 4003; x_wconf 83' lang='lat' dir='ltr'><strong>Latina</strong></span> <span class='ocrx_word' id='word_1_395' title='bbox 429 3945 540 4021; x_wconf 80' lang='lat' dir='ltr'><strong>regula,</strong></span> <span class='ocrx_word' id='word_1_396' title='bbox 563 3963 623 4003; x_wconf 91' lang='lat' dir='ltr'><strong>cum</strong></span> <span class='ocrx_word' id='word_1_397' title='bbox 646 3948 783 4021; x_wconf 88' lang='lat' dir='ltr'><strong>potuisset</strong></span> <span class='ocrx_word' id='word_1_398' title='bbox 806 3946 871 4004; x_wconf 91' lang='lat' dir='ltr'><strong>illud</strong></span> <span class='ocrx_word' id='word_1_399' title='bbox 896 3948 1013 4020; x_wconf 85' lang='lat' dir='ltr'><strong>seruari,</strong></span> <span class='ocrx_word' id='word_1_400' title='bbox 1042 3951 1113 4025; x_wconf 86' lang='lat' dir='ltr'><strong>quod</strong></span> <span class='ocrx_word' id='word_1_401' title='bbox 1136 3959 1203 4024; x_wconf 89' lang='lat' dir='ltr'><strong>aput</strong></span> <span class='ocrx_word' id='word_1_402' title='bbox 1225 3950 1496 4024; x_wconf 86' lang='lat' dir='ltr'><strong>antiquissimos</strong></span> 
     </span>
     <span class='ocr_line' id='line_1_41' title="bbox 198 4032 1497 4106; baseline 0.003 -20"><span class='ocrx_word' id='word_1_403' title='bbox 198 4032 505 4104; x_wconf 86' lang='lat' dir='ltr'><strong>grammaticorum</strong></span> <span class='ocrx_word' id='word_1_404' title='bbox 528 4033 590 4089; x_wconf 87' lang='lat' dir='ltr'><strong>luit.</strong></span> <span class='ocrx_word' id='word_1_405' title='bbox 625 4032 683 4089; x_wconf 88' lang='lat' dir='ltr'><strong>Non</strong></span> <span class='ocrx_word' id='word_1_406' title='bbox 700 4033 770 4089; x_wconf 89' lang='lat' dir='ltr'><strong>enim</strong></span> <span class='ocrx_word' id='word_1_407' title='bbox 787 4033 862 4106; x_wconf 85' lang='lat' dir='ltr'><strong>‘ego&#39;</strong></span> <span class='ocrx_word' id='word_1_408' title='bbox 881 4035 942 4104; x_wconf 88' lang='lat' dir='ltr'><strong>init,</strong></span> <span class='ocrx_word' id='word_1_409' title='bbox 958 4034 1005 4090; x_wconf 85' lang='lat' dir='ltr'><strong>sod</strong></span> <span class='ocrx_word' id='word_1_410' title='bbox 1021 4034 1108 4091; x_wconf 86' lang='lat' dir='ltr'><strong>‘met’.</strong></span> <span class='ocrx_word' id='word_1_411' title='bbox 1140 4035 1173 4091; x_wconf 84' lang='lat' dir='ltr'><strong>Et</strong></span> <span class='ocrx_word' id='word_1_412' title='bbox 1188 4034 1327 4091; x_wconf 87' lang='lat' dir='ltr'><strong>sciendum</strong></span> <span class='ocrx_word' id='word_1_413' title='bbox 1344 4043 1396 4104; x_wconf 90' lang='lat' dir='ltr'><strong>est,</strong></span> <span class='ocrx_word' id='word_1_414' title='bbox 1413 4052 1497 4106; x_wconf 88' lang='lat' dir='ltr'><strong>quare</strong></span> 
     </span>
     <span class='ocr_line' id='line_1_42' title="bbox 199 4117 1496 4197; baseline 0.002 -25"><span class='ocrx_word' id='word_1_415' title='bbox 199 4126 252 4172; x_wconf 89' lang='lat' dir='ltr'><strong>met</strong></span> <span class='ocrx_word' id='word_1_416' title='bbox 269 4117 421 4190; x_wconf 86' lang='lat' dir='ltr'><strong>proiectum</strong></span> <span class='ocrx_word' id='word_1_417' title='bbox 438 4125 481 4173; x_wconf 87' lang='lat' dir='ltr'><strong>est</strong></span> <span class='ocrx_word' id='word_1_418' title='bbox 496 4125 524 4173; x_wconf 89' lang='lat' dir='ltr'><strong>ct</strong></span> <span class='ocrx_word' id='word_1_419' title='bbox 538 4119 658 4191; x_wconf 88' lang='lat' dir='ltr'><strong>positum</strong></span> <span class='ocrx_word' id='word_1_420' title='bbox 674 4127 718 4174; x_wconf 87' lang='lat' dir='ltr'><strong>est</strong></span> <span class='ocrx_word' id='word_1_421' title='bbox 732 4117 793 4175; x_wconf 89' lang='lat' dir='ltr'><strong>loco</strong></span> <span class='ocrx_word' id='word_1_422' title='bbox 810 4119 869 4175; x_wconf 88' lang='lat' dir='ltr'><strong>eius</strong></span> <span class='ocrx_word' id='word_1_423' title='bbox 886 4118 973 4192; x_wconf 82' lang='lat' dir='ltr'><strong>‘ego’3</strong></span> <span class='ocrx_word' id='word_1_424' title='bbox 995 4118 1056 4197; x_wconf 80' lang='lat' dir='ltr'><strong>ideo</strong></span> <span class='ocrx_word' id='word_1_425' title='bbox 1071 4120 1111 4177; x_wconf 90' lang='lat' dir='ltr'><strong>sic</strong></span> <span class='ocrx_word' id='word_1_426' title='bbox 1127 4120 1227 4176; x_wconf 88' lang='lat' dir='ltr'><strong>lactum</strong></span> <span class='ocrx_word' id='word_1_427' title='bbox 1244 4128 1296 4189; x_wconf 83' lang='lat' dir='ltr'><strong>est,</strong></span> <span class='ocrx_word' id='word_1_428' title='bbox 1315 4119 1387 4192; x_wconf 88' lang='lat' dir='ltr'><strong>quod</strong></span> <span class='ocrx_word' id='word_1_429' title='bbox 1404 4119 1496 4175; x_wconf 86' lang='lat' dir='ltr'><strong>uidon-</strong></span> 
     </span>
     <span class='ocr_line' id='line_1_43' title="bbox 200 4202 1498 4278; baseline 0.002 -22"><span class='ocrx_word' id='word_1_430' title='bbox 200 4211 240 4256; x_wconf 90' lang='lat' dir='ltr'><strong>tos</strong></span> <span class='ocrx_word' id='word_1_431' title='bbox 268 4202 406 4276; x_wconf 83' lang='lat' dir='ltr'><strong>posteri</strong></span> <span class='ocrx_word' id='word_1_432' title='bbox 429 4204 664 4275; x_wconf 88' lang='lat' dir='ltr'><strong>grammatici,</strong></span> <span class='ocrx_word' id='word_1_433' title='bbox 694 4204 766 4276; x_wconf 86' lang='lat' dir='ltr'><strong>quod</strong></span> <span class='ocrx_word' id='word_1_434' title='bbox 790 4205 856 4260; x_wconf 87' lang='lat' dir='ltr'><strong>haec</strong></span> <span class='ocrx_word' id='word_1_435' title='bbox 878 4221 957 4278; x_wconf 85' lang='lat' dir='ltr'><strong>pars,</strong></span> <span class='ocrx_word' id='word_1_436' title='bbox 987 4205 1057 4260; x_wconf 89' lang='lat' dir='ltr'><strong>idest</strong></span> <span class='ocrx_word' id='word_1_437' title='bbox 1079 4202 1183 4273; x_wconf 78' lang='lat' dir='ltr'><strong>‘mrt’,</strong></span> <span class='ocrx_word' id='word_1_438' title='bbox 1213 4203 1292 4260; x_wconf 80' lang='lat' dir='ltr'><strong>abin</strong></span> <span class='ocrx_word' id='word_1_439' title='bbox 1318 4204 1447 4261; x_wconf 84' lang='lat' dir='ltr'><strong>inchoans</strong></span> <span class='ocrx_word' id='word_1_440' title='bbox 1470 4213 1498 4260; x_wconf 76' lang='lat' dir='ltr'><strong>et</strong></span> 
     </span>
     <span class='ocr_line' id='line_1_44' title="bbox 154 4285 1496 4363; baseline 0.003 -22"><span class='ocrx_word' id='word_1_441' title='bbox 154 4308 156 4313; x_wconf 95' lang='lat'>·</span> <span class='ocrx_word' id='word_1_442' title='bbox 198 4287 223 4341; x_wconf 91' lang='lat' dir='ltr'><strong>in</strong></span> <span class='ocrx_word' id='word_1_443' title='bbox 249 4295 259 4341; x_wconf 94' lang='lat' dir='ltr'><strong>t</strong></span> <span class='ocrx_word' id='word_1_444' title='bbox 281 4285 408 4341; x_wconf 86' lang='lat' dir='ltr'><strong>desinens</strong></span> <span class='ocrx_word' id='word_1_445' title='bbox 431 4285 552 4358; x_wconf 83' lang='lat' dir='ltr'><strong>regulam</strong></span> <span class='ocrx_word' id='word_1_446' title='bbox 575 4285 633 4343; x_wconf 89' lang='lat' dir='ltr'><strong>sola</strong></span> <span class='ocrx_word' id='word_1_447' title='bbox 656 4289 799 4344; x_wconf 88' lang='lat' dir='ltr'><strong>continere</strong></span> <span class='ocrx_word' id='word_1_448' title='bbox 822 4305 876 4346; x_wconf 89' lang='lat' dir='ltr'><strong>non</strong></span> <span class='ocrx_word' id='word_1_449' title='bbox 901 4290 1053 4363; x_wconf 84' lang='lat' dir='ltr'><strong>potuisset,</strong></span> <span class='ocrx_word' id='word_1_450' title='bbox 1083 4287 1246 4363; x_wconf 82' lang='lat' dir='ltr'><strong>expulerunt</strong></span> <span class='ocrx_word' id='word_1_451' title='bbox 1270 4287 1347 4346; x_wconf 79' lang='lat' dir='ltr'><strong>‘met&#39;</strong></span> <span class='ocrx_word' id='word_1_452' title='bbox 1373 4288 1496 4345; x_wconf 80' lang='lat' dir='ltr'><strong>latinum</strong></span> 
     </span>
     <span class='ocr_line' id='line_1_45' title="bbox 198 4371 1496 4448; baseline 0.002 -22"><span class='ocrx_word' id='word_1_453' title='bbox 198 4386 347 4444; x_wconf 82' lang='lat' dir='ltr'><strong>pronomen</strong></span> <span class='ocrx_word' id='word_1_454' title='bbox 371 4378 399 4426; x_wconf 84' lang='lat' dir='ltr'><strong>et</strong></span> <span class='ocrx_word' id='word_1_455' title='bbox 422 4381 574 4444; x_wconf 88' lang='lat' dir='ltr'><strong>posuerunt</strong></span> <span class='ocrx_word' id='word_1_456' title='bbox 596 4371 685 4445; x_wconf 86' lang='lat' dir='ltr'><strong>‘ego’‚</strong></span> <span class='ocrx_word' id='word_1_457' title='bbox 709 4373 781 4446; x_wconf 89' lang='lat' dir='ltr'><strong>quod</strong></span> <span class='ocrx_word' id='word_1_458' title='bbox 804 4383 848 4430; x_wconf 91' lang='lat' dir='ltr'><strong>est</strong></span> <span class='ocrx_word' id='word_1_459' title='bbox 870 4373 1039 4445; x_wconf 86' lang='lat' dir='ltr'><strong>Gr(a)ccum,</strong></span> <span class='ocrx_word' id='word_1_460' title='bbox 1062 4391 1112 4448; x_wconf 88' lang='lat' dir='ltr'><strong>por</strong></span> <span class='ocrx_word' id='word_1_461' title='bbox 1134 4372 1254 4446; x_wconf 89' lang='lat' dir='ltr'><strong>reliquos</strong></span> <span class='ocrx_word' id='word_1_462' title='bbox 1277 4390 1356 4430; x_wconf 86' lang='lat' dir='ltr'><strong>casus</strong></span> <span class='ocrx_word' id='word_1_463' title='bbox 1378 4375 1496 4430; x_wconf 89' lang='lat' dir='ltr'><strong>doctina·</strong></span> 
     </span>
     <span class='ocr_line' id='line_1_46' title="bbox 199 4456 667 4530; baseline 0.006 -20"><span class='ocrx_word' id='word_1_464' title='bbox 199 4457 298 4511; x_wconf 86' lang='lat' dir='ltr'><strong>tionem</strong></span> <span class='ocrx_word' id='word_1_465' title='bbox 322 4456 464 4530; x_wconf 91' lang='lat' dir='ltr'><strong>pristinam</strong></span> <span class='ocrx_word' id='word_1_466' title='bbox 488 4465 667 4514; x_wconf 88' lang='lat' dir='ltr'><strong>reseruantes.</strong></span> 
     </span>
    </p>
   </div>
   <div class='ocr_carea' id='block_1_9' title="bbox 200 4571 1497 4755">
    <p class='ocr_par' dir='ltr' id='par_1_12' title="bbox 200 4571 1497 4755">
     <span class='ocr_line' id='line_1_47' title="bbox 284 4571 1497 4654; baseline 0.002 -23"><span class='ocrx_word' id='word_1_467' title='bbox 284 4571 367 4642; x_wconf 79' lang='lat' dir='ltr'><strong>eroc</strong></span> <span class='ocrx_word' id='word_1_468' title='bbox 388 4573 502 4633; x_wconf 85' lang='lat' dir='ltr'><strong>sicum</strong></span> <span class='ocrx_word' id='word_1_469' title='bbox 525 4573 613 4633; x_wconf 85' lang='lat' dir='ltr'><strong>Petro</strong></span> <span class='ocrx_word' id='word_1_470' title='bbox 635 4573 790 4650; x_wconf 80' lang='lat' dir='ltr'><strong>conseras,</strong></span> <span class='ocrx_word' id='word_1_471' title='bbox 815 4576 939 4654; x_wconf 72' lang='lat' dir='ltr'><strong>uidebm,</strong></span> <span class='ocrx_word' id='word_1_472' title='bbox 955 4577 1078 4636; x_wconf 82' lang='lat' dir='ltr'><strong>Petrum</strong></span> <span class='ocrx_word' id='word_1_473' title='bbox 1102 4573 1141 4633; x_wconf 87' lang='lat' dir='ltr'><strong>ob</strong></span> <span class='ocrx_word' id='word_1_474' title='bbox 1163 4574 1252 4634; x_wconf 83' lang='lat' dir='ltr'><strong>buius</strong></span> <span class='ocrx_word' id='word_1_475' title='bbox 1274 4579 1349 4636; x_wconf 81' lang='lat' dir='ltr'><strong>ortis</strong></span> <span class='ocrx_word' id='word_1_476' title='bbox 1371 4585 1497 4637; x_wconf 82' lang='lat' dir='ltr'><strong>auctore</strong></span> 
     </span>
     <span class='ocr_line' id='line_1_48' title="bbox 200 4673 1496 4755; baseline 0.005 -25"><span class='ocrx_word' id='word_1_477' title='bbox 200 4679 283 4732; x_wconf 84' lang='lat' dir='ltr'><strong>certe</strong></span> <span class='ocrx_word' id='word_1_478' title='bbox 304 4689 365 4733; x_wconf 85' lang='lat' dir='ltr'><strong>non</strong></span> <span class='ocrx_word' id='word_1_479' title='bbox 381 4674 546 4735; x_wconf 71' lang='lat' dir='ltr'><strong>adhibitum</strong></span> <span class='ocrx_word' id='word_1_480' title='bbox 564 4673 678 4748; x_wconf 83' lang='lat' dir='ltr'><strong>foisse:</strong></span> <span class='ocrx_word' id='word_1_481' title='bbox 700 4676 780 4740; x_wconf 82' lang='lat' dir='ltr'><strong>iliud</strong></span> <span class='ocrx_word' id='word_1_482' title='bbox 793 4695 869 4739; x_wconf 83' lang='lat' dir='ltr'><strong>uero</strong></span> <span class='ocrx_word' id='word_1_483' title='bbox 883 4694 942 4738; x_wconf 84' lang='lat' dir='ltr'><strong>non</strong></span> <span class='ocrx_word' id='word_1_484' title='bbox 959 4681 1003 4737; x_wconf 86' lang='lat' dir='ltr'><strong>ita</strong></span> <span class='ocrx_word' id='word_1_485' title='bbox 1018 4678 1165 4737; x_wconf 82' lang='lat' dir='ltr'><strong>audenter</strong></span> <span class='ocrx_word' id='word_1_486' title='bbox 1179 4679 1370 4755; x_wconf 82' lang='lat' dir='ltr'><strong>contendam,</strong></span> <span class='ocrx_word' id='word_1_487' title='bbox 1386 4685 1496 4739; x_wconf 85' lang='lat' dir='ltr'><strong>contra</strong></span> 
     </span>
    </p>
   </div>
   <div class='ocr_carea' id='block_1_10' title="bbox 0 0 1714 5378">
    <p class='ocr_par' dir='ltr' id='par_1_13' title="bbox 0 0 1714 5378">
     <span class='ocr_line' id='line_1_49' title="bbox 0 0 1714 5378; baseline 0 2"><span class='ocrx_word' id='word_1_488' title='bbox 0 0 1714 5378; x_wconf 95' lang='lat' dir='ltr'><strong> </strong></span> 
     </span>
    </p>
   </div>
  </div>
 </body>
</html>
