3420 5378
206 271 249 336 42
745 270 813 321 nus
832 270 964 322 aarum

204 460 347 522 indicium
372 459 526 521 seruitium
550 457 728 520 elementum
753 459 932 538 principium
963 457 1149 538 euangelium
1172 459 1289 521 initium
1311 457 1503 521 adiutorium.

204 564 309 625 Omnia
332 561 406 623 baec
420 561 540 622 nomina
556 563 656 623 neutri
672 562 790 640 generis
805 567 875 620 sunt
890 570 920 622 et
935 560 1046 638 taliter,
1070 569 1102 622 ut
1114 579 1204 641 supra
1219 560 1504 643 conprehendimus,

203 673 232 726 ct
253 667 309 726 ista
333 664 429 725 ethis
451 663 557 725 similia
580 660 817 725 decimabuntur.

285 767 359 827 ltem
382 783 491 826 nornen
514 773 652 826 neutrum
677 764 756 842 quod
779 765 961 826 nominatiuo
983 781 1053 826 casu
1075 766 1137 826 ins
1158 764 1287 827 litteram
1309 763 1430 834 desinit,
1452 783 1504 846 pe·

202 878 267 931 ctus
289 886 398 929 nomen
421 866 775 950 appellatiuum,generis
799 867 897 928 neutri
920 869 1038 928 numeri
1052 866 1210 946 singularis
1224 867 1338 946 ligurae
1359 865 1527 947 simpliciss

202 989 288 1033 casus
310 970 486 1031 nominatiui
508 970 667 1031 accusatini
690 976 720 1029 et
742 970 871 1030 uocatiui
894 968 972 1048 quod
1001 967 1198 1031 declinabitur
1221 970 1278 1030 sic:
1317 970 1504 1031 nominatiuo

201 1072 258 1134 boc
280 1080 400 1153 pectus,
429 1072 570 1149 genetiuo
592 1070 681 1133 huius
704 1073 850 1150 pectoris,
880 1071 980 1131 datiuo
1002 1070 1072 1132 huic
1093 1072 1224 1151 pectori,
1252 1071 1426 1133 accusatiuo
1448 1070 1504 1133 boc

200 1184 319 1256 pectus,
343 1174 480 1235 uocatiuo
503 1192 521 1234 o
543 1182 662 1253 pectus,
692 1172 821 1235 ablatiuo
850 1173 886 1235 ab
909 1173 966 1234 boc
989 1180 1110 1252 pectore
1133 1181 1163 1234 et
1184 1170 1341 1252 pluraliter
1363 1173 1501 1234 nomint·

201 1279 263 1338 tiuo
285 1276 359 1337 haec
381 1282 516 1355 pectora,
540 1276 680 1354 genetiuo
702 1274 810 1337 horum
832 1282 1002 1356 pectorum,
1027 1274 1126 1336 datiuo
1142 1274 1188 1336 bis
1202 1272 1390 1354 pectoribus,
1416 1292 1502 1335 accu-

200 1379 296 1440 satiuo
318 1376 392 1439 haec
415 1385 549 1458 pectora,
575 1377 711 1439 uocatino
734 1396 752 1437 o
774 1385 910 1457 pectora,
940 1375 1069 1437 ablatiuo
1092 1375 1129 1437 ab
1152 1375 1199 1437 bis
1222 1365 1407 1457 pectoribus.
1452 1376 1536 1438 Sion

200 1478 409 1543 declinandum
432 1487 477 1540 est
499 1489 615 1560 tempus
638 1497 744 1541 nemus
766 1498 840 1559 opus
861 1496 932 1540 crus
954 1498 988 1540 os
1010 1478 1048 1540 de
1069 1495 1137 1539 osse
1159 1496 1193 1539 os
1220 1477 1257 1540 de
1279 1496 1333 1541 ore
1357 1496 1412 1540 uas
1434 1495 1500 1539 cor·

200 1601 267 1663 pus.
296 1583 369 1643 ltem
393 1589 533 1643 neutrum
555 1581 634 1660 quod
657 1583 687 1642 in
711 1578 874 1642 nlitteram
891 1580 1014 1652 desinit,
1038 1598 1147 1642 nornen
1163 1596 1270 1643 nomen
1285 1577 1500 1661 appellatiuum

200 1685 318 1764 generis
340 1685 439 1745 neutri
462 1684 579 1744 numeri
606 1680 765 1762 singularis
792 1685 905 1762 figurae
933 1680 1076 1763 simplicis
1098 1699 1184 1744 casus
1211 1682 1388 1744 nominatiui
1412 1700 1499 1743 accu-

199 1787 288 1847 salini
310 1794 340 1847 et
362 1788 491 1848 uocatiui
514 1785 591 1863 quod
615 1784 812 1846 declinabitur
834 1785 892 1846 sic:
917 1785 1100 1846 nominatiuo
1122 1783 1180 1844 lroc
1202 1801 1329 1854 nomeu,
1359 1786 1499 1864 genetiuo

200 1888 287 1948 huius
314 1889 458 1957 nominis,
489 1888 589 1949 datiuo
616 1886 687 1949 huic
715 1887 842 1958 nomini,
876 1887 1046 1948 accusation
1075 1885 1133 1947 hoc
1160 1903 1284 1955 nomen,
1311 1886 1454 1948 uocatiuo
1480 1904 1532 1947 on

199 2006 324 2059 nomeu,
354 1988 485 2050 ablatiuo
513 1988 549 2050 ab
578 1988 635 2050 hoc
663 1989 783 2050 nomine
812 1996 841 2049 et
870 1986 1022 2068 pluraliter
1051 1988 1234 2050 nominatino
1263 1987 1337 2050 baec
1365 1989 1497 2059 nomina,

199 2091 336 2169 genetiuo
359 2089 466 2152 borum
490 2092 659 2160 nominum,
684 2089 784 2151 datiuo
807 2089 854 2151 bis
876 2089 1061 2160 nominibus,
1084 2090 1255 2152 accusatiuo
1277 2089 1352 2152 baec
1366 2092 1497 2159 nomina.

201 2194 338 2254 uocatiuo
361 2211 378 2251 o
402 2193 535 2261 uomina,
559 2191 689 2255 ablatiuo
712 2190 749 2253 ab
772 2191 818 2252 his
841 2190 1020 2253 nominibus.
1059 2192 1107 2253 Sic
1130 2188 1340 2254 declinandum
1363 2200 1410 2255 est
1431 2207 1497 2270 gre

201 2312 269 2354 men
292 2291 455 2355 fundamen
477 2294 588 2355 liumen
612 2296 721 2373 inguen
750 2311 875 2356 acumen
905 2311 1048 2355 cacumen
1075 2291 1225 2355 luctamen
1252 2301 1367 2356 stamen
1395 2295 1497 2355 uimeu

201 2393 335 2455 bitumen
358 2403 507 2456 certamen
536 2397 648 2456 crimen
677 2395 810 2457 foramen
839 2393 939 2457 lumen
968 2394 1057 2456 limen
1087 2396 1221 2474 lragmen
1248 2413 1370 2457 carmen
1397 2393 1532 2458 lameneo

199 2495 314 2559 iulmen
336 2515 460 2576 gramen
483 2515 615 2559 examen.
645 2497 720 2558 item
743 2515 852 2559 nomen
875 2504 1013 2559 neutrum
1037 2496 1116 2576 quod
1138 2498 1170 2558 in
1192 2497 1355 2560 rlitteram
1377 2496 1497 2567 desiuit,

199 2618 335 2662 murmur
357 2616 468 2660 nomen
490 2597 701 2679 appellatiuum
724 2601 844 2679 generis
867 2601 965 2661 neutri
981 2601 1098 2660 numeri
1112 2598 1270 2683 singularis
1290 2600 1405 2678 figurae
1426 2600 1505 2661 sim-—

198 2701 285 2783 plicis
307 2720 394 2765 casus
416 2701 589 2762 nominatiui
612 2701 772 2765 accusatiui
796 2708 826 2762 et
847 2703 977 2763 uocatiui
999 2701 1078 2781 quod
1100 2699 1299 2763 declinabitur
1320 2701 1379 2762 sic:
1401 2702 1497 2763 nomi·

197 2806 299 2866 natiuo
321 2803 378 2865 hoc
401 2820 552 2873 murmur,
575 2804 715 2882 genetiuo
738 2802 825 2864 buius
847 2806 1024 2875 murmuris,
1048 2802 1147 2864 datiuo
1169 2803 1239 2865 huic
1262 2803 1424 2872 murmuri,
1448 2821 1496 2865 ac·

199 2908 333 2968 cusatiuo
356 2905 413 2965 boc
436 2923 586 2976 murmur,
609 2906 747 2967 uocatiuo
769 2923 788 2965 o
810 2923 962 2977 murmur,
985 2904 1115 2967 ablatiuo
1143 2904 1181 2967 ab
1204 2903 1261 2965 lroc
1282 2888 1439 2967 murmure
1468 2912 1531 2965 etas

199 3005 353 3086 pluraliter
375 3008 559 3068 nominatiuo
582 3006 656 3068 baec
679 3025 848 3078 murmura,
875 3008 1013 3085 genetiuo
1036 3007 1143 3069 borum
1166 3024 1370 3076 murmurum,
1394 3005 1497 3069 datiuo

199 3107 246 3168 bis
269 3107 486 3177 mnrmuribus,
511 3110 678 3170 accusation
700 3107 775 3170 baec
790 3126 958 3178 murmura,
981 3110 1119 3170 uocatiuo
1142 3127 1343 3178 omurmura‚
1366 3107 1497 3171 ablatiuo

199 3208 236 3270 eb
259 3208 306 3269 his
329 3209 542 3271 murmuribus.
588 3211 638 3271 Sic
660 3210 869 3272 declinandum
892 3218 937 3271 est
964 3211 1062 3289 iulgur
1089 3210 1214 3290 sulphur
1240 3211 1338 3270 lemur
1366 3216 1526 3273 marmor‘

200 3329 253 3371 cor
275 3310 414 3390 puluinar
443 3330 574 3392 papauer
603 3317 705 3391 guttur
733 3311 827 3373 robur
854 3311 892 3373 dc
914 3309 1037 3383 arbore,
1065 3311 1157 3374 robor
1186 3310 1223 3374 dc
1247 3312 1374 3381 uirtute,
1402 3310 1496 3375 rubor

199 3411 319 3474 coloris.
365 3414 436 3474 item
460 3432 570 3475 nomeu
594 3421 733 3475 neutrum
757 3413 837 3493 quod
860 3415 891 3474 in
907 3431 924 3474 e
939 3411 1067 3474 litteram
1083 3413 1207 3476 desinit:
1231 3414 1416 3475 nominatiuo
1439 3413 1529 3475 bocar

199 3514 335 3585 mantile,
360 3516 500 3592 genetiuo
522 3515 610 3576 huius
632 3515 775 3588 mantilis,
799 3515 898 3578 darino
913 3514 984 3575 huic
998 3515 1128 3585 mantili,
1152 3517 1323 3577 accusatiuo
1339 3515 1398 3579 boc
1412 3534 1495 3579 man·

199 3615 265 3688 tile,
287 3618 427 3678 uocatiuo
449 3635 467 3676 0
490 3615 625 3688 mantile,
650 3616 778 3679 ablatino
801 3616 838 3679 ab
861 3617 918 3679 boc
941 3618 1062 3678 mantile
1084 3627 1114 3680 et
1135 3616 1289 3698 pluraliter
1310 3619 1496 3681 nominatiuo

267 3920 448 3971 linlicitnmd
485 3921 664 3971 elimentnmn
733 3921 929 3972 dnomenestB
963 3921 1100 3971 litteraAB
1136 3922 1263 3973 desinetB
1294 3934 1496 3989 (1100110101-

199 4004 247 4053 pus
267 4002 333 4054 opus
351 4004 409 4039 crus
427 3988 525 4039 focinus
543 4005 622 4054 pecus
640 3988 724 4041 soclus
742 4005 835 4041 munus
853 3990 929 4040 lunus
947 4006 991 4039 rus
1010 4005 1104 4055 corpus
1123 4005 1151 4040 os
1164 3992 1195 4040 de
1208 4007 1258 4045 ore.
1286 3992 1348 4042 Item
1361 4003 1496 4057 genuerat

199 4067 315 4105 neutrum
334 4058 405 4120 quod
417 4058 441 4106 iu
456 4072 470 4106 n
484 4064 532 4109 etc.
545 4056 574 4116 B,
587 4060 679 4109 omissa
691 4062 804 4123 ‘pectus'
818 4061 922 4109 nominis
931 4059 1099 4108 declinatione
1170 4060 1200 4108 12
1212 4058 1329 4111 litterari
1365 4059 1495 4111 uetuerit

199 4136 331 4174 1111101101
350 4125 397 4174 hoc
416 4140 508 4174 nomen
527 4126 603 4175 lartius
622 4127 738 4176 nomenis
758 4126 894 4191 (tempere
910 4143 960 4191 pro
972 4125 991 4189 i)
1011 4135 1059 4176 etc.
1078 4128 1187 4177 enebris:
1207 4141 1297 4177 nomon
1311 4128 1495 4194 appellatiuum

199 4219 231 4228 -
250 4194 288 4241 sic
306 4194 465 4243 nominatiuo
484 4192 504 4241 B
540 4197 645 4245 altem
663 4199 778 4243 ‘nomen’
798 4201 857 4245 onte
875 4195 1059 4259 appellaturum
1078 4211 1125 4245 0111.
1142 4196 1165 4244 Α
1237 4196 1268 4244 16
1287 4197 1391 4246 nomine
1410 4197 1499 4263 plum⁴

198 4261 255 4310 liter
272 4259 335 4311 llaec
353 4276 471 4324 nomena,
490 4262 593 4312 omissis
611 4277 718 4313 casuum
736 4263 884 4312 nominibus
903 4261 923 4310 B
994 4262 1025 4312 18
1044 4263 1174 4312 Nominum
1192 4263 1308 4313 elenchus
1325 4265 1348 4314 is
1366 4266 1444 4315 estin
1456 4264 1494 4315 B:

198 4343 305 4394 gramen
324 4330 420 4395 inguen
438 4327 572 4394 (inguene)
599 4329 676 4380 limen
699 4345 800 4380 carmen
823 4331 917 4379 liumen
941 4341 1038 4380 stamen
1063 4332 1147 4380 nimon
1172 4330 1256 4380 lumen
1279 4346 1386 4382 ncrrmen
1411 4333 1494 4383 lamen

197 4397 310 4447 bitumen
329 4407 455 4447 certamen
474 4396 587 4447 iorumeu
607 4410 631 4447 et
648 4398 689 4448 hie
708 4398 933 4459 similia(semilia)
987 4400 1018 4448 19
1030 4398 1166 4449 inndnmen
1183 4396 1245 4461 [ln
1297 4401 1329 4449 21
1348 4414 1454 4465 gremeu
1474 4402 1494 4450 A

198 4466 230 4515 22
249 4475 277 4514 ut
294 4479 407 4514 1111111101
425 4463 494 4516 1011.
514 4466 562 4516 boc
580 4480 693 4516 murmor
710 4465 786 4517 buius
804 4467 954 4525 murmoris,
974 4466 1032 4515 huic
1049 4467 1171 4516 murmuri
1191 4473 1239 4517 etc.
1254 4466 1364 4532 (comper
1378 4482 1393 4518 o
1403 4483 1455 4534 pro
1467 4468 1497 4529 u)

197 4535 296 4584 01110110
312 4535 417 4599 reliquis
435 4541 461 4584 ct
478 4550 579 4585 00111011(
597 4534 772 4585 nominiburB
841 4534 978 4600 beratgar
996 4534 1039 4583 AB
1092 4533 1200 4599 sulphur
1218 4535 1297 4585 oncB
1350 4534 1432 4587 lemor
1451 4536 1495 4586 ΑΒ

198 4615 310 4650 marmor
328 4616 402 4650 cruor
420 4616 464 4651 cor
482 4617 529 4668 per
547 4603 623 4652 robor
641 4603 719 4652 robur
737 4603 814 4651 rubor
831 4603 863 4652 de
881 4603 971 4653 arbore
989 4604 1022 4652 de
1041 4603 1134 4652 uirtute
1151 4602 1183 4651 de
1200 4603 1294 4654 colore.
1320 4604 1383 4653 lte-m
1403 4618 1495 4656 nomeu

198 4680 237 4718 est
254 4679 371 4717 1011111111
390 4669 477 4720 erait
530 4672 562 4720 29
580 4672 704 4734 guttorli
776 4674 809 4722 30
827 4672 994 4733 nominatiuo,
1012 4671 1131 4735 genenuo
1150 4678 1197 4721 etr.
1216 4671 1301 4722 om.ll
1370 4674 1403 4724 31
1422 4687 1496 4724 man·

199 4735 265 4799 telis,
283 4735 386 4786 ninuteli
405 4736 424 4785 B
493 4739 526 4789 32
544 4738 647 4788 mantile
666 4737 796 4803 pluraliter
815 4738 833 4786 B
887 4739 1056 4802 nominetiuo,
1074 4739 1193 4804 gernetiuo
1211 4747 1260 4790 etc.
1279 4754 1326 4790 om.
1346 4738 1366 4787 B
