3420 5378
716 297 929 350 BERNENSIS.
1431 297 1470 360 77

172 486 341 551 Donatus
367 485 456 547 dixit:
481 482 688 565 Aliquando
711 487 807 546 enim
830 486 1019 565 positiuus
1041 485 1177 563 gradus
1199 491 1342 547 tantum
1365 486 1471 546 inue-

171 589 290 657 nitur,
320 594 358 649 ut
385 586 604 658 mediocris,
634 584 836 664 aliquando
865 594 985 648 autem
1014 588 1207 667 positiuus
1229 595 1264 648 ct
1287 604 1470 667 conpara·

171 691 288 761 tluus,
318 697 358 751 ut
383 707 497 753 senar
524 690 664 750 senior.
709 687 782 750 Nam
812 689 985 750 senissimus
1012 689 1071 750 dici
1099 696 1203 752 natura
1225 688 1395 767 tragilitatis
1416 689 1470 750 bu·

173 806 277 855 manae
300 810 358 854 non
380 794 535 873 permittit.
580 789 771 851 Interdum
798 790 991 867 positiuus
1015 796 1052 849 et
1073 788 1335 868 superlatiuus
1356 795 1469 850 tantum

143 891 332 962 sinuentur,
357 898 398 953 ut
420 892 503 971 pius
525 890 729 970 piissimus.
766 888 840 951 llam
863 892 942 969 piior
965 889 1024 950 dici
1047 907 1107 951 non
1130 897 1236 971 potest.
1273 889 1377 951 Nullus
1391 891 1469 952 enlm

170 995 381 1074 conparatluus
402 995 413 1053 i
436 991 582 1072 duplicem
606 991 696 1052 babet
717 1001 786 1053 ante
808 1008 851 1059 or,
878 989 929 1051 sed
953 1007 1008 1068 pro
1031 993 1224 1070 conparatiuo
1247 993 1342 1071 magis
1363 990 1469 1053 aduer-

118 1128 124 1138 ·
171 1094 252 1156 bium
280 1096 418 1175 ponitur,
450 1103 482 1155 ut
509 1095 615 1172 ‘magis
644 1096 710 1173 pins
738 1093 788 1154 bic
811 1109 900 1170 quam
923 1091 996 1153 ille'.
1040 1093 1133 1171 llagis
1155 1110 1273 1173 quoque
1295 1091 1468 1155 aduerbium

170 1213 230 1257 nou
258 1195 353 1258 solnm
382 1196 525 1275 positiuo,
555 1194 606 1256 sed
635 1197 724 1255 etiam
753 1196 946 1274 conparatiuo
972 1195 1104 1272 iungitur
1127 1202 1156 1255 et
1177 1196 1274 1256 uicem
1298 1193 1469 1275 superlatiui

169 1296 308 1378 conplet,
331 1303 365 1357 ut
386 1297 492 1375 ‘magis
514 1294 641 1356 doctior'
664 1314 719 1375 pro
742 1294 947 1366 doctissimns;
971 1294 1174 1376 aliquando
1196 1298 1469 1376 conparatiuus

115 1400 207 1460 'raet
243 1396 505 1478 superlatiuus
542 1405 656 1458 tantum
688 1399 856 1468 inuenitur,
895 1407 932 1458 ut
968 1395 1130 1458 ulterior
1167 1398 1331 1459 ultimus.
1392 1396 1469 1459 tti-

169 1500 317 1581 quando
339 1498 604 1578 superlatiuus
627 1507 781 1570 tantum,
812 1508 849 1559 ut
872 1501 1111 1561 nouissimus.
1156 1500 1239 1561 Scias
1261 1508 1374 1569 autam,
1398 1516 1469 1561 con·

168 1600 358 1665 suetudinem
387 1603 496 1662 trinam
525 1619 590 1663 esse
612 1603 643 1662 in
665 1603 890 1681 conparatione:
919 1610 989 1663 sunt
1010 1602 1089 1661 enim
1112 1600 1168 1661 alia
1190 1603 1323 1673 nomina,
1352 1605 1383 1663 in
1406 1603 1470 1679 qui·

171 1702 227 1765 bus
248 1721 308 1764 uox
331 1720 464 1781 congrue
483 1702 644 1781 respondet
659 1702 805 1784 qualitati,
829 1711 862 1764 ut
877 1702 981 1764 doctus
996 1702 1113 1765 doctior
1129 1702 1328 1775 doctissimus,
1352 1706 1471 1784 sapiens

168 1806 332 1885 sapientior
360 1805 610 1884 sapientissimus,
640 1804 725 1866 lortis
752 1804 858 1865 lortior
886 1805 1077 1872 fortissimus:
1108 1814 1138 1864 et
1167 1812 1240 1866 sunt·
1261 1803 1316 1866 alia
1340 1806 1469 1875 nomina,

131 1908 203 1969 ulu
229 1905 337 1983 quibus
364 1924 423 1968 uox
451 1906 584 1967 dissonat
610 1926 626 1967 a
655 1905 809 1984 qualitate,
845 1915 877 1967 ut
904 1924 1030 1984 magnus
1058 1908 1152 1967 maior
1179 1909 1339 1979 maximus,
1373 1906 1470 1968 bonus

170 2005 277 2069 melior
298 2010 442 2088 optimus,
468 2007 562 2069 malus
584 2010 668 2087 peior
690 2009 853 2088 pessimus,
877 2008 1013 2068 modicus
1035 2008 1132 2068 minor
1154 2009 1309 2077 minimum
1332 2007 1471 2087 exigebat

167 2110 250 2171 enim
272 2109 412 2190 qualitas,
435 2128 541 2171 uocem
565 2108 717 2189 aequalem
741 2128 806 2171 esse
829 2116 858 2169 et
881 2110 1124 2180 conuenientem,
1148 2118 1320 2188 utmagnus
1335 2112 1470 2188 magnios

171 2206 255 2293 magll
272 2212 293 2272 i.
309 2207 369 2272 86⁶
386 2208 556 2293 unissimus,
580 2211 678 2272 bonus
700 2209 807 2271 bonior
832 2209 1027 2280 benissimus,
1053 2210 1146 2272 malus
1161 2211 1267 2274 melior
1282 2209 1468 2282 malisaimus,

170 2311 304 2375 modicus
326 2313 470 2374 modicior
495 2313 728 2382 modicissimus,
757 2313 809 2373 sed
832 2312 889 2373 hoc
911 2331 1041 2373 aranon
1063 2313 1217 2392 permittit.
1260 2312 1334 2397 Nam
1356 2313 1469 2393 euplro·

130 2415 237 2479 aoniae
264 2415 340 2475 ratio
368 2413 607 2491 inaequalitatem
636 2413 778 2494 deposcit.
827 2414 903 2475 Sunt
930 2413 987 2475 alia
1016 2417 1150 2485 nomina,
1180 2419 1211 2475 in
1239 2414 1348 2494 quibus
1375 2418 1468 2478 inter·

169 2515 241 2579 dum
270 2515 398 2597 qualitas
426 2516 540 2587 deficit,
570 2525 603 2577 ut
631 2516 800 2577 mediocris.
850 2516 923 2577 Nam
952 2516 1132 2578 mediocrior
1160 2525 1190 2577 et
1217 2516 1469 2579 mediocrissimus

170 2618 232 2680 dici
258 2636 318 2679 non
347 2604 487 2697 possunt,
518 2619 601 2698 quia,
631 2618 749 2698 quando
771 2617 881 2678 dicitur
904 2616 1077 2689 mediocris,
1106 2617 1213 2697 plenus
1235 2625 1280 2677 est
1300 2616 1469 2679 intellectus

170 2719 399 2788 mediocritatis;
421 2720 452 2780 in
468 2717 532 2780 aliis
550 2728 648 2781 autem
672 2718 845 2781 nominibus
860 2722 934 2781 ‘uos
948 2719 1061 2794 delicit,
1086 2726 1118 2778 ut
1132 2720 1198 2798 pins
1213 2720 1376 2799 piissimus:
1400 2738 1467 2781 nam

170 2823 249 2902 pilor
277 2822 336 2883 dici
364 2838 425 2882 non
451 2829 557 2900 potest.
603 2820 706 2883 Omnis
735 2823 813 2881 enim
842 2822 1053 2900 conparatione
1081 2839 1097 2880 a
1127 2821 1266 2897 genetiuo
1293 2822 1415 2900 positiui
1436 2824 1468 2882 iit

130 2946 158 2988 ss
171 2923 284 2993 adiecta
307 2942 343 2985 or
364 2922 490 3003 syllaba,
514 2932 547 2985 ut
568 2923 671 2984 doctus
694 2921 773 2982 docti
795 2922 926 2990 doctior;
956 2924 980 2981 si
1003 2931 1102 2983 autern
1125 2920 1206 2983 dicas
1228 2924 1296 3002 pius
1317 2924 1359 3003 pii
1381 2924 1467 3003 piior,

169 3023 317 3107 dupllcata
332 3027 343 3086 i
357 3023 454 3087 littera
477 3033 546 3086 ante
568 3043 602 3085 or
624 3025 695 3085 lerri
718 3042 777 3084 non
800 3031 911 3104 potest,
935 3025 1001 3102 qnia
1025 3024 1108 3084 duoi
1130 3026 1160 3084 in
1184 3025 1378 3104 conparatiuo
1400 3032 1469 3087 ante

170 3144 207 3189 or
231 3134 311 3190 stare
342 3145 402 3188 non
430 3135 564 3207 possunt.
610 3126 686 3187 Sunt
708 3125 764 3186 alia
787 3127 921 3196 nomina,
952 3144 1026 3204 quae
1048 3128 1284 3206 grammatici
1306 3126 1469 3207 prohibent

169 3231 343 3311 conparari,
367 3237 399 3291 ut
421 3227 531 3297 fidelis;
555 3248 622 3290 nam
648 3228 764 3289 fidelior
779 3228 828 3290 uel
843 3227 1031 3289 fidelissimus
1046 3228 1103 3288 dici
1118 3246 1224 3289 sensus
1241 3245 1300 3288 non
1315 3230 1469 3308 permittit,

170 3332 240 3411 quia
268 3329 374 3410 plenus
402 3338 448 3391 eat
475 3328 643 3391 intellectus
669 3329 818 3391 ndetttans
846 3332 877 3390 in
901 3328 966 3398 illo;
995 3332 1020 3390 si
1042 3332 1122 3391 enim
1145 3329 1260 3392 dicatur
1281 3329 1396 3392 fidelior
1419 3331 1468 3393 uel

132 3431 376 3501 mildelissimus,
399 3430 463 3502 ille,
488 3435 539 3509 qui
561 3434 616 3493 luit
637 3432 748 3502 fidelis,
771 3430 898 3493 infidelis
913 3440 966 3492 est.
1005 3432 1156 3493 Positiuus
1178 3450 1249 3511 ergo
1271 3433 1302 3493 in
1324 3450 1468 3513 conpara·

172 3536 253 3597 none
276 3535 427 3616 perlectus
449 3542 478 3594 et
499 3534 652 3596 absolutus
674 3542 719 3594 est
740 3552 755 3595 a
779 3535 931 3595 seruitute.
969 3534 1183 3613 (anparatiuus
1197 3542 1296 3597 autem
1311 3532 1469 3614 aliquando

171 3638 264 3701 seruit
291 3638 488 3707 nominatiuo,
518 3639 691 3716 interposita
719 3654 821 3716 qnam,
851 3644 883 3696 nt
906 3635 1033 3696 ‘doctior
1055 3635 1103 3696 bic
1126 3652 1213 3712 quam
1235 3635 1309 3707 ille',
1337 3645 1368 3698 et
1389 3636 1468 3698 abla-

171 3741 234 3802 tluo
260 3757 329 3802 cum
359 3741 595 3820 praepositione,
625 3747 655 3799 ut
685 3738 802 3799 doctior
829 3737 866 3798 ab
895 3737 955 3797 illo.
1000 3738 1073 3798 ltem
1101 3741 1311 3817 conparatiuus
1339 3738 1468 3799 ablatiuo

170 3840 314 3923 singulari
335 3844 401 3903 sine
424 3843 658 3921 praepositione,
681 3850 715 3901 ut
736 3839 852 3901 doctior
873 3839 933 3901 illo.
978 3838 1050 3900 lude
1073 3838 1236 3901 Donatus
1258 3839 1345 3900 dixit:
1375 3840 1468 3901 Con·

133 3945 365 4025 separatiuus
395 3943 531 4022 gradus
558 3946 618 4004 eui
646 3944 748 4003 casui
778 3943 918 4004 seruit?
961 3940 1135 4004 Ablatiuo
1164 3943 1245 4002 sine
1271 3944 1468 4021 praeposi·

172 4047 290 4108 tione:
324 4046 482 4108 dicimus
515 4047 610 4107 enim
647 4046 813 4107 ‘doctior
845 4041 940 4104 illo’.
989 4043 1102 4104 'lamen
1131 4043 1352 4104 Priscianus
1381 4042 1467 4104 dirit:

241 4303 253 4351 1
273 4298 401 4368 Doiantos]
420 4318 447 4367 p.
467 4304 530 4366 3⁷4,
550 4304 581 4351 ld
650 4304 666 4351 3
686 4301 795 4350 immane
862 4293 1038 4366 liutardum]
1060 4298 1153 4350 Donati
1170 4297 1250 4351 uerbo
1266 4306 1324 4351 suat
1341 4301 1359 4353 l.
1378 4301 1395 4351 l.
1452 4298 1469 4351 6

171 4384 219 4436 pro
237 4371 386 4436 conparatio
456 4367 641 4434 ilaliquando]
661 4368 912 4420 nonannoeane
982 4369 1014 4418 10
1033 4367 1104 4417 ultim
1163 4371 1194 4418 12
1213 4370 1311 4419 trimam
1364 4369 1469 4432 quibus,

171 4454 218 4489 on.
237 4439 264 4487 in
334 4439 611 4504 lbdesonatmagnis
673 4441 704 4488 16
721 4436 799 4501 malipl
851 4436 952 4485 exiebat
1021 4438 1052 4486 17
1070 4436 1184 4498 equalem
1238 4438 1270 4487 lt
1288 4434 1343 4486 lars
1396 4437 1467 4501 N⁸ll

171 4506 301 4625 {³⁹39qu
319 4507 418 4625 radgis
435 4507 589 4624 qualitrggirn}l
620 4575 625 4586 ι
667 4508 779 4623 dogunt
796 4503 1065 4621 alitpomina2grgplu?
1147 4507 1179 4553 21
1204 4505 1468 4624 11123e3imnasimgg

240 4584 302 4624 ιιι
420 4589 454 4624 sn
592 4589 628 4622 err
767 4587 879 4621 ramarct
1036 4587 1170 4622 erssemns
1303 4584 1382 4623 reator

171 4590 323 4709 incapacem
341 4643 383 4693 trie
400 4654 425 4692 et
441 4658 517 4706 quam
622 4643 655 4692 34
673 4588 772 4690 doctidr
790 4640 843 4691 illo.
862 4642 920 4688 item
939 4641 1130 4704 conparatione
1141 4640 1253 4692 oblatiuo
1271 4641 1396 4707 singulari
1413 4643 1469 4690 aine

170 4712 363 4776 praepositione
385 4713 472 4765 seruit.
509 4711 567 4760 inde
590 4711 699 4760 donatus
788 4705 914 4774 Donatus]
936 4725 965 4772 p.
989 4710 1054 4770 355,
1080 4712 1112 4758 12
1215 4711 1248 4760 36
1269 4708 1469 4777 PriscianusJI

168 4794 197 4844 p.
215 4781 261 4842 94,
281 4781 313 4828 10
331 4780 367 4833 H.
