3420 5378
718 298 931 352 aennensis.
1438 299 1479 363 79

176 479 348 544 desinentes
371 486 538 544 communis
559 491 628 544 suut
651 486 784 562 generis,
808 486 886 547 idest
901 486 1057 547 masculini
1082 494 1111 548 et
1133 487 1278 554 lemiuiui,
1302 489 1346 547 sic
1363 496 1391 547 et
1406 504 1476 547 con·

177 586 304 664 paratiui
329 587 358 645 iu
383 603 418 646 us
440 584 612 647 desinentes
628 604 802 648 communes
817 593 887 648 suut
902 587 979 647 iuter
994 595 1131 649 neutrum
1148 589 1277 649 nominis
1292 594 1322 648 ei.
1337 596 1476 649 neutrum

176 684 322 747 aduerbii.
367 685 498 749 Dicimus
520 689 598 749 enim
623 687 732 749 bonum
756 687 862 750 melius
884 691 1045 767 optimum,
1070 696 1100 750 et
1121 688 1198 750 lreue
1221 688 1327 751 melius
1350 691 1475 768 optime;

175 789 219 850 sic
246 786 365 850 doctum
396 789 514 851 doctius
542 788 762 859 doctissimum,
793 797 822 850 et
850 791 937 851 docte
967 790 1085 854 doctius
1113 791 1297 860 doctissimo3
1325 791 1474 853 modicum

147 893 276 952 ominus
297 891 468 960 minimum,
492 898 522 952 et
544 891 658 953 modice
682 893 778 952 minus
801 893 937 961 minime;
968 910 1107 971 magnum
1130 894 1224 953 maius
1247 894 1422 963 marimum,
1446 901 1477 954 et

175 1009 283 1071 magne
311 993 406 1053 maius
434 994 577 1061 maxime:
607 992 715 1053 maium
744 995 829 1073 peius
857 995 1034 1074 pessimum,
1065 1001 1094 1054 et
1117 992 1192 1053 male
1216 995 1302 1072 peius
1329 997 1473 1074 pessime;

175 1095 294 1173 sapiens
323 1095 486 1175 sapientius
513 1095 781 1173 sapientissimum,
816 1102 845 1154 et
873 1098 1023 1175 sapienter
1052 1097 1213 1174 sapientius
1240 1098 1472 1175 sapientissime;

174 1193 307 1275 locuples
325 1193 500 1275 locupletius
517 1194 791 1276 locupletissimum,
809 1205 838 1258 et
851 1196 1016 1276 locirpieter
1029 1195 1206 1276 locupletius
1226 1196 1472 1277 locupletissime;

174 1299 258 1358 iners
281 1298 406 1358 inertius
428 1299 658 1369 inertissimum,
683 1306 713 1359 et
727 1301 840 1359 inerter
855 1300 981 1359 inertius
1004 1301 1200 1367 inertissime;
1224 1299 1317 1360 audax
1333 1300 1474 1361 audacius

134 1408 161 1448 1⁰
173 1399 417 1468 audacissimum,
443 1408 472 1459 et
494 1400 634 1460 audacter
657 1399 704 1460 uel
728 1399 878 1460 audaciter
901 1401 1044 1462 audacius
1059 1399 1264 1460 audacissime.
1299 1401 1371 1462 item
1388 1404 1472 1471 scias,

173 1500 250 1563 siout
272 1503 371 1562 omnia
395 1499 575 1579 superlatiua
599 1502 760 1562 masculina
784 1503 813 1561 in
838 1521 873 1564 us
896 1504 1094 1562 terminantur
1117 1508 1147 1561 et
1169 1504 1266 1562 omnia
1290 1503 1471 1581 superlatiua

173 1602 315 1664 iemiuina
343 1605 374 1663 in
398 1622 413 1662 a
437 1610 466 1662 et
488 1610 626 1663 neutrum
649 1606 678 1664 in
703 1622 766 1672 um,
795 1605 837 1663 sic
867 1605 954 1664 etiam
984 1605 1085 1663 omnia
1107 1603 1289 1680 superlatiua
1313 1603 1470 1666 aduerbio·

173 1721 241 1766 rum
263 1705 295 1765 iu
320 1723 336 1764 e
358 1703 492 1765 uocalem
522 1723 642 1784 semper
670 1706 868 1765 terminantur
889 1702 901 1786 ΙΙ
923 1704 974 1766 lol.
992 1700 1052 1765 87b
1070 1700 1094 1785 l]
1141 1702 1305 1782 Aliquando
1333 1713 1431 1767 autem
1456 1725 1470 1766 a

173 1806 337 1885 participiis
359 1808 550 1886 conparatiua
573 1808 712 1872 ueniunt,
738 1813 768 1866 ut
790 1805 946 1884 indulgens
968 1805 1171 1884 indulgentior
1194 1815 1224 1867 et
1245 1825 1348 1868 amans
1371 1826 1471 1869 aman·

133 1908 245 1976 istium
274 1907 433 1984 aliquando
457 1928 529 1970 uero
553 1908 588 1968 ab
612 1907 762 1969 aduerbiis
784 1909 848 1968 siue
869 1905 1142 1988 praepositionibus
1164 1909 1303 1977 ueniunt,
1334 1916 1366 1968 ut
1389 1919 1469 1970 extra

171 2011 311 2077 exterior,
340 2008 417 2070 ultra
440 2010 574 2077 ulterior,
604 2011 676 2070 citra
701 2010 836 2080 citerior,
861 2012 938 2070 intra
961 2010 1094 2078 interior,
1119 2009 1196 2070 inlra
1219 2010 1354 2080 interior,
1380 2029 1469 2090 supra

171 2113 317 2190 superior,
347 2118 415 2191 post
442 2113 599 2191 posterior,
628 2129 723 2189 prope
745 2112 876 2191 propior,
905 2117 973 2172 aute
996 2111 1143 2179 auterior;
1173 2111 1218 2171 sic
1241 2128 1256 2170 a
1280 2111 1396 2191 pridem
1419 2112 1470 2172 ad-

172 2210 278 2273 uerbio
305 2210 419 2272 abiecta
448 2212 516 2273 dem
545 2214 689 2292 accipitur
716 2221 746 2272 et
772 2212 843 2273 lacit
865 2215 1088 2293 conparatiuum
1111 2213 1206 2289 prior,
1230 2212 1281 2272 sed
1305 2214 1314 2272 i
1337 2215 1469 2293 corripit,

170 2313 201 2374 in
229 2313 413 2393 superlatiuo
436 2333 508 2375 uero
530 2316 663 2375 seruauit
685 2312 927 2392 productionem:
958 2319 1079 2392 accepta
1104 2330 1169 2373 mus
1192 2313 1262 2374 lacit
1283 2315 1410 2395 primus,
1434 2332 1468 2375 ex

131 2432 230 2496 eoquo
252 2416 384 2477 nascitur
411 2418 509 2495 primo
538 2416 584 2476 uel
613 2416 709 2495 prime
732 2414 916 2476 aduerbium.
963 2414 1034 2474 item
1058 2416 1148 2485 scias,
1174 2415 1251 2494 quod
1276 2420 1469 2497 conparatiuo

171 2525 198 2577 ei
227 2516 411 2596 superlatiuo
439 2516 494 2577 lrae
527 2516 688 2596 particulae
718 2516 793 2576 adici
823 2535 882 2577 non
910 2515 1034 2585 debent,
1066 2516 1144 2576 idest
1173 2525 1235 2586 iam
1270 2519 1343 2580 adeo
1376 2519 1471 2597 magis

171 2621 300 2679 maxime
329 2619 429 2679 miuus
451 2621 586 2691 minime,
620 2619 671 2679 sed
700 2620 830 2698 positiuo
859 2617 1031 2678 adiciendae
1059 2627 1143 2685 suut,
1177 2627 1228 2680 aut
1255 2619 1391 2698 augendo
1420 2628 1469 2680 aut

170 2719 347 2789 minuendo;
376 2719 527 2799 augendo,
557 2727 590 2781 ut
611 2728 671 2781 tam
700 2719 810 2789 bonus,
840 2720 913 2780 adeo
943 2717 1050 2785 bouus.
1081 2721 1173 2797 magis
1201 2719 1312 2788 bouus,
1342 2721 1468 2782 maxime

171 2819 282 2890 bonus;
318 2821 493 2892 minuendo,
529 2828 561 2882 ut
594 2823 693 2882 miuus
727 2821 838 2889 bouus,
877 2823 998 2881 minime
1032 2818 1136 2881 bonus.
1181 2822 1218 2881 Vt
1250 2820 1468 2883 Priscianus

129 2920 256 2984 aedicit:
279 2922 398 2984 Minus
420 2922 639 2985 aduerbium
663 2929 718 2983 est
740 2922 885 2999 quaudo
907 2940 985 2982 cum
1010 2924 1174 3001 positiuo
1196 2925 1364 2984 iunctum
1387 2941 1468 2984 con·

170 3027 312 3089 trariae
340 3025 642 3104 significationis
677 3025 975 3102 conrparatiuum
1004 3023 1252 3093 demonstrat,
1284 3032 1321 3084 ut
1349 3025 1468 3085 miuus

169 3126 724 3208 ineptusuelminusstuitus,
748 3143 813 3205 pro
836 3124 1077 3205 prudentior;
1102 3133 1300 3187 esttamen
1324 3127 1467 3206 quando

169 3246 239 3309 pro
274 3231 383 3290 ‘uon'
420 3227 601 3289 aduerbio
637 3229 810 3307 ponitur,
847 3235 887 3287 ut
924 3229 1045 3288 miuus
1081 3228 1201 3289 bouus
1237 3245 1303 3307 pro
1340 3228 1465 3290 malus.

168 3329 292 3404 Quando
322 3337 421 3392 autem
455 3332 577 3391 minime
610 3327 657 3389 uel
688 3330 814 3389 maxime
841 3331 969 3409 positiuo
997 3331 1139 3407 iungitur,
1168 3330 1265 3390 uicem
1293 3328 1467 3411 superlatiui

129 3433 313 3514 socompiet,
341 3440 374 3494 ut
402 3434 523 3493 minime
545 3430 655 3501 bonus,
688 3431 764 3492 idest
786 3433 949 3511 pessimus,
985 3439 1014 3491 et
1041 3434 1170 3492 maxime
1199 3430 1308 3500 bouus,
1339 3429 1395 3491 lroc
1423 3438 1468 3492 est

168 3537 307 3617 optimus.
353 3535 425 3596 item
449 3533 658 3613 conparatiuus
680 3535 832 3594 inuenitur
854 3551 909 3612 pro
931 3534 1058 3613 positiuo
1081 3535 1196 3612 positus
1211 3540 1241 3593 et
1256 3534 1355 3592 miuus
1376 3533 1464 3610 sigui-

168 3637 236 3699 licat
251 3647 282 3698 et
296 3635 369 3698 uuili
385 3642 572 3717 conparatur,
596 3641 643 3694 ut:
669 3637 754 3694 ‘iam
778 3636 920 3704 senior,
945 3635 1010 3694 sed
1034 3635 1145 3696 cruda
1169 3634 1236 3695 deo
1259 3632 1466 3711 uiridisque

167 3741 367 3803 senectus’.
398 3738 619 3800 Priscianus
641 3737 726 3797 dicit:
749 3736 814 3796 Est
835 3735 981 3815 quando
1004 3756 1070 3816 pro
1092 3739 1260 3815 positiuo
1283 3753 1465 3815 conpara-

167 3844 271 3904 tiuus
292 3843 442 3922 positus
463 3840 586 3900 miuus
609 3857 649 3898 eo
671 3839 869 3916 siguificat
892 3846 927 3900 et
947 3837 1041 3899 nulii
1064 3847 1306 3920 conparatur,
1331 3845 1364 3897 ut
1384 3839 1465 3899 ‘tri-

127 3946 261 4006 aastior
283 3942 401 4023 adque
425 3939 556 4003 oeulos
584 3938 754 4000 lacrimis
782 3940 928 4001 sullusa
958 3942 1161 4010 nitentes’;
1189 3941 1340 4000 tristior
1370 3938 1464 3999 euim

166 4044 226 4106 nic
249 4046 308 4106 ‘ex
330 4051 438 4125 parte
461 4043 628 4105 tristem'
652 4042 861 4120 siguificat.
899 4041 1052 4103 inuenitur
1074 4061 1162 4122 saepe
1186 4041 1395 4121 conparatiuus
1410 4058 1465 4119 pro

168 4200 226 4207 κ..-
231 4200 330 4206 --..
365 4200 395 4205 ..-..

234 4301 396 4352 lcummuui
467 4296 659 4367 Pdesiueutes]
679 4300 838 4349 continentes
890 4299 973 4348 neutri
992 4300 1102 4349 nominis
1172 4294 1325 4363 Slorupiex
1394 4295 1465 4346 iocu-

164 4368 234 4436 plete
302 4369 415 4420 diuerte
485 4371 517 4418 10
535 4367 652 4417 audatius
671 4368 867 4417 audatissimum
937 4367 1060 4418 audieiter
1130 4369 1160 4417 17
1178 4367 1300 4432 proprior
1369 4365 1401 4415 18
1419 4363 1465 4413 ad-

164 4442 229 4488 iecra
280 4435 414 4502 accipitur]
433 4435 665 4502 Anraoripitor?
725 4438 756 4486 13
774 4446 935 4500 acceptemus
1004 4438 1037 4485 20
1055 4436 1137 4501 prima
1156 4436 1195 4483 uei
1214 4435 1296 4498 prime
1355 4434 1387 4482 21
1407 4447 1465 4497 par-

164 4505 240 4555 tiouie
309 4507 342 4555 te
359 4505 495 4555 adiciende
546 4507 580 4554 23
598 4503 645 4553 ode
669 4504 751 4552 bouus
820 4505 853 4552 24
871 4501 1029 4566 Priscianus]
1049 4504 1067 4552 I
1080 4520 1109 4567 p.
1129 4506 1177 4555 93.
1197 4505 1238 4550 20.
1309 4501 1342 4551 25
1360 4511 1400 4550 est
1417 4516 1464 4553 om.

198 4573 325 4623 contrarie
393 4574 426 4622 26
444 4573 647 4637 cumpuraiiuum
721 4573 753 4622 tt
771 4566 847 4637 inept‘
914 4571 948 4621 28
965 4570 1087 4619 oduerbia
1156 4571 1188 4620 32
1207 4580 1362 4633 conparatur
1414 4569 1464 4617 iam

164 4637 263 4709 senior]
288 4641 587 4707 Verg.Aen.V1304.
640 4655 668 4688 se
686 4639 763 4688 cruda
781 4639 814 4688 de
832 4654 861 4687 eo
931 4640 964 4689 33
982 4634 1140 4702 Priscianus]
1160 4637 1176 4687 1
1192 4653 1220 4702 p.
1239 4639 1317 4698 92‚9
1369 4650 1464 4700 conpu-

163 4711 262 4760 retiuus
280 4710 410 4776 positiuus
427 4711 460 4760 34
477 4708 548 4758 nullu
600 4704 705 4772 tristior]
729 4709 807 4772 l'erp.
826 4708 894 4759 Aen.
915 4706 928 4755 I
947 4708 999 4755 228
1067 4708 1099 4757 36
1117 4706 1252 4755 inuenitur
1270 4730 1301 4739 -
1319 4719 1366 4769 pro
1384 4699 1464 4771 senis]

163 4778 199 4843 (γ’.
218 4780 300 4832 Prior.
320 4780 336 4828 l.
353 4781 370 4829 l.
389 4781 405 4828 d
457 4793 519 4844 sepe
