3420 5378
648 183 859 237 capuanam.
1331 181 1391 246 107

94 376 125 437 in
149 393 203 437 eus
223 376 254 436 in
276 377 325 437 ius
346 376 378 437 in
399 393 450 436 um
472 376 503 435 in
526 374 587 436 ium
610 374 641 434 in
664 393 746 444 eum,
775 373 847 434 alias
875 389 940 434 esse
967 372 1192 434 terminationes
1214 370 1251 433 de
1273 372 1320 434 his
1343 391 1391 433 se·

95 474 395 562 cualli101¹lldae
417 475 639 547 declinationis,
670 476 727 537 boc
749 483 794 536 est
816 475 865 536 illa
888 477 1007 537 nomina
1031 476 1062 536 in
1084 475 1128 535 ius
1150 473 1199 536 uel
1221 475 1252 534 in
1275 493 1338 546 eus,
1361 475 1392 535 in

94 598 146 640 um
169 576 218 639 uel
240 579 271 639 in
294 580 355 638 ium
377 580 441 640 siue
464 580 493 639 in
523 597 590 639 eum
620 578 798 647 desinentia,
826 574 875 638 illa
904 596 977 638 uero
1006 578 1124 638 nomina
1153 576 1183 636 in
1206 594 1239 638 er
1262 584 1292 637 et
1312 578 1343 637 in
1365 578 1393 639 ir

95 687 125 741 et
147 681 177 741 1ιι
201 699 237 741 ιιι·
258 681 417 742 terminata
439 679 605 742 secundum
627 680 747 740 Latinos
770 678 896 740 duarum
924 677 1169 748 declinationum,
1199 678 1256 740 boc
1279 686 1324 739 est
1345 694 1392 739 se·

68 780 210 845 acuudae
237 789 267 843 et
293 783 399 842 tertiae
430 780 651 849 declinationis.;
684 780 804 842 nomina
833 798 907 840 uero
933 782 964 841 in
992 799 1028 841 us
1056 778 1197 861 syllabam
1227 780 1415 841 desinentia*

93 883 184 945 trium
213 882 444 944 declinationum
471 891 556 953 sunt,
585 882 642 943 boc
671 891 716 944 est
744 883 891 944 secundae
920 889 951 942 et
973 883 1077 943 tertiae
1099 889 1128 943 et
1151 888 1274 963 quartae
1302 881 1392 943 decli·

94 986 234 1046 nationis.
272 984 345 1045 ltem
370 985 607 1050 animaduertere
629 984 788 1052 debemus,
812 982 891 1061 quod
915 985 1012 1045 omnia
1036 985 1156 1046 nomina
1178 982 1298 1045 mobilia
1321 984 1393 1044 dua-

93 1105 161 1148 rum
183 1085 414 1148 declinationum
437 1093 507 1148 sunt
528 1095 657 1156 tantum,
681 1088 738 1147 hoc
754 1093 798 1146 ost
812 1067 961 1147 secundae
977 1092 1006 1146 et
1019 1087 1140 1148 tertiae:
1165 1103 1233 1147 nam
1250 1088 1280 1147 in
1297 1088 1392 1165 prima
1420 1162 1425 1172 Ι

94 1197 125 1249 et
146 1196 250 1268 quarta
274 1195 304 1248 ct
325 1189 426 1267 quinta
454 1186 654 1250 declinatione
677 1206 736 1250 non
758 1189 961 1257 inueniuntur,
990 1186 1047 1249 boc
1075 1195 1121 1250 est
1142 1189 1172 1247 in
1196 1205 1229 1248 er
1251 1189 1281 1248 ia
1303 1206 1339 1248 ur
1362 1190 1392 1248 in

57 1307 131 1355 rous
152 1289 334 1359 desinentia;
357 1291 388 1350 in
412 1308 456 1366 er,
479 1299 512 1351 ut
532 1296 617 1350 tener
632 1297 735 1351 tenera
751 1297 904 1359 tenerum,
928 1287 1053 1368 pulcher
1075 1287 1201 1368 pulcbra
1222 1288 1391 1380 pulchrum,

96 1394 181 1472 niger
204 1393 289 1471 nigra
311 1393 443 1470 nigrum,
472 1409 556 1453 socer
584 1409 667 1452 sacra
697 1410 813 1454 sacrum
838 1400 868 1451 et
889 1398 1002 1459 cetera;
1031 1392 1102 1452 item
1124 1392 1155 1451 in
1178 1410 1227 1465 ur,
1257 1398 1291 1451 ut
1312 1397 1393 1453 satur

95 1502 195 1556 satura
224 1501 373 1563 saturum;
406 1495 437 1554 iu
465 1511 500 1552 us
529 1492 634 1555 doctus
664 1492 749 1554 docta
783 1493 916 1563 doctum,
951 1510 1075 1571 magnus
1104 1511 1210 1571 magua
1243 1510 1392 1571 magnum,

95 1603 214 1658 sauctus
236 1601 337 1656 sancta
361 1603 494 1655 sanctum
518 1600 548 1654 et
569 1603 668 1655 cetera
692 1595 935 1664 innumerabilia,
965 1601 995 1655 ct
1016 1596 1114 1655 omnia
1136 1594 1317 1673 superlatiua
1339 1614 1393 1657 no·

96 1698 177 1758 mina
198 1697 242 1759 sic
263 1695 391 1765 iaciunt,
414 1703 447 1757 ut
468 1697 647 1757 fortissimus
670 1696 829 1757 tortissima
853 1698 1049 1758 fortissimum
1073 1695 1242 1776 etreliqua.
1281 1696 1393 1758 llorum

58 1795 257 1863 ramusculiaa
286 1805 317 1857 et
342 1805 447 1858 neutra
475 1796 622 1859 secundae
652 1796 859 1859 declinationis
886 1806 968 1869 sunt,
1007 1798 1149 1859 feminina
1177 1816 1250 1859 uero
1278 1800 1394 1877 primae

97 1898 313 1963 declinationis.

181 2001 283 2064 Tertia
306 1999 466 2062 declinatio
489 2008 560 2082 qrrot
581 1999 694 2063 litteras
717 2000 807 2063 babet
828 2001 999 2063 terminales
1022 2007 1052 2062 ot
1074 2009 1147 2082 quot
1169 2003 1394 2064 terminationes

97 2110 127 2165 et
155 2111 227 2181 quot
254 2120 365 2182 genera
394 2104 423 2163 in
453 2120 512 2164 una
540 2120 657 2182 quaque
687 2105 894 2165 terminatione
921 2105 1120 2173 continentur,
1150 2102 1395 2181 interrogandum

98 2211 151 2267 est
181 2204 281 2265 Tertia
305 2202 464 2264 declinatio
487 2204 625 2265 undecim
647 2206 756 2267 litteris
776 2208 964 2275 terminatur,
988 2205 1067 2266 idest
1088 2204 1242 2266 uocalibus
1257 2213 1394 2284 quattuor

57 2308 205 2371 eoaoio
228 2314 258 2366 et
280 2308 412 2385 quinque
434 2305 664 2368 semiuocalibus
686 2306 695 2367 l
716 2325 732 2367 r
753 2326 771 2367 n
793 2327 807 2369 s
828 2327 846 2369 ι
870 2314 899 2368 ct
920 2308 1010 2368 mutis
1032 2308 1147 2370 duabus
1169 2329 1186 2371 c
1208 2317 1237 2370 et
1258 2316 1285 2376 t;
1309 2326 1340 2378 a,
1363 2314 1396 2368 ut

96 2408 220 2488 dogma;
250 2426 281 2478 e,
311 2416 344 2468 ut
373 2407 495 2477 monile;
524 2411 549 2477 i,
579 2415 611 2469 ut
633 2407 711 2486 lrugi
735 2408 834 2477 nihili:
863 2428 896 2479 o,
919 2418 952 2471 ut
980 2411 1081 2488 uirgm
1113 2410 1137 2479 l,
1160 2417 1194 2471 ut
1215 2408 1274 2479 sol;
1303 2428 1338 2480 n,
1362 2417 1395 2470 ut

97 2526 221 2579 nomem
244 2528 268 2580 r,
293 2516 325 2569 ut
347 2516 464 2580 oraton
488 2529 517 2580 s,
539 2517 572 2571 ut
594 2511 712 2576 ciuitas:
736 2528 770 2580 x,
792 2517 826 2571 ut
845 2511 897 2572 bic
920 2519 950 2572 et
970 2512 1045 2574 baec
1067 2518 1097 2572 ct
1118 2512 1175 2572 boc
1198 2511 1285 2580 lolii:
1308 2530 1338 2587 c,
1362 2518 1396 2572 ut

97 2610 157 2682 lac;
186 2617 213 2680 t,
237 2618 270 2671 ut
291 2618 390 2691 capot.
434 2610 513 2682 Quot
534 2613 762 2674 terminationes
784 2610 876 2674 habet
900 2613 983 2674 tertia
1007 2611 1181 2674 declinatio?
1225 2613 1393 2674 Secundum

97 2711 286 2776 Claudium
313 2713 500 2793 septuaginta
523 2732 589 2785 sex,
619 2713 782 2775 secundum
805 2721 904 2775 autom
927 2713 1146 2775 Flauianum
1176 2715 1392 2792 quinquaginta

57 2813 173 2877 mduao
196 2816 418 2878 terminationes
440 2822 519 2877 sunt.
550 2814 627 2886 Ouid
650 2814 786 2895 praebuit
808 2817 896 2876 istam
918 2813 1131 2876 dilierentiam?
1160 2815 1222 2876 Hoc
1245 2822 1290 2876 cst
1311 2814 1393 2876 Fla·

97 2917 232 2979 uianus
259 2924 394 2979 naturam
418 2918 547 2997 aspexit,
576 2915 752 2978 Claudias
779 2935 853 2978 uero
881 2917 949 2978 ideo
972 2917 1196 2978 terminationes
1218 2916 1320 2999 plures
1341 2935 1395 2997 po·

98 3019 172 3089 suit,
195 3021 263 3099 quia
286 3017 365 3081 aliud
389 3027 434 3079 est
456 3019 533 3098 apud
557 3037 641 3088 eum,
671 3020 789 3099 quaudo
811 3017 916 3098 longae
938 3028 1008 3080 sunt
1029 3017 1096 3079 illae
1121 3021 1344 3081 terminationes
1366 3028 1396 3081 et

98 3118 216 3199 quando
238 3119 356 3182 breues.
402 3117 621 3200 Quinquaginta
644 3128 744 3181 autem
766 3120 842 3182 dirae
864 3123 1089 3183 terminationes
1116 3122 1280 3183 secundum
1310 3120 1393 3182 Fla·

97 3223 246 3284 uianum
269 3221 325 3284 bae
348 3232 431 3284 sunt:
455 3240 471 3283 a
495 3241 511 3282 e
533 3223 544 3282 i
566 3241 592 3292 o,
616 3220 644 3282 al
667 3220 694 3282 el
717 3221 737 3281 il
760 3223 788 3283 ol
812 3221 856 3292 ul,
880 3241 916 3285 aa
941 3241 976 3283 en
999 3225 1030 3284 in
1052 3242 1106 3295 on,
1130 3241 1163 3284 ar
1187 3242 1219 3284 er
1240 3224 1267 3284 ir
1290 3242 1324 3284 or
1348 3241 1394 3293 ur,

57 3341 130 3386 eoas
152 3342 185 3387 cs
205 3325 232 3387 is
254 3344 288 3386 os
310 3343 359 3393 us,
389 3342 425 3384 ax
448 3341 484 3383 ex
506 3325 535 3384 ix
558 3342 594 3384 ox
617 3342 669 3393 ux,
699 3342 733 3385 ac
756 3342 806 3394 ec,
828 3343 879 3386 aes
901 3344 953 3387 aus
974 3327 1033 3394 uis,
1062 3325 1107 3387 als
1129 3323 1175 3386 alx
1197 3343 1250 3386 ans
1272 3342 1320 3386 ars
1342 3323 1396 3387 abs

98 3444 150 3488 arx
173 3426 220 3488 uls
247 3420 304 3487 aar
333 3443 398 3488 nnc
426 3444 478 3486 ens
506 3425 559 3486 ebs
588 3444 641 3506 eps
669 3444 716 3487 ers
745 3445 828 3507 emps
855 3430 918 3508 irps
944 3429 990 3507 ips
1018 3426 1071 3508 ybs
1099 3445 1153 3488 ons
1182 3444 1237 3487 uns
1264 3445 1318 3507 ops
1345 3446 1396 3489 ors

99 3526 172 3590 urbs
193 3526 261 3598 ube,
283 3529 315 3589 io
336 3527 376 3596 id,
399 3529 430 3589 in
453 3529 487 3597 it,
510 3528 541 3587 in
563 3534 604 3597 ut,
628 3529 658 3588 iu
682 3545 742 3597 am,
766 3529 796 3589 in
820 3536 863 3599 et,
886 3529 917 3590 in
941 3528 993 3599 ud,
1018 3531 1050 3589 in
1073 3530 1123 3589 im.
1168 3525 1327 3590 Sciendum
1352 3537 1397 3590 est

45 3654 48 3659 ·
99 3639 212 3701 autem,
241 3629 321 3708 quod
349 3629 441 3691 multa
469 3630 588 3690 nomina
617 3631 825 3701 inueniuntur,
853 3648 981 3708 quorum
1009 3631 1210 3692 nominatiuus
1236 3629 1396 3709 singularis

166 3782 294 3831 diutinus
346 3781 526 3832 declinationis
612 3784 698 3832 onon
719 3783 810 3833 addidi
879 3785 910 3833 10
930 3782 1105 3833 desinentibus
1175 3782 1262 3848 pulora
1280 3783 1395 3848 pulcrum

100 3850 131 3900 to
149 3849 469 3900 sccundndeclinmionum
522 3848 641 3912 i'lqnod,
655 3850 693 3901 bie
745 3851 777 3901 18
795 3859 960 3900 conterremur
1013 3852 1043 3901 19
1054 3850 1150 3900 litteras
1185 3851 1395 3901 idemuocolibus

97 3920 129 3968 at
149 3917 245 3967 munile
329 3920 362 3968 23
382 3927 467 3967 oratur
535 3933 553 3966 x
573 3927 600 3966 ut
616 3919 708 3968 cinnas
728 3918 768 3967 liic
786 3930 811 3968 et
829 3919 877 3968 boc
894 3932 918 3968 et
936 3919 999 3968 haec
1016 3917 1078 3967 lelrx
1146 3920 1179 3968 25
1200 3919 1293 3969 llauius
1361 3920 1395 3970 28

98 3981 211 4035 secunde
278 3986 311 4035 29
330 4000 344 4034 o
364 4001 380 4034 u
398 3986 420 4034 al
490 3985 593 4036 30alcs
674 3987 703 4036 31
724 4001 786 4035 arcu
804 3987 841 4034 als
860 4002 911 4035 ιιιιιι
929 4003 975 4035 ens
1044 3987 1100 4052 epis
1169 3969 1209 4052 ips
1228 3988 1269 4052 ips
1288 3988 1329 4052 ips
1349 4001 1396 4036 ons

100 4069 148 4119 ops
168 4067 210 4102 ors
230 4053 276 4102 ubs
296 4069 343 4102 niis
413 4055 469 4103 32·
465 4070 489 4101 ιιι
509 4051 580 4118 im]
575 4069 600 4102 m
620 4068 670 4104 ιιιιι.
701 4053 734 4102 In
751 4055 947 4105 emendandae
925 4055 1080 4118 syllabarum
1097 4054 1262 4104 terminalium
1279 4057 1396 4117 catalopo

97 4126 253 4187 sequentinm
270 4124 442 4184 eaeemplormn
459 4123 572 4171 ordinem
590 4137 621 4169 ae
638 4122 762 4172 rationem
779 4124 895 4186 respexi.
932 4122 996 4172 Sunt
1015 4131 1096 4172 autern
1114 4124 1304 4173 terminationes
1321 4125 1396 4172 multo

98 4193 193 4255 plures,
213 4205 286 4255 quam
303 4197 363 4255 quot
381 4205 408 4240 ae
427 4197 627 4239 enumeraturum
645 4204 701 4239 esee
720 4197 810 4241 auctor
825 4191 961 4254 professus
983 4197 1054 4247 erat,
1080 4191 1129 4240 aed
1153 4205 1218 4255 quaa
1242 4192 1397 4254 potissimum

98 4258 256 4308 intellexerit
274 4257 412 4308 Flauianus
430 4260 494 4320 ipae,
513 4259 620 4320 difficile
638 4265 677 4307 eet
694 4258 840 4309 diiudicata.
866 4259 947 4323 Apud
965 4258 1104 4308 Charisium
1122 4260 1221 4324 quidem
1237 4258 1302 4309 daec
1318 4258 1397 4308 dobes

98 4343 125 4390 ρ.
141 4327 229 4390 25,1.·
251 4324 389 4375 efferuntur
407 4337 493 4375 autem
512 4325 601 4374 ordine
619 4324 757 4375 litterarum
777 4326 828 4388 sic,
848 4341 893 4390 per
910 4342 925 4374 a
943 4326 966 4374 al
984 4339 1016 4374 an
1034 4341 1081 4375 ans
1099 4339 1128 4373 ar
1145 4341 1187 4375 urs
1206 4340 1234 4374 aa
1253 4341 1299 4383 ax,
1319 4341 1366 4391 per
1384 4342 1397 4374 e

99 4393 121 4443 el
139 4409 171 4442 en
190 4408 235 4442 ens
254 4409 280 4442 er
298 4409 325 4443 es
344 4403 495 4458 correptam,
514 4408 541 4443 es
560 4392 724 4458 productam,
744 4394 802 4442 item
821 4408 867 4449 ex,
887 4409 932 4458 per
950 4393 965 4442 il
984 4394 1010 4442 in
1028 4393 1050 4443 is
1069 4394 1107 4456 ix,
1126 4408 1172 4459 per
1190 4407 1205 4442 o
1225 4392 1247 4442 ol
1268 4408 1300 4442 on
1320 4408 1348 4442 or
1366 4408 1397 4443 os

100 4476 148 4519 ox,
166 4476 213 4526 per
224 4459 251 4510 ul
269 4477 299 4510 nr
311 4476 341 4510 ns
355 4463 394 4509 uis
408 4471 435 4508 ut
449 4476 491 4510 ιιιι.
517 4461 579 4509 ltem
592 4461 757 4524 nomimant,
776 4461 819 4523 qui
836 4462 861 4509 in
875 4462 939 4511 duas
952 4471 1123 4511 consonantes
1136 4461 1310 4522 terminantur,
1329 4460 1399 4511 uelut

99 4528 167 4578 biars
180 4529 281 4586 Martis,
295 4529 354 4578 lanx
368 4528 457 4592 lancis,
467 4529 600 4594 municeps
609 4528 756 4594 municipis,
769 4528 905 4594 neglegens
917 4529 1074 4595 neglegentis
1085 4528 1166 4579 hiems
1176 4529 1277 4579 hiemis.
1297 4529 1400 4579 Claudii

98 4612 161 4648 nero
174 4597 324 4648 Sacerdotis
336 4598 407 4646 locas
419 4613 468 4647 non
481 4603 554 4646 estat
567 4598 593 4646 in
605 4598 716 4648 editione
730 4597 922 4649 Vindobonensi
929 4636 936 4663 ‚
954 4614 1018 4665 qnae
1030 4600 1139 4647 mutilum
1150 4597 1239 4648 librean
1250 4603 1339 4648 secuto
1350 4603 1397 4648 eet.

99 4667 132 4717 33
150 4665 254 4715 nomina
272 4665 298 4715 hi
318 4675 434 4715 osteneut
451 4666 625 4715 nominatiuus
