3420 5378
236 287 300 353 240
630 290 866 344 communivit
884 291 1130 344 EINSIDLENSE

211 457 299 539 ¹ine
315 478 469 547 desinunt,
493 479 518 538 si
541 477 645 540 Latina
668 487 754 549 sunt,
778 486 882 542 neutra
906 497 979 540 esse.
1025 479 1155 560 Sinapi
1177 479 1272 542 herba
1295 479 1460 540 fortissima
1481 489 1535 541 est

133 594 183 642 ³⁷⁶,
199 580 375 642 16Gummi
405 581 504 640 resina
532 579 659 642 arboris.
704 583 837 660 Aptata
864 579 1040 650 incasualia,
1063 598 1083 641 o
1106 583 1185 651 sine,
1214 584 1310 662 ptosis
1332 598 1438 650 casus,
1467 580 1536 642 iude

134 695 183 745 aaa,
198 696 222 735 is
236 688 356 760 aptoton
379 682 444 741 sine
467 698 547 742 casu.
570 694 615 726 -—·
635 681 689 741 Nic
712 691 741 742 et
763 680 836 742 baec
859 680 1028 761 pumilio,
1052 684 1072 742 i·
1096 701 1192 744 nanus
1214 691 1245 744 et
1267 700 1364 752 neua;
1392 681 1535 763 papilio

82 797 217 845 sao,m.ao
235 790 280 843 est
301 800 395 861 genus
419 781 557 843 uolatilis.
603 781 787 844 Desinens
808 785 834 842 i·
858 784 974 844 finiens.
1018 782 1141 844 Cornu
1170 782 1387 845 indeclinabile
1415 786 1447 844 iu
1474 785 1532 844 sin·

235 884 347 962 gulari,
375 885 405 943 in
435 882 543 962 plurali
572 902 645 944 uero
672 882 847 954 declinatur,
876 902 989 945 cornua
1020 900 1176 947 cornuum.
1220 886 1344 966 Antiqui
1372 885 1554 946 antemius

236 983 439 1046 declinabant:
463 983 520 1078 boc
543 1002 637 1045 cornu
660 984 749 1046 buius
771 987 854 1045 corni
879 982 1001 1068 1116211
1032 1031 1294 1048 .......

320 1087 362 1147 lie
385 1103 519 1147 numero.
565 1086 713 1148 Numerus
741 1085 838 1148 dictus
861 1094 906 1147 est
928 1105 945 1147 a
967 1086 1152 1148 numerando
1175 1106 1191 1148 a
1214 1088 1459 1167 frequentatione
1480 1106 1531 1149 uu·

235 1205 403 1257 merorum,
432 1184 481 1248 uel
504 1205 519 1247 a
542 1187 681 1249 Numeria
705 1187 759 1248 dea
782 1205 980 1267 paganorum,
1009 1205 1084 1266 quae
1112 1189 1209 1249 iertur
1235 1206 1398 1250 numerum
1427 1206 1530 1268 reppe-

234 1291 319 1350 risse.
365 1289 439 1349 Nam
462 1288 540 1350 illius
563 1289 707 1368 templum
731 1289 862 1368 quisquis
886 1289 987 1349 luisset
1008 1291 1177 1367 ingressus,
1207 1279 1267 1350 nou
1294 1296 1384 1350 autea
1407 1288 1531 1351 audebat

234 1390 340 1451 faeiem
363 1397 561 1459 conuertere,
582 1389 677 1451 donec
700 1389 779 1451 mille
801 1408 907 1469 passus
929 1398 1093 1451 retrorsum
1108 1389 1250 1452 incedens
1266 1397 1453 1451 numeraret.
1483 1389 1558 1451 Vela

235 1508 377 1552 numerus
399 1491 508 1552 dicitur
529 1492 614 1571 quasi
637 1508 825 1552 nummorum
842 1493 936 1552 riuus.
967 1489 1037 1553 Plus
1059 1508 1167 1552 nomeu
1191 1499 1236 1552 est
1258 1493 1445 1570 quantitatis,
1466 1492 1529 1553 inde

235 1591 265 1652 bi
295 1603 324 1654 et
350 1592 406 1653 bae
434 1591 535 1672 plures
565 1600 594 1653 et
621 1592 695 1653 haec
722 1591 822 1670 plura,
855 1593 924 1653 inde
958 1594 1045 1653 etiam
1079 1592 1202 1671 pluralis
1233 1610 1381 1654 uumerus
1414 1592 1527 1654 dicitur.

235 1693 337 1755 linaiis
360 1711 502 1755 numerus
524 1692 632 1754 dicitur
654 1712 705 1763 eo,
729 1693 806 1772 quod
824 1693 898 1754 duos
913 1702 1027 1755 tantum
1045 1694 1152 1773 recipit
1172 1711 1331 1763 numeros,
1354 1703 1388 1755 ut
1400 1697 1435 1756 in
1450 1694 1527 1756 ‘duo'

236 1803 266 1856 et
287 1797 318 1856 iu
340 1794 463 1863 ‘ambo’,
493 1793 546 1856 sed
568 1794 647 1855 bunc
670 1812 730 1854 non
752 1797 927 1872 recipimus,
957 1797 1040 1875 quia,
1069 1797 1119 1875 qui
1146 1794 1384 1874 singularitatem
1409 1797 1527 1866 excedit.

134 1897 267 1962 aas,asin
290 1895 459 1976 pluralitate
482 1894 725 1975 deprehenditur.
770 1895 854 1957 Dies
882 1895 990 1958 dicitur
1013 1915 1030 1957 a
1052 1895 1121 1966 diis,
1152 1915 1186 1956 ex
1210 1894 1319 1976 quibus
1340 1899 1465 1961 uomina
1484 1916 1555 1960 aea

236 2006 394 2077 ceperunt,
418 2005 451 2057 ut
472 1996 536 2057 dies
559 1996 650 2066 Solis,
680 2014 769 2076 quem
792 1996 974 2058 dominicum
998 2016 1154 2068 uocamm,
1186 1997 1248 2058 dies
1277 1997 1380 2060 Lunae
1402 2018 1420 2061 a
1443 1999 1526 2068 bum.

236 2097 301 2159 dies
322 2099 425 2159 Martis
448 2117 463 2158 a
487 2099 593 2168 Marte,
617 2097 680 2159 dies
703 2098 842 2159 Mercurii
865 2119 881 2159 a
904 2100 1067 2170 Mercurio,
1096 2100 1160 2160 dies
1187 2099 1266 2160 louis
1288 2119 1304 2162 a
1329 2100 1419 2163 ioue:
1456 2101 1527 2163 louis

236 2200 343 2260 dicitur
371 2201 454 2278 quasi
483 2200 559 2261 lauis
588 2202 612 2260 i·
643 2201 775 2261 omnium
803 2203 850 2262 uis
872 2208 903 2260 et
924 2202 1076 2262 tortitudo.
1123 2201 1191 2262 llies
1218 2199 1345 2263 Veneris
1367 2222 1384 2264 a
1407 2204 1527 2269 Venere.

236 2301 298 2360 dies
325 2301 443 2361 Saturni
466 2319 482 2360 a
506 2300 648 2370 Saturno,
678 2319 765 2381 quem
794 2301 949 2362 sabbatum
979 2301 1113 2362 dicimus.
1158 2302 1282 2362 Nubes
1304 2301 1420 2366 dicitur
1441 2324 1458 2366 a
1479 2324 1527 2367 uu·

237 2401 334 2462 beudo
356 2402 377 2460 i·
401 2401 615 2481 cooperiendo,
644 2420 680 2462 eo
707 2401 786 2481 quod
815 2401 929 2463 caelum
958 2405 1144 2482 cooperiunt.
1188 2401 1308 2463 Nubere
1333 2403 1463 2468 dicimus
1483 2424 1556 2467 ros

232 2505 364 2584 operire,
381 2502 451 2563 iude
467 2504 588 2582 nuptiae
610 2502 758 2578 dicuntur,
782 2506 850 2583 quia
865 2501 906 2564 ibi
922 2506 1018 2584 capita
1034 2503 1210 2565 nubentium
1226 2502 1369 2567 flammeo
1384 2507 1526 2569 uelamine

133 2625 183 2673 sm,
196 2625 221 2666 aa
235 2591 383 2684 teguntur.
430 2602 559 2666 Puluis
581 2603 772 2684 singulariter
795 2604 975 2677 declinatur,
999 2605 1068 2666 licet
1090 2604 1270 2666 Horatius
1291 2605 1421 2669 abusiue
1443 2609 1526 2670 dixit:

536 2704 790 2769 Nouendiales
812 2710 983 2787 spargite
1006 2706 1197 2788 pulueres.

301 2891 470 2942 tincasuatta
482 2891 537 2940 siue
571 2892 640 2956 ptois
692 2892 884 2943 3ltocetbaee
935 2889 1131 2956 diruiuscorni]
1149 2892 1330 2942 Pottbaeat'n
1341 2894 1528 2947 eodum

231 2978 259 3025 p.
272 2962 320 3009 tot
331 2963 395 3015 initu
409 2959 471 3008 baec
482 2973 559 3007 corna
570 2959 606 3021 (1)
624 2995 630 3008 .
641 2995 648 3009 .
658 2995 664 3008 .
675 2973 758 3008 .orum
772 2963 901 3015 remansit.
919 2960 1052 3027 Remigius,
1063 2962 1145 3027 qualis
1156 2966 1195 3009 est
1203 2961 1229 3010 iu
1239 2962 1296 3011 cod.
1306 2960 1392 3015 Bere.
1403 2965 1458 3014 38⁶
1467 2963 1528 3026 1.ὶὸ

232 3043 296 3092 seq„
310 3028 373 3077 laec
382 3027 457 3076 labet
465 3026 486 3091 f.
496 3028 544 3074 29·
557 3030 604 3076 cot.
614 3024 663 3075 Il:
682 3027 787 3088 Antiqui
802 3029 837 3077 ita
850 3030 1011 3079 declinabant
1025 3029 1085 3078 ‘ltoc
1099 3041 1179 3077 cornu
1192 3027 1269 3079 buius
1279 3030 1375 3084 eorui’.
1393 3028 1527 3080 lode‘eor-

233 3096 492 3144 nuorum’remausit.
528 3093 1144 3162 8quaeiertnrnumerumrepperissesuprult'rt.
1180 3098 1338 3147 loconnarti
1374 3094 1526 3162 numeraret]

184 3183 187 3189 ¹
234 3161 268 3210 Ia
285 3177 378 3226 marga
399 3161 437 3210 uel
449 3176 465 3210 a
478 3160 558 3209 Numa
567 3160 694 3226 Pompilio
713 3177 773 3227 rege
783 3162 964 3227 Romanorum,
983 3174 1043 3214 aute
1055 3177 1131 3227 quem
1139 3164 1191 3229 ipsi
1204 3163 1314 3215 Romani
1326 3176 1452 3230 expertes
1464 3175 1528 3215 eram

235 3229 394 3294 numerandi,
402 3229 447 3278 sed
456 3228 549 3294 lapillis
559 3229 750 3293 computabant,
761 3232 847 3280 omnia
856 3245 980 3296 prospera
989 3233 1095 3294 quidem
1104 3232 1230 3294 candidis,
1239 3233 1353 3282 aduersa
1365 3248 1429 3283 uero
1443 3233 1527 3299 algris,

235 3296 302 3347 uude
319 3296 449 3346 Persius
468 3294 535 3359 (Sat.
555 3296 590 3345 11
607 3296 648 3359 1):
667 3296 760 3355 Minoo,
778 3299 897 3359 Macrine,
915 3300 984 3348 diem
1003 3314 1105 3349 numera
1124 3298 1228 3349 meliore
1245 3298 1358 3364 lapillo’,
1377 3300 1394 3350 i.
1411 3302 1526 3360 candido,

235 3365 274 3414 uel
293 3381 307 3413 a
326 3365 437 3413 nummis
455 3374 561 3413 uocatur
579 3378 709 3423 uumerus,
728 3366 789 3427 quia
807 3367 874 3428 (qui)
892 3368 997 3432 saepius
1017 3376 1187 3419 numerentur.
1224 3364 1353 3416 Numerus
1372 3379 1415 3418 eat
1432 3383 1526 3419 coaffl-

234 3434 303 3482 uatio
323 3433 456 3482 unitatum.
481 3430 625 3495 Singularis
644 3446 765 3482 numerus
784 3448 833 3482 uon
854 3436 956 3499 proprie
968 3435 1068 3492 dicitur,
1087 3433 1147 3496 quia
1165 3447 1216 3482 nou
1229 3444 1330 3483 constat
1348 3449 1381 3484 ex
1401 3436 1525 3502 pluribost

233 3501 300 3549 sieut
317 3510 401 3550 autem
419 3501 593 3548 nominatiuns
611 3513 662 3548 non
682 3502 786 3565 proprie
803 3501 895 3550 dicitur
911 3517 1001 3563 casus,
1026 3502 1073 3551 sed
1094 3502 1154 3562 quia
1178 3502 1209 3550 ab
1233 3501 1275 3551 illo
1293 3503 1340 3551 alii
1359 3504 1454 3555 cadere
1470 3505 1526 3554 inci·

233 3569 319 3634 piuut,
343 3568 401 3617 ideo
424 3582 499 3616 casus
522 3567 627 3626 dicitur,
650 3578 675 3615 et
692 3567 758 3616 sicut
776 3583 894 3616 uumerus
914 3584 1033 3618 numerus
1053 3583 1118 3618 tritus
1136 3569 1193 3616 ideo
1211 3568 1304 3618 dicitur
1323 3580 1440 3634 tantum,
1463 3571 1525 3636 quod

233 3635 292 3685 lons
310 3636 345 3685 sit
362 3645 386 3685 et
404 3636 477 3699 urigo
497 3648 669 3695 numerorum,
687 3635 723 3684 ita
741 3645 765 3684 et
783 3635 920 3700 singularis
939 3651 1059 3686 uumerus
1079 3643 1196 3700 uocatur,
1219 3638 1280 3698 quia
1302 3636 1415 3703 pluralis
1435 3640 1525 3690 namsi

232 3714 272 3753 est
290 3704 371 3766 urigo.
458 3703 488 3750 11
507 3715 614 3764 nomeu,
631 3718 763 3768 suprascr.
783 3702 822 3751 uel
839 3703 989 3752 aduerbium
1077 3706 1108 3753 12
1126 3702 1152 3751 hi
1170 3718 1250 3769 supro
1266 3707 1311 3756 lia.
1407 3709 1440 3757 14
1457 3707 1525 3766 bute,

232 3786 365 3835 suprascr,
383 3771 402 3820 i.
420 3768 521 3818 dualem
591 3772 622 3820 15
640 3771 665 3819 in
683 3770 854 3835 pluralitatem
924 3771 955 3821 18
973 3773 1098 3829 omnium,
1117 3786 1249 3834 suprascr.
1270 3773 1431 3825 uniuersalis
1495 3777 1523 3825 tt

233 3838 372 3896 uelamine,
390 3853 522 3901 suprascr.
541 3839 559 3889 i.
578 3837 639 3886 orali
742 3839 776 3888 22
794 3836 902 3902 oratius]
923 3839 1008 3903 Epod.
1029 3837 1119 3888 XVII
1135 3841 1180 3889 ⁴8:
1209 3837 1383 3891 Nouendialce
1401 3843 1524 3908 dissipare

232 3906 361 3970 pulueres.
430 3907 464 3955 23
481 3901 612 3971 pulueres]
632 3905 666 3954 In
683 3921 771 3970 marga
791 3907 955 3956 nouendiales
974 3920 1057 3956 nonus
1076 3907 1131 3956 dies
1144 3917 1190 3968 est,
1203 3907 1263 3968 quia
1274 3908 1345 3970 (qui)
1358 3909 1524 3960 celebrabatur

232 3988 299 4023 nouo
318 3973 359 4022 die
377 3973 402 4020 iu
421 3973 537 4033 exequiis
556 3981 721 4026 mortuorum.
758 3972 820 4023 Octo
843 3975 910 4022 euim
932 3974 1022 4023 diebus
1045 3975 1193 4024 seruabatur
1211 3988 1307 4039 corpus
1327 3987 1354 4024 et
1371 3976 1522 4036 abluebatur,

232 4056 301 4090 nouo
320 4055 380 4089 uero
398 4040 440 4089 die
457 4039 638 4089 incendebatur
655 4051 679 4090 et
696 4043 734 4090 sio
751 4041 970 4107 sepeliebatur.-
983 4040 1095 4106 Sanguis
1108 4043 1199 4091 dicitur
1216 4057 1232 4090 a
1249 4044 1393 4094 sanciendo
1412 4060 1444 4094 eo
1461 4044 1522 4108 quod

232 4176 460 4185 .-.-—--.—-———

301 4280 316 4330 ‘1
335 4277 427 4329 Gloraa
444 4277 541 4327 codicia
559 4275 700 4328 Beruenais
718 4279 769 4328 386
783 4279 806 4341 f.
825 4276 860 4327 il
877 4294 956 4343 marg.
974 4280 1035 4329 siaa
1055 4274 1180 4327 Numerus
1199 4289 1237 4329 est
1255 4280 1386 4331 unitatum
1404 4280 1517 4339 collectio,

232 4346 298 4397 sicut
315 4347 430 4410 quidam,
448 4360 555 4394 acernus
573 4359 605 4393 ex
623 4345 709 4394 multis
728 4345 867 4395 unitatibus
885 4347 1004 4395 collectus
1023 4346 1091 4407 (cum
1111 4345 1210 4409 lectus).
1235 4346 1336 4398 Dicitur
1354 4350 1423 4399 enim
1441 4362 1517 4399 nume

232 4431 277 4465 rus
294 4431 310 4464 a
327 4413 485 4462 numerando
504 4413 543 4461 uel
562 4428 576 4460 a
596 4410 715 4461 Numeria
733 4413 780 4462 dea
798 4427 971 4478 paganorum,
994 4429 1060 4475 quae
1081 4413 1161 4463 fertur
1184 4430 1315 4465 numerum
1337 4418 1468 4467 inuenisse
1483 4414 1516 4464 uel

232 4481 347 4532 aNuma
365 4481 492 4547 Pompilio
510 4479 634 4545 (paup),
658 4482 700 4542 qui
723 4479 770 4529 luit
792 4491 881 4531 auctor
899 4482 1059 4531 numerandi:
1086 4483 1185 4544 antiqui
1209 4485 1353 4534 nescientes
1383 4497 1514 4544 numerare,

231 4551 324 4615 lapillis
343 4551 429 4600 omnia
446 4549 631 4615 amputabant,
651 4550 675 4597 in
694 4548 848 4598 aduersitate
866 4549 961 4614 nigris,
985 4551 1010 4599 iu
1031 4552 1200 4615 prosperitate
1218 4551 1351 4614 candidis,
1370 4551 1438 4602 unde
1453 4551 1513 4600 Per·

232 4620 313 4671 sius:
333 4619 425 4681 titane,
445 4617 564 4679 Macrine,
582 4617 648 4666 diem
668 4631 771 4665 numera
790 4617 892 4666 meliore
910 4616 1017 4682 lapillo'
1108 4620 1141 4667 22
1161 4619 1251 4669 Glorsa
1269 4621 1367 4670 codicis
1386 4619 1513 4671 semiss

229 4686 251 4748 s.
270 4684 304 4734 db
321 4702 401 4751 marg,
418 4687 478 4735 sira:
507 4683 576 4734 Ciuis
596 4686 683 4733 iterum
703 4681 838 4749 singulare
850 4696 900 4744 est,
920 4685 1038 4748 quamuis
1056 4685 1199 4751 legatario
1218 4687 1312 4736 oratio:
1342 4684 1510 4738 ‘Nouendialet

231 4754 349 4804 cineres‘.
