3420 5378
206 167 266 231 102
719 166 787 218 ans
805 165 981 219 anonrua

101 431 107 441 ,
198 358 382 418 nominatiuo
405 355 521 424 dicitur,
544 353 629 416 iridis
651 355 722 416 lacit
743 355 893 433 genetiuo.
938 351 1010 415 lnde
1031 354 1298 433 grammaticus
1318 352 1407 417 dicit:
1430 355 1501 416 iris

199 461 293 521 enim
318 465 353 518 ct
374 457 489 518 iridis
512 454 657 536 duplici
681 458 860 537 genetiuo
882 454 1113 518 eilernntur.
1157 456 1190 517 ln
1212 474 1251 517 ur
1272 473 1367 518 unum
1391 472 1500 519 nomen

198 559 394 622 masculinum
416 560 568 620 inuenitur
589 558 621 619 in
644 558 772 619 secunda
796 556 1007 627 declinatione,
1031 563 1064 619 ut
1084 557 1134 618 hic
1155 565 1246 626 satur,
1274 557 1361 619 cuius
1383 558 1500 619 lernini-

199 680 268 722 num
299 663 329 722 in
357 680 372 722 a
402 661 512 721 desinit
541 667 571 719 et
598 659 710 738 primae
739 665 783 720 est
810 657 1025 720 declinationis.
1074 640 1146 719 a'tlia
1173 661 1371 722 acroamata
1393 661 1501 722 tertiae

199 765 410 824 declinationis
432 767 514 833 sunt,
538 769 570 822 ul
592 761 640 822 hic
664 762 710 822 lur
733 761 807 822 luris
830 767 859 820 ct
882 760 938 821 hoc
960 758 1085 841 sulphur
1106 758 1194 822 liuius
1215 759 1381 841 sulphuris.
1418 760 1452 823 ln
1467 780 1525 831 tiss

198 866 229 925 in
252 865 382 926 secunda
411 864 607 926 declinatione
636 863 797 924 masculina
828 863 969 922 feminina
998 869 1102 924 neutra
1132 864 1300 924 communia
1330 864 1501 942 promiscua

199 969 392 1028 inueniuntur
416 968 548 1027 nomina:
579 963 757 1033 masculina,
786 969 818 1024 ut
839 964 888 1024 hic
916 962 1021 1024 doctus
1050 962 1138 1025 huius
1164 963 1257 1032 doeti;
1287 964 1448 1037 feminina,
1470 974 1502 1028 nt

199 1069 273 1130 haec
303 1070 466 1148 Aegyptum
504 1076 623 1137 neutra,
658 1072 691 1126 ut
718 1066 775 1126 hoc
802 1065 938 1145 pelagus:
969 1066 1137 1153 communia
1166 1069 1256 1128 trium
1278 1084 1441 1146 generum,
1469 1076 1501 1131 ut

200 1170 247 1230 liic
276 1179 305 1230 ct
332 1170 406 1230 haec
435 1178 465 1231 et
492 1170 549 1230 hoc
571 1186 688 1248 specus.
734 1167 806 1229 lnde
834 1167 1059 1229 Priscianus
1089 1166 1176 1231 dicit:
1213 1184 1296 1229 nam
1323 1187 1440 1248 peona
1466 1178 1502 1231 et

199 1289 335 1352 specus
359 1280 428 1332 tam
450 1269 649 1331 masculini
673 1276 708 1329 et
729 1269 901 1331 feminini
924 1275 960 1328 ct
983 1269 1107 1330 neutri
1128 1270 1279 1348 generis
1301 1271 1536 1341 inueniun·1⁰

201 1381 268 1433 tur.
315 1373 350 1433 Et
377 1370 526 1432 secundae
555 1379 584 1432 et
612 1372 718 1432 tertiae
746 1369 965 1440 declinationis,
995 1378 1028 1431 ut
1050 1370 1099 1435 bic
1120 1375 1150 1431 et
1171 1369 1245 1432 haec
1270 1390 1387 1451 penus,
1416 1372 1503 1435 huius

200 1475 279 1554 peni.
317 1475 415 1535 Penus
438 1482 535 1534 autem
559 1472 678 1554 quando
692 1472 840 1534 secundae
856 1470 868 1555 ΙΙ
885 1470 905 1533 l.
920 1467 977 1532 99·
995 1469 1006 1554 ΙΙ
1023 1470 1229 1534 declinationis
1252 1479 1311 1544 est,
1336 1474 1503 1537 communis

201 1576 329 1637 duorum
351 1593 496 1654 generum
519 1583 577 1645 est3
609 1574 727 1653 quando
750 1592 860 1636 nomen
881 1575 978 1652 gentis
1001 1581 1047 1635 est
1067 1619 1181 1635 ......
1194 1593 1201 1633 :
1232 1591 1300 1635 nam
1323 1572 1445 1636 Poenus
1465 1574 1503 1635 de

200 1678 361 1739 Phoenicia
384 1677 507 1747 dicitur;
531 1676 600 1738 hinc
623 1676 809 1756 Virgilius
832 1674 919 1736 dicit:

277 1763 296 1789 ⁸
352 1778 431 1839 Non
455 1778 639 1840 tamadeo
660 1786 849 1857 gestamus
872 1783 1031 1857 optunsa
1054 1785 1206 1857 pectora
1228 1777 1352 1839 Poeni.
1515 1818 1538 1858 ι,

201 1882 238 1943 Et
249 1879 305 1941 lroc
321 1899 415 1960 penus
430 1881 519 1941 huius
533 1881 656 1960 penoris
668 1888 698 1940 et
712 1880 769 1941 hoc
784 1897 897 1960 penum
912 1877 1001 1939 huius
1015 1880 1084 1958 peni
1100 1886 1131 1939 et
1145 1877 1201 1939 hoc
1213 1896 1292 1959 penu
1307 1880 1504 1958 dampetra:

201 1980 338 2044 similiter
353 1981 402 2042 hic
419 1990 448 2043 et
463 1982 537 2043 llaec
552 1999 659 2061 specus
674 1980 763 2042 huius
778 1982 873 2059 speci,
898 1987 928 2039 ct
942 1981 999 2040 hoc
1014 1997 1121 2057 specus
1136 1980 1225 2042 liuius
1239 1982 1385 2060 specoris,
1404 1988 1435 2042 et
1447 1980 1505 2043 hoc

200 2102 322 2164 specum
347 2084 433 2144 liuius
455 2084 551 2162 speci,
583 2090 612 2144 et
634 2081 689 2143 hoe
718 2101 811 2162 specu
838 2080 927 2143 huius
955 2100 1055 2161 specu.
1100 2082 1180 2143 llaec
1208 2082 1267 2143 duo
1298 2084 1422 2145 nomino
1444 2091 1507 2145 tres

201 2186 433 2263 significationes
456 2192 485 2245 et
505 2192 568 2246 tres
596 2184 808 2246 declinationes
837 2185 998 2245 continent.
1041 2182 1114 2243 ltem
1138 2182 1175 2243 de
1197 2182 1244 2245 lris
1265 2182 1386 2247 duobus
1408 2186 1506 2248 nomi·
1557 2202 1564 2213 ‘

203 2286 290 2348 nibus
318 2287 537 2347 Priscianus
565 2284 650 2346 dixit:
680 2303 787 2366 specus
809 2293 839 2346 et
861 2304 957 2367 penus
984 2292 1044 2346 tam
1072 2285 1228 2348 masculini
1256 2304 1346 2366 quam
1367 2286 1541 2365 feminini„

204 2397 235 2452 et
257 2390 354 2450 nentri
376 2389 495 2467 generis
518 2406 584 2448 esse
605 2396 744 2448 auctores
765 2386 902 2465 probant.
947 2386 1081 2447 Seruio
1109 2386 1207 2466 placet
1234 2386 1291 2448 hoc
1313 2405 1426 2469 specus
1447 2388 1509 2451 diti

203 2492 234 2550 in
257 2487 402 2570 singulari
425 2496 454 2550 ct
476 2490 505 2549 in
527 2488 636 2569 plurali
658 2490 689 2550 hi
712 2507 828 2570 specus.
873 2487 1063 2549 Horatius:

357 2588 433 2659 Quo
455 2608 508 2651 me
530 2590 672 2652 Bacche
695 2591 798 2671 rapis
819 2591 875 2650 tui

356 2690 528 2754 Plenuml
551 2711 644 2772 quae
666 2710 819 2753 nemora
842 2698 876 2752 et
899 2710 988 2772 quos
1010 2710 1098 2771 agor
1120 2695 1159 2753 in
1182 2695 1336 2772 specus?

204 2798 236 2855 Α.
252 2792 404 2855 Gellius
425 2794 569 2855 feminino
584 2811 694 2872 genere
712 2793 799 2855 dixit:
823 2792 903 2854 solo
925 2792 1048 2854 medio
1072 2802 1107 2855 et
1128 2793 1233 2855 arido
1256 2802 1292 2854 et
1314 2794 1545 2875 flagrante„

203 2914 353 2976 specum
383 2894 562 2975 quandam
591 2904 752 2957 nanctus
778 2902 957 2956 remotam
987 2892 1231 2976 [inueniens]
1255 2894 1510 2961 latebrosam·

204 3016 288 3077 que,
313 3007 472 3076 penetro
496 3006 532 3058 et
554 2997 714 3059 recondo
738 3014 799 3057 me.
844 2996 999 3056 Ennius:

358 3100 444 3160 'lum
466 3117 557 3161 caua
580 3099 646 3161 sub
669 3107 793 3161 monte
815 3096 890 3159 late
912 3115 1047 3177 specus
1069 3099 1170 3159 intus
1191 3097 1354 3179 patebat.

205 3201 401 3262 Pacuuius:

359 3301 526 3364 llduenio
548 3304 584 3364 in
608 3302 869 3384 scrupulosam
893 3319 1052 3382 specum.
1522 3344 1547 3384 ω

273 3574 396 3624 tlriridis
448 3576 603 3640 gramaticus
657 3574 719 3623 luris
789 3574 914 3623 nhindis
932 3570 1060 3639 dupplici]
1079 3571 1247 3623 Scribendnm
1262 3573 1341 3636 fort:
1361 3576 1384 3624 ir
1396 3578 1470 3628 enim
1486 3590 1513 3630 et

204 3644 249 3692 iris
268 3643 363 3707 duplici
384 3659 409 3706 g.
430 3658 462 3704 e.,
482 3642 548 3692 idest
566 3644 610 3693 iris
629 3654 653 3692 ct
671 3643 752 3691 iridis.
807 3643 833 3690 in
852 3638 893 3705 ur]
912 3642 947 3704 cs.
966 3642 1094 3692 Priscian
1114 3641 1147 3691 de
1166 3643 1263 3692 nomine
1281 3649 1330 3693 ete.
1347 3660 1374 3709 p.
1394 3647 1460 3710 444,
1473 3650 1511 3699 23

204 3710 290 3788 lolia
307 3725 369 3759 uero
390 3710 474 3758 omnia
493 3712 581 3759 tertiae
598 3710 775 3760 declinationis
794 3726 841 3763 om.
864 3709 989 3774 Suppleni
1005 3726 1041 3760 ex
1057 3710 1189 3760 Prisciani
1204 3712 1249 3764 tt.
1295 3711 1443 3777 osulpnor
1494 3716 1513 3764 6

204 3793 299 3877 teminnla
352 3829 491 3893 Seggptus
525 3827 690 3894 hccpelagus
738 3825 922 3892 9Priseianus]
936 3827 997 3890 cfil
1006 3844 1031 3892 p.
1042 3830 1102 3891 259,
1112 3830 1156 3878 18:
1176 3837 1201 3877 ct
1211 3827 1357 3894 hirspeons
1370 3833 1445 3896 quod
1457 3844 1510 3883 tam

204 3895 374 3945 masculinum
394 3910 469 3960 quam
489 3906 605 3946 neutrum
617 3897 759 3949 inuenitur:
777 3896 837 3950 ibtd.
848 3899 894 3947 23:
912 3896 1034 3945 feminino
1044 3904 1128 3944 nmen
1138 3894 1187 3944 hoc
1197 3909 1289 3947 nomen
1300 3912 1407 3961 qnoque
1415 3916 1512 3967 genere

205 3965 344 4016 irnreuitur.
376 3965 413 4013 Oe
432 3968 547 4028 ‘pecore’
565 3966 599 4028 cs.
613 3969 631 4017 l.
645 3968 661 4015 l.
673 3981 700 4030 p.
711 3967 800 4025 27θ,3
858 3967 887 4014 11
909 3965 1000 4029 penius
1054 3965 1085 4013 13
1097 3978 1218 4027 gerrerum
1231 3966 1335 4027 quando
1379 3982 1466 4032 penus
1477 3968 1511 4019 de

206 4029 326 4098 phinitia]
346 4031 466 4082 Lacaenas
478 4033 515 4082 ita
527 4035 648 4097 expleas:
666 4049 713 4097 per
725 4047 755 4081 oc
769 4048 818 4082 non
832 4048 877 4098 per
896 4049 909 4080 e
927 4030 1089 4081 scribendum
1147 4033 1179 4081 14
1191 4031 1330 4098 Virgilius]
1351 4035 1421 4088 Aen.
1431 4037 1448 4086 1
1460 4041 1512 4088 567

206 4116 255 4149 ιιοιι
276 4101 367 4149 obtusa
385 4100 449 4149 adeo
467 4111 598 4165 gestemus
615 4111 720 4167 pectora
737 4101 815 4150 Poeni
868 4103 899 4151 15
918 4110 1029 4166 optonsa
1047 4110 1150 4165 pectorp
1169 4099 1247 4164 pheni
1299 4102 1332 4151 16
1349 4101 1476 4167 phenoris

207 4169 318 4233 picenum
356 4167 432 4233 phenl
468 4168 630 4234 phennlmius
649 4185 716 4235 penu
730 4170 820 4219 addidi
888 4171 919 4219 17
938 4170 1004 4233 spcti
1058 4168 1296 4232 tilsigniflcationis
1332 4170 1359 4219 ln
1372 4172 1511 4223 terdenis

206 4240 239 4285 20
258 4234 418 4300 Priscianus]
438 4237 473 4298 cf.
494 4237 512 4285 I
527 4253 553 4301 p.
574 4240 680 4301 2st,18
697 4251 751 4303 aeq.
791 4237 999 4303 Insequentibus
1017 4237 1182 4301 artigraphus
1200 4253 1250 4288 nan
1267 4244 1318 4287 toan
1335 4239 1418 4290 uerba
1436 4258 1511 4308 quere

205 4305 346 4354 sententiae
365 4304 496 4354 Prisciani
512 4308 650 4368 expressit.
720 4307 753 4354 21
772 4305 852 4370 placet
870 4306 910 4354 lnc
927 4320 1020 4370 specus
1073 4306 1105 4354 22
1124 4303 1165 4353 hic
1182 4320 1275 4370 specus
1327 4305 1417 4359 hotius
1475 4312 1510 4361 23

206 4371 285 4421 bache
353 4374 389 4421 tui
408 4373 503 4421 amoris
522 4374 622 4438 plenam
648 4370 736 4438 inque]
762 4374 919 4438 Scriptorem
942 4374 1070 4423 Ρνίιοίαιιὶ
1094 4374 1206 4424 codicem
1230 4377 1368 4438 placeatur
1393 4378 1510 4429 manibus

205 4443 315 4490 tenuisse
334 4442 469 4491 reerisimile
487 4448 533 4491 est.
602 4441 635 4491 25
653 4439 791 4507 aggellius]
812 4443 845 4505 cs.
866 4442 902 4492 M.
917 4442 1021 4490 Hertzii
1037 4441 1227 4492 adnotationem
1244 4443 1281 4492 ad
1297 4442 1382 4498 Petite.
1400 4448 1418 4498 l.
1436 4448 1454 4499 l.
1473 4448 1510 4495 23

240 4524 305 4571 gene
389 4510 423 4560 26
440 4508 573 4559 inueniens
590 4513 661 4559 ancia
679 4512 780 4571 inclusi,
801 4512 860 4575 qaia
877 4509 993 4560 uocabnli
1010 4511 1138 4558 ‘anacteas’
1149 4514 1236 4574 plasea
1253 4516 1302 4560 eet.
1373 4511 1509 4562 latebram·

207 4592 256 4635 nire
282 4604 295 4691 ·¹
324 4578 356 4626 27
376 4574 486 4642 Ennius]
506 4578 590 4628 Prisc.
609 4581 624 4629 l.
642 4581 660 4629 l.
677 4594 704 4643 p.
724 4580 821 4641 260,3
907 4579 939 4628 28
958 4590 1022 4625 carro
1075 4577 1139 4626 inter
1225 4581 1258 4629 29
1277 4578 1405 4629 Paeonios
1475 4583 1509 4633 30

207 4657 286 4709 crrrpn
299 4660 370 4694 osam
