3420 5378
555 277 831 330 DIFFERENTIAE
852 279 1065 333 SERMONVM.
1388 278 1449 344 277

243 463 324 524 lnter
347 464 457 525 [lumen
481 472 510 525 et
531 464 655 525 lluuium
678 472 708 525 et
729 483 845 527 amnem
869 474 899 526 et
927 474 1090 528 torrentem
1118 466 1175 527 hoc
1202 467 1341 537 interest,
1370 467 1449 544 quod

154 569 268 641 flumen
290 583 310 624 α
332 565 425 625 liuere
453 564 576 635 dicitur,
611 564 720 626 iluuius
748 567 920 646 temporalis
948 586 1023 648 aqua
1052 575 1110 638 est,
1144 568 1241 629 amnis
1270 567 1307 628 ab
1335 568 1447 630 ambitu

157 665 399 744 cognominatur,
424 672 554 735 torrens,
584 666 635 742 qui
657 665 755 726 hieme
777 667 977 729 intumescens
1005 667 1152 730 imbribus
1174 668 1353 750 niuibusquc
1376 687 1447 731 con·

157 765 272 847 pietur,
298 773 408 827 aestate
431 774 577 844 torretur,
600 765 678 827 idest
700 768 838 830 siccatur.

129 883 143 923 s
243 867 324 928 lntcr
346 868 535 928 innocentem
558 875 589 928 et
611 869 769 930 innocuum
792 869 849 929 hoc
870 872 1008 940 interest,
1032 869 1110 950 quod
1126 871 1270 933 innocens
1292 871 1448 932 sanctitate

156 987 273 1030 rarorum
295 967 486 1047 intellegitur,
508 969 671 1037 innocuus,
695 971 744 1047 qui
767 971 894 1032 nocendi
917 972 978 1031 uim
1001 970 1182 1032 nonhabet.

240 1070 321 1130 luter
343 1086 521 1147 generosum
544 1077 574 1129 et
596 1069 725 1130 nobilem
753 1070 810 1131 lroc
838 1071 976 1139 interest,
1005 1070 1085 1151 quod
1112 1089 1273 1150 generosus
1296 1090 1331 1133 ex
1354 1071 1447 1134 nobili

156 1189 269 1250 genere
292 1171 433 1239 nascitur,
457 1168 565 1231 nobilis
588 1170 728 1250 operibus
751 1170 798 1231 uel
821 1170 928 1251 opibus
949 1172 990 1232 stt.

240 1273 320 1334 luter
342 1274 458 1349 regium
481 1279 512 1332 ει
533 1272 663 1350 regalem
686 1271 743 1332 hoc
764 1273 903 1343 interest,
928 1272 1006 1349 quod
1028 1273 1129 1350 regius
1150 1290 1226 1352 puer
1249 1280 1307 1343 est,
1336 1273 1446 1353 regalis

118 1392 142 1431 ro
156 1394 224 1445 rex,
249 1375 299 1454 qui
321 1374 399 1452 regit
420 1390 554 1451 regnum.

239 1475 320 1536 lotor
347 1482 495 1535 amentem
525 1483 555 1534 ει
583 1473 750 1535 dementem
778 1472 834 1534 hoc
862 1475 1001 1542 interest,
1032 1474 1110 1551 quod
1138 1492 1240 1536 emens
1261 1483 1323 1538 tota
1346 1483 1447 1538 mente

155 1583 249 1647 caret,
274 1576 412 1654 demens,
436 1577 485 1654 qui
508 1584 622 1654 partem
647 1576 771 1645 retinet,
795 1576 879 1653 quasi
902 1573 1072 1637 deminutus
1093 1585 1178 1656 parte
1200 1578 1318 1638 mentis.

144 1664 151 1675 ’
240 1677 322 1738 luter
349 1675 480 1756 pecudes
503 1685 532 1736 et
552 1694 661 1755 pecora
689 1676 746 1736 hoc
773 1679 912 1747 interest,
941 1677 1021 1754 quod
1050 1678 1181 1758 pecudes
1203 1684 1352 1755 tamquam
1375 1697 1446 1740 oues

155 1787 268 1840 tantum
291 1779 466 1857 accipimus,
491 1796 598 1856 pecora
622 1786 720 1837 autem
743 1778 871 1838 mixtura
894 1779 1025 1838 omnium
1049 1776 1229 1839 animalium.

116 1901 141 1942 15
239 1879 319 1941 luter
341 1880 545 1940 demonstrare
568 1885 598 1937 et
620 1885 786 1938 monstrare
808 1877 865 1938 hoc
887 1880 1026 1949 interest,
1050 1878 1128 1959 quod
1151 1887 1318 1941 monstrare
1341 1878 1443 1951 semel,

153 1982 356 2043 demonstrare
380 1989 479 2042 autem
500 1982 626 2059 saepius.

236 2083 317 2143 lnter
339 2082 461 2142 diuitem
484 2089 515 2142 et
536 2080 694 2142 honestum
717 2087 748 2140 et
768 2080 963 2159 pecuniosum
987 2088 1016 2141 et
1031 2078 1210 2160 locupletem
1226 2088 1255 2142 et
1271 2080 1443 2162 opulentem

153 2195 182 2246 ct
205 2184 323 2246 beatum
352 2182 408 2244 hoc
435 2184 573 2251 interest,
605 2180 684 2259 quod
712 2180 797 2243 diues
824 2198 897 2241 auro
920 2188 950 2241 ct
971 2190 1109 2259 argento,
1138 2181 1283 2244 honestus
1311 2183 1446 2246 moribus

152 2286 262 2346 dicitur
290 2293 320 2344 el
347 2283 487 2362 dignitate
516 2291 546 2342 ει
573 2281 753 2352 honoribus,
782 2283 962 2362 pecuniosus
989 2302 1006 2343 a
1033 2282 1192 2362 pecoribus
1215 2283 1338 2354 dicitur,
1361 2284 1443 2347 locu-

113 2386 262 2467 aoplelem
285 2386 347 2463 agri
370 2385 495 2445 iaciunt:
525 2383 636 2446 dicitur
658 2382 694 2443 ab
719 2402 770 2452 εο,
799 2382 879 2464 quod
903 2385 942 2444 sit
969 2381 1027 2444 loci
1056 2383 1178 2464 plenus,
1209 2384 1368 2465 opulentus
1396 2385 1444 2448 his

151 2486 290 2548 omnibus
312 2485 434 2566 plenus,
458 2483 536 2545 lteati
559 2484 596 2545 ab
619 2485 727 2544 animo.

237 2588 318 2650 lnter
339 2586 436 2667 palam
460 2593 490 2646 et
510 2604 611 2646 coram
635 2584 691 2645 hoc
705 2587 842 2656 interest,
865 2586 944 2666 quod
967 2585 1063 2666 palam
1087 2589 1221 2649 omnium
1243 2590 1441 2668 praesentiam

151 2698 249 2760 notat,
273 2708 373 2750 coram
397 2705 556 2768 personam
579 2689 714 2766 accipere
737 2685 895 2748 desiderat.

236 2791 315 2852 lnter
345 2789 446 2850 album
475 2797 505 2849 ct
532 2787 692 2848 candidum
727 2787 784 2847 hoc
812 2789 952 2858 interest,
988 2787 1066 2865 quod
1096 2787 1195 2851 album
1223 2789 1359 2852 naturale
1387 2798 1441 2861 est,

111 2891 309 2954 ucandidunt
334 2909 403 2951 cura
427 2891 507 2951 iacit.

129 3124 134 3133 ·
219 3113 232 3160 1
246 3120 271 3159 ει
282 3108 348 3159 amrin
359 3110 380 3158 Λ
399 3124 507 3170 amnem,
520 3106 632 3158 emeli)
683 3106 752 3168 qtrod
765 3106 842 3154 liuere
850 3105 974 3155 dicituro
992 3106 1061 3167 qnod
1072 3107 1177 3156 llumiua
1187 3107 1316 3172 pluraliter
1323 3108 1442 3160 dicuutur

150 3179 245 3228 lluuius
263 3177 410 3242 temporalis
423 3175 464 3225 BC
515 3173 702 3225 2¹¹³nmbituA
754 3173 1066 3237 ScognominoturcmAE
1100 3178 1212 3236 qucmA
1245 3175 1391 3227 intumescit
1402 3175 1443 3228 Bc

147 3248 166 3296 t
183 3245 294 3296 esmteB
312 3245 405 3293 llnmen
423 3259 439 3292 o
456 3243 534 3292 liuere
550 3242 652 3303 dicitur,
664 3242 758 3290 llumen
771 3256 786 3290 a
799 3239 1010 3306 temporalisque
1022 3251 1070 3307 cat,
1083 3256 1171 3292 cinnes
1183 3241 1215 3292 ub
1230 3245 1327 3294 emuito
1345 3258 1444 3311 cogno·

147 3313 273 3376 minatur,
296 3321 395 3361 torrens
413 3310 457 3373 qui
475 3309 566 3373 hyeme
582 3310 728 3359 intumescit
744 3318 769 3358 et
785 3308 1102 3375 imbribus-completur
1114 3310 1285 3372 Gctdofreduc
1300 3328 1329 3376 p.
1343 3314 1375 3362 ⁷9
1425 3314 1442 3364 6

148 3380 297 3446 intelligitur
307 3380 432 3428 innocuus
445 3378 488 3440 qni
502 3390 553 3426 non
565 3375 641 3426 hebet
652 3378 703 3426 uim
716 3376 850 3426 innocendi
860 3376 880 3425 B
892 3376 1014 3426 innocens
1023 3403 1056 3412 -
1065 3377 1111 3439 qui
1120 3390 1169 3426 nou
1182 3377 1258 3427 hebet
1269 3378 1321 3427 uim
1333 3379 1442 3430 nocendi

149 3448 169 3498 G
188 3448 304 3510 Goldosr.
316 3463 343 3512 p.
356 3449 396 3503 80.
415 3446 451 3508 cs.
463 3445 537 3510 lieiff.
548 3460 575 3508 p.
586 3447 636 3493 276
688 3445 785 3505 Ὶειιοά
797 3446 834 3495 sic
845 3458 1018 3510 generosusus
1030 3446 1054 3493 A
1072 3444 1141 3506 quod
1154 3458 1295 3509 generosus
1313 3446 1441 3497 nascendo

148 3517 266 3581 ⁰peribue
284 3515 318 3564 sit
335 3516 367 3576 B,
387 3515 482 3578 aliquot
499 3512 726 3575 uerdcrmncpatic
738 3513 836 3564 relicto.
872 3525 1012 3577 generosus
1026 3512 1140 3561 uescitur
1152 3511 1293 3573 (nascendo
1303 3510 1440 3578 c)nobttts

149 3584 242 3649 opibus
255 3579 315 3631 mc
334 3581 504 3643 Gctltcsredue
516 3596 541 3642 p.
552 3582 585 3628 80
636 3576 1020 3643 9lntcrregemetregalem0
1055 3577 1262 3630 liecestiuterB
1296 3581 1365 3646 regis
1377 3596 1442 3646 puer

149 3650 169 3700 0
202 3665 266 3716 puer
277 3649 371 3714 regulis
384 3658 423 3697 est
434 3646 474 3697 BC
509 3647 575 3695 luter
588 3648 685 3710 regium
699 3656 723 3696 et
735 3661 820 3711 regern
833 3644 882 3694 hoc
894 3648 1010 3705 interest,
1029 3646 1097 3707 quod
1110 3647 1198 3711 regius
1210 3661 1275 3713 puer
1286 3647 1379 3713 regalis
1392 3657 1440 3712 est,

149 3732 194 3767 rex
212 3718 272 3779 quic
289 3718 355 3782 regit
372 3730 479 3781 regnum
493 3714 610 3776 Gottofr.
622 3731 647 3778 p.
659 3717 700 3770 80,
719 3715 753 3778 cf.
764 3714 840 3778 lleiff.
852 3730 879 3777 p.
892 3715 944 3764 288
1013 3714 1043 3762 11
1058 3723 1109 3763 tota
1122 3724 1207 3764 menta
1218 3717 1242 3764 A
1259 3716 1285 3765 iu
1303 3725 1355 3766 tcto
1373 3725 1442 3766 caret

149 3795 233 3835 mente
250 3784 291 3834 Bc
360 3785 391 3832 12
409 3782 545 3844 quiocuss
580 3781 684 3831 demens
696 3781 766 3846 pnr‘e
778 3779 902 3831 mentisC
919 3781 1027 3847 reliquie
1042 3782 1139 3832 onusta
1173 3783 1264 3832 retinet
1275 3784 1349 3845 quasi
1361 3782 1441 3833 demi·

148 3863 225 3903 nutus
242 3861 315 3917 perte
331 3866 378 3901 cm.
396 3851 416 3898 B
433 3864 521 3898 emens
539 3851 565 3899 in
584 3860 663 3898 totum
681 3860 749 3899 caret
766 3860 857 3909 mente,
876 3849 980 3897 demens
998 3859 1096 3913 purtem
1115 3849 1206 3899 retinet
1216 3850 1299 3901 dictus
1315 3851 1441 3901 diminuta

149 3932 220 3986 parte
232 3920 324 3968 mentis
335 3918 506 3981 Gctdcsreduc
515 3934 544 3982 p.
553 3920 587 3968 80
656 3919 687 3967 13
699 3917 827 3981 pellicere,
837 3913 905 3966 coc
939 3915 1051 3981 pecudes
1063 3926 1160 3966 tentum
1173 3931 1235 3967 oues
1247 3918 1387 3983 accipimus
1399 3918 1440 3969 BG

148 3990 181 4038 14
197 3987 345 4037 animalium
363 3996 402 4035 est
413 3984 454 4034 Bc
471 3985 580 4049 pecodcs
593 3994 689 4034 tantum
703 3999 765 4033 oues
777 3984 916 4049 accipimus
926 4009 958 4019 —
968 3983 1115 4033 animalium
1127 3994 1167 4034 est
1177 3985 1349 4047 Gotltofrcduc
1358 4003 1387 4051 p.
1396 3989 1438 4049 80,

147 4057 182 4119 cf.
194 4057 270 4120 ΙιείΙΓ.
284 4071 310 4118 p.
322 4056 372 4104 286
442 4055 473 4103 15
491 4054 516 4101 in
534 4063 677 4137 monstrare
695 4063 719 4100 et
730 4051 936 4101 demonstrareB
954 4060 1127 4101 monstramus
1145 4048 1219 4101 sem⁰¹
1236 4052 1440 4105 demonstramus

147 4119 1224 4254 etitlattttlttttlnttittittit'ttt‘ltcttttltltit·²⁸32
1241 4121 1440 4253 ..iittittt

148 4272 261 4317 astroque
280 4255 298 4304 B
316 4257 390 4305 diues
408 4268 470 4304 auro
487 4264 644 4320 argentoque
657 4252 676 4302 0
745 4256 776 4304 19
788 4254 880 4303 dicitur
891 4269 937 4303 om.
947 4251 988 4302 Bc
1023 4264 1047 4303 et
1058 4253 1196 4303 honoribus
1205 4254 1297 4306 dicitur
1305 4256 1395 4304 beccus
1408 4256 1439 4303 ab

148 4326 233 4374 animo
251 4323 402 4388 locupletem
420 4323 476 4388 agri
493 4322 590 4371 iaciunt
608 4320 650 4370 BC
712 4322 745 4371 20
762 4319 884 4370 dictusB
919 4320 982 4369 locis
1000 4320 1092 4386 plenus
1111 4319 1152 4371 Bc
1219 4323 1252 4371 21
1270 4321 1311 4372 his
1329 4337 1377 4373 ctu.
1396 4320 1439 4373 BC

149 4393 266 4441 omnibus
283 4391 359 4440 bonis
377 4390 468 4456 plenus
487 4400 606 4452 tationem
621 4385 759 4452 (tamquam
770 4386 798 4451 C)
820 4388 938 4453 operibus
948 4389 1052 4454 (opibus
1063 4387 1095 4450 G)
1113 4389 1168 4439 sois
1181 4389 1295 4439 eminens
1305 4387 1348 4440 BC
1365 4388 1438 4440 diues

147 4474 208 4508 auro
226 4470 396 4524 argentoque,
414 4458 538 4507 honestus
557 4458 670 4505 moribus
689 4455 792 4512 dicitur,
813 4456 968 4520 pecuniosus
986 4470 1001 4504 a
1019 4456 1154 4522 pecoribus
1172 4455 1277 4518 dicitur,
1295 4456 1389 4516 ¹beatus
1407 4457 1439 4508 ab

147 4527 242 4585 enimc,
254 4525 371 4590 locuples
383 4527 420 4581 ab,
428 4540 457 4575 eo
470 4526 540 4586 qtrcd
553 4526 586 4574 sit
597 4523 660 4572 locis
670 4523 772 4587 plenus,
782 4522 916 4587 opulentus
930 4524 1048 4573 omuibus
1057 4523 1098 4573 his
1111 4524 1201 4588 plenus
1211 4533 1332 4587 tanquam
1346 4525 1438 4591 opibus

148 4594 334 4710 {iiiiii
349 4589 1438 4722 dictinctio..ipitlt‘ttttttlttltit‘llttzstudii)

145 4744 172 4793 p.
185 4724 226 4782 80.
238 4731 280 4790 ct,
292 4728 326 4789 cs.
333 4675 413 4793 ¹iieiff.
426 4745 453 4793 p.
464 4730 514 4778 286
571 4726 682 4776 241nter
693 4725 778 4774 elbum
789 4739 890 4775 -cure
901 4673 962 4775 iacit
973 4741 1019 4778 om.
1030 4727 1062 4790 Α,
1075 4727 1137 4782 add.
1146 4724 1189 4780 BC
1201 4734 1226 4779 ct
1239 4725 1355 4787 Getdofr.
1367 4741 1393 4790 p.
1405 4727 1437 4775 at
