3420 5378
332 321 438 372 CCVIII
625 308 675 361 DE
693 308 844 362 IVLIANO
863 308 1059 361 TOLETANO
1079 308 1320 362 GRAMMATICO

331 499 403 559 ‘liic’
424 500 589 574 pertinent.
627 500 744 559 Deinde
765 501 995 559 animaduertes
1016 515 1137 574 quaeso,
1163 499 1333 574 Pompeium
1349 516 1369 557 o
1383 500 1507 560 Iuliano
1522 501 1632 560 ordine

332 618 480 677 peruerse
502 601 645 678 laudari,
674 602 713 660 od
739 598 925 676 ortipropleo
952 600 1104 661 Berreensi
1128 602 1230 661 eodem
1260 602 1379 678 ordine,
1407 620 1467 676 paro
1495 602 1633 679 Pompeii

328 706 413 763 locus
434 704 466 761 in
487 703 574 762 libris
595 705 810 777 manuscriptis
830 704 951 776 lepitur,
975 702 1020 774 cs.
1036 703 1139 778 Pomp.
1159 720 1193 777 p.
1212 709 1275 776 lot,
1295 710 1413 762 29—3t
1430 705 1469 764 K.
1506 703 1628 781 Itaque,

330 807 451 864 etiamsi
482 820 665 864 communem
695 806 815 878 utrique
846 805 992 877 scriptori
1018 804 1136 878 fontem
1163 811 1292 880 praesto
1319 803 1418 877 fuisse
1447 812 1627 880 statuamus,

330 907 513 966 Beruensem
542 913 625 965 certe
652 906 865 980 ortipropleum
894 907 987 965 multo
1013 908 1118 965 melius
1152 914 1244 980 atque
1277 909 1454 967 accuratius
1480 924 1517 966 eo
1544 924 1628 968 usian

329 1024 392 1068 esse
413 1009 556 1068 dicemus.
603 1006 797 1082 oruprnprer
817 1024 912 1081 nemo,
935 1008 1052 1082 opinor,
1076 1024 1122 1065 me
1143 1008 1324 1083 increpabit,
1348 1010 1430 1083 quod
1449 1006 1530 1069 artis
1551 1009 1627 1069 Ber·

330 1112 430 1170 nenas
460 1116 490 1169 et
521 1111 694 1185 scripturae
725 1110 949 1185 discrepantias
984 1117 1012 1168 et
1040 1112 1203 1182 prauiores
1236 1111 1496 1170 dissimilitudines
1520 1113 1627 1171 sedulo

329 1212 523 1273 adnotandas
543 1213 663 1286 suscepi
689 1213 891 1286 maioremque
917 1213 964 1271 illi
988 1227 1078 1285 quom
1099 1210 1221 1271 Iuliano
1246 1211 1336 1284 fidern
1363 1213 1536 1273 dolendam
1565 1230 1627 1272 esse

328 1313 488 1374 contendo.

413 1414 548 1489 Sequens
569 1412 666 1475 Keilii
685 1423 863 1491 excerptum
885 1415 971 1491 apud
995 1417 1174 1491 scriptorem
1197 1413 1380 1475 Bernarsem
1406 1414 1452 1477 sic
1478 1433 1511 1475 se
1537 1416 1628 1477 dalet

324 1516 354 1588 s.
380 1512 450 1575 28⁶:
1095 1585 1097 1589 ,

413 1614 551 1695 Quisquis
573 1618 656 1678 cuins
678 1618 789 1696 figurae
812 1617 873 1678 esti
916 1618 1093 1697 conpositae
1116 1636 1151 1678 ex
1182 1615 1298 1679 duobus
1326 1619 1450 1695 integris
1473 1620 1627 1699 pronomi-

332 1718 428 1780 nibus.
474 1718 614 1790 Quisnam
638 1719 783 1782 similiter.
827 1718 899 1790 Quis
919 1738 1086 1800 pronomen
1110 1729 1169 1789 est,
1193 1738 1261 1781 nam
1285 1721 1469 1781 coniunctio:
1494 1737 1531 1781 ex
1554 1719 1625 1781 dua·

333 1820 388 1883 bus
409 1820 542 1900 partibus
571 1840 661 1882 unum
690 1818 817 1884 efficitur
839 1840 1005 1901 pronomen
1033 1824 1230 1903 conpositum.
1280 1822 1370 1883 Cuius
1404 1823 1525 1898 generis
1563 1824 1626 1883 esti

330 1928 407 2003 Aput
430 1942 485 1984 nos
507 1921 674 1984 masculini:
699 1924 845 2002 ‘quisnam
870 1926 916 1984 uir
937 1926 1020 1985 iacis'
1046 1937 1074 1985 et
1096 1924 1253 2002 ‘quaenam
1276 1922 1404 1984 mulier’.
1441 1926 1521 2002 Aput
1544 1931 1625 1986 uete-

328 2043 377 2085 res
405 2042 478 2085 uero
507 2028 672 2086 communis
702 2024 761 2100 l—ni
782 2025 860 2105 eod.)
890 2028 1006 2105 generis
1035 2024 1208 2087 habebatur.
1265 2025 1305 2085 lla
1344 2026 1406 2086 eius
1443 2026 1623 2105 exemplum.

329 2125 471 2197 Quisnam
500 2145 531 2187 es
559 2136 589 2187 ιιι
620 2128 724 2188 mulier
746 2147 804 2208 qua
832 2136 956 2189 emeiam
986 2130 1160 2190 inconsueto
1183 2144 1337 2207 nuncupas
1359 2129 1489 2190 nomine.
1535 2128 1621 2199 Quis·

329 2229 408 2304 piam
437 2228 578 2290 eiusdem.
629 2227 711 2297 Quae
738 2230 831 2307 ilgma
860 2232 921 2291 esti
966 2230 1134 2311 Conposita:
1164 2233 1232 2310 quis
1257 2247 1422 2309 pronomen
1451 2236 1511 2299 est,
1540 2232 1620 2309 piam

329 2346 437 2388 nomen
461 2339 515 2390 est.
562 2330 650 2391 Cuius
678 2333 796 2409 generis
823 2334 884 2392 est?
927 2332 1107 2394 Communis,
1154 2331 1326 2403 Quomodo?
1370 2330 1533 2411 ‘Quispiam
1563 2333 1622 2393 uir'

329 2440 359 2490 et
382 2432 538 2510 ‘quispiam
563 2432 691 2502 mulier',
717 2442 746 2493 el
768 2452 822 2513 pro
844 2443 951 2494 neutro
974 2435 1142 2514 ‘quodpiam
1166 2433 1367 2513 mancipium’.

418 2532 572 2604 Quomodo
588 2533 762 2596 declinanda
779 2546 848 2596 sunt
862 2539 918 2596 ista
934 2539 1109 2614 pronomina
1125 2536 1296 2616 conposita?
1318 2533 1443 2604 Quando
1457 2553 1492 2596 ex
1508 2533 1625 2597 duobus

329 2637 524 2697 nominatiuis
539 2634 620 2716 (·bis)
637 2640 791 2715 conposita
806 2637 928 2707 luerint,
952 2638 1039 2699 ambo
1061 2640 1236 2698 nominatiui
1254 2637 1325 2719 l-lri)
1349 2636 1519 2698 inflectendi
1543 2646 1622 2708 sunt,

329 2747 361 2799 ut
383 2738 516 2819 quisquis
538 2741 708 2800 cuiuscuius
731 2748 803 2809 etc„
832 2741 951 2820 quando
978 2759 1051 2801 uero
1080 2759 1116 2801 ex
1145 2741 1328 2800 nominatius
1358 2748 1388 2800 et
1408 2738 1545 2819 quolibet
1565 2738 1622 2799 alio

329 2858 399 2901 casu
422 2843 578 2920 conposita
600 2842 719 2909 luerint.
743 2842 792 2902 ille
815 2843 1017 2903 nominatiuus
1034 2843 1089 2902 erit
1108 2840 1112 2920 Ι
1132 2842 1153 2901 l.
1176 2838 1236 2900 29³
1257 2839 1261 2920 l
1282 2849 1393 2901 tantum
1415 2839 1621 2909 inflectendus,

328 2950 359 3001 ιιι
381 2943 525 3022 quispiam
549 2945 711 3023 cuiuspiam
735 2952 791 3005 etc.
837 2942 868 3004 ln
892 2943 999 3023 quibus
1021 2942 1214 3023 qualitatibus
1236 2950 1305 3009 etc„
1328 2943 1373 3016 es.
1395 2959 1502 3018 supra.

413 3046 464 3104 En
484 3046 543 3106 leae
565 3049 660 3120 lpitner
682 3049 759 3106 artis
779 3049 962 3124 recensione,
986 3054 1018 3106 ut
1040 3048 1105 3105 alin
1127 3054 1254 3119 taceam,
1279 3064 1309 3104 n.
1330 3050 1367 3103 33
1388 3044 1506 3106 Iuliani
1528 3047 1623 3106 uerita

327 3149 447 3207 restitui
460 3156 604 3221 possunt,
633 3166 712 3224 quoe
739 3165 759 3206 a
785 3149 923 3208 librariis
948 3149 1142 3208 oscitantibus
1162 3151 1271 3208 irrisere
1291 3154 1438 3222 corrupta
1459 3156 1547 3208 sunt:
1573 3148 1623 3207 de-

326 3252 407 3324 lapsi
432 3257 502 3308 sunt
528 3251 605 3309 enim
632 3267 735 3310 eorum
764 3252 846 3310 oculi
866 3253 910 3311 od
929 3268 982 3323 ea,
1014 3265 1092 3325 quae
1119 3269 1148 3309 u.
1175 3257 1212 3308 25·
1238 3257 1268 3309 et
1297 3256 1332 3307 29
1359 3252 1512 3325 leuantur.
1562 3250 1624 3310 Sed

327 3359 427 3410 utrum
448 3358 585 3411 extrema
608 3369 725 3427 quoque
747 3353 896 3412 uocabulo
919 3353 1047 3427 ‘aliquid
1067 3359 1096 3411 et
1118 3354 1230 3412 cetero’
1259 3369 1280 3410 o
1308 3354 1447 3412 librariis
1473 3360 1622 3430 corrupta

218 3518 222 3523 ,
326 3456 395 3525 sint,
420 3471 460 3512 err
485 3454 621 3513 Iulianus
643 3455 708 3529 ipsc
729 3457 785 3514 isto
807 3456 853 3514 ‘et
874 3459 994 3514 ceteru'
1023 3455 1163 3530 adposito
1190 3473 1222 3513 se
1247 3457 1365 3529 reliqua
1386 3455 1501 3514 lulrenti
1520 3456 1623 3514 auimo

323 3559 561 3631 praetorirrisisse
582 3559 755 3630 siprdficnre
776 3560 916 3630 uoluerit,
941 3558 1026 3617 lraacd
1047 3561 1090 3615 ito
1111 3564 1195 3617 certo
1217 3559 1340 3628 (lepiniri
1356 3565 1465 3632 potest.

411 3676 439 3736 p.
472 3654 552 3725 320,
578 3656 594 3717 1
628 3658 700 3718 ltem
730 3676 787 3718 orn.
853 3659 925 3736 quid
953 3656 1059 3718 accidit
1122 3655 1142 3716 3
1171 3659 1336 3718 interiectio
1365 3655 1523 3719 exultantis
1590 3665 1623 3717 ut

327 3759 385 3819 lion
415 3757 493 3837 quod
522 3767 567 3818 est
630 3756 792 3838 4quidam
816 3741 849 3820 dl
911 3757 932 3821 5
961 3767 1073 3819 anetum
1103 3768 1135 3818 ιιι
1162 3767 1234 3818 altat
1260 3759 1408 3837 quomodo
1437 3760 1479 3819 sic
1502 3758 1620 3819 solinum

327 3870 372 3921 est
399 3861 542 3921 inlautum
571 3864 702 3922 nutrices
732 3865 844 3922 uainare
872 3870 947 3923 totto
1021 3859 1039 3922 7
1070 3870 1099 3920 el
1126 3877 1201 3936 quae
1230 3871 1299 3920 suut
1325 3861 1431 3920 similia
1460 3879 1518 3921 om.
1585 3860 1621 3921 ad

329 3964 557 4040 significationes
580 3965 672 4042 pariis
695 3965 778 4023 istius
800 3966 928 4044 pertinet
952 3961 1148 4024 discernenda
1171 3972 1239 4022 sum
1261 3965 1309 4023 ila.

412 4064 633 4126 Interiectionis
655 4068 754 4127 ‘totto'
777 4067 970 4140 Smnrupdus
991 4082 1108 4140 quoqne
1129 4067 1260 4124 meminit
1277 4063 1336 4135 sol.
1360 4065 1432 4126 111⁰
1449 4065 1624 4140 srapmenli

327 4168 499 4241 Berrrensis,
524 4171 606 4242 quod
628 4168 714 4241 infru
731 4185 922 4244 propnrnorn:
946 4165 1134 4227 l’rolailienlis
1151 4175 1182 4226 ιιι
1205 4168 1309 4233 ‘tulo';
1332 4169 1376 4226 sie
1399 4168 1476 4227 euim
1499 4168 1622 4229 infanti·

328 4269 383 4330 bus
406 4270 612 4330 eonmiiuatur.
659 4271 730 4330 Nam
754 4279 784 4330 et
806 4274 836 4331 in
860 4268 1006 4330 Teodisca
1029 4267 1127 4346 lingua
1151 4267 1222 4328 illud
1246 4270 1344 4327 ‘sotto'
1368 4267 1555 4346 prohibentis
1570 4268 1623 4329 ha·

328 4373 378 4432 bet
399 4371 579 4432 intellectum
607 4408 653 4440 --‚
677 4374 731 4432 sed
752 4376 810 4447 ita,
837 4382 869 4433 ut
891 4392 931 4433 eu
954 4374 1016 4433 alio
1037 4372 1167 4446 quoidam
1188 4369 1276 4443 sorite
1298 4372 1352 4428 illu
1368 4374 1491 4446 petiisse
1508 4377 1623 4446 puton-

326 4476 383 4535 dus
403 4478 450 4534 sit.
496 4474 574 4532 Nam
602 4483 630 4533 et
656 4476 741 4549 ciprud
770 4477 920 4535 lulianum
948 4484 976 4534 et
1003 4475 1089 4550 apud
1115 4474 1329 4548 urtiproplrum
1352 4472 1537 4533 Banerrsem
1556 4482 1624 4549 post

326 4579 427 4636 ‘attunt’
455 4578 601 4635 nornnullu
641 4573 831 4635 intercidisse
858 4578 1018 4653 uidentur,
1052 4593 1131 4650 quoe
1158 4577 1243 4650 apud
1270 4574 1474 4649 Snurrnpdnm
1500 4577 1623 4651 intepra

327 4681 431 4738 adesse
453 4679 546 4737 arieles.
592 4677 844 4752 cauponarum,
874 4698 911 4737 nce
934 4679 1086 4738 Iulianum
1109 4679 1144 4736 oo
1166 4679 1200 4735 iel
1217 4679 1355 4752 pleniore
1375 4678 1507 4753 qrtodam
1529 4694 1622 4753 quom

327 4788 479 4840 (cauctorem
491 4779 684 4845 ,Beruensem
704 4780 795 4852 serrata
816 4798 901 4842 iissem
925 4797 987 4840 csse
1009 4781 1132 4851 credas,
1162 4782 1245 4853 quod
1267 4779 1339 4839 illu:
1362 4779 1496 4858 ‘quando
1518 4780 1622 4859 prolui·
