3420 5378
189 296 230 359 84
694 297 764 349 ARS
783 297 966 350 tuout'ttt.

188 504 261 546 nero
289 503 384 564 gertus
412 485 551 547 distantia
579 484 696 564 linguae
725 487 1003 549 consuetudinariae
1024 489 1167 557 efficitur:
1195 487 1245 550 alii
1274 490 1354 550 enim
1384 488 1486 553 dieunt

187 587 235 649 liic
257 586 346 659 silex,
370 586 420 648 alii
436 607 508 649 uero
525 587 598 649 liaeo
614 587 688 650 silex
710 590 855 649 suauitate
879 592 994 651 aurium
1017 608 1137 660 suarum
1160 590 1297 669 elegente
1319 591 1483 653 secundum

186 709 271 752 usum
294 691 444 753 diuersum
468 693 698 771 prouinciarum.

272 791 419 855 Numerus
443 792 511 872 quid
537 795 597 855 est‘t
628 792 769 854 ludicalio
791 793 977 855 collectionis
999 803 1043 856 est
1064 793 1249 873 singolorum
1273 814 1435 876 corporum
1456 805 1486 857 et

187 914 288 973 rerum
310 914 365 975 per
388 914 496 956 nomen
521 897 695 974 agniturum.
740 896 801 956 atta
824 896 958 957 delinitio
980 905 1039 959 cst:
1084 896 1230 959 Numerus
1256 906 1303 959 est
1323 911 1509 978 corporumt

186 996 317 1059 unalium
341 997 538 1078 pluraliurnue
561 1008 590 1059 et
613 1016 712 1058 rerum
735 1015 790 1076 per
812 1017 916 1059 uocem
946 998 1098 1079 aequalem
1125 998 1354 1078 inaequalemue
1382 999 1485 1080 euplo·

186 1104 279 1171 ratio,
313 1108 346 1161 ut
376 1102 422 1161 uir
450 1101 522 1169 uiri,
556 1099 662 1161 mulier
693 1100 847 1168 mulieres,
883 1099 1012 1178 dignitas
1039 1100 1206 1179 dignitates,
1251 1101 1329 1174 Quid
1361 1104 1486 1163 interest

185 1204 263 1263 inter
290 1221 447 1263 numerum
476 1202 605 1262 nominis
629 1210 657 1263 et
685 1203 870 1281 pronominis
892 1211 921 1263 et
944 1203 1029 1264 uerbi
1052 1212 1081 1264 et
1103 1203 1270 1283 participii?
1314 1202 1374 1265 lsta
1401 1202 1485 1264 dille·

186 1307 281 1366 rentia
305 1314 364 1364 est:
403 1304 550 1365 Numerus
574 1303 659 1365 uerbi
681 1323 825 1383 personas
847 1305 986 1366 obseruat
1014 1304 1193 1372 indiscrete:
1224 1321 1370 1365 numerus
1392 1307 1484 1385 parti·

185 1407 253 1485 cipli
269 1402 283 1488 ll
298 1406 317 1465 l.
334 1402 390 1466 90·
407 1401 420 1488 ll
435 1407 667 1482 significationes
690 1406 874 1485 temporibus
896 1409 1013 1467 iunctas
1035 1405 1179 1474 ostendit;
1208 1424 1353 1469 numerus
1375 1424 1483 1487 prono·
1496 1420 1519 1457 ¹⁰

186 1510 273 1568 ruinis
295 1525 438 1586 personas
461 1509 618 1570 coniuncte
641 1508 784 1576 custodit;
808 1526 949 1569 numerus
973 1526 1045 1569 uero
1069 1509 1199 1569 nominis
1214 1527 1301 1570 casus
1324 1510 1485 1570 comitatur

185 1628 293 1688 corpus
322 1618 372 1671 aut
400 1629 526 1690 corpora
550 1618 579 1672 et
602 1629 665 1671 rem
688 1617 809 1671 autres
831 1611 1039 1688 significantes.
1085 1610 1206 1672 Numeri
1229 1613 1391 1671 *nominum
1412 1617 1485 1690 quot

183 1713 271 1772 sunt?
315 1710 393 1782 Duo,
423 1711 581 1790 singularis
603 1721 633 1773 et
654 1711 790 1792 pluralis;
824 1712 997 1791 singularis,
1027 1720 1060 1773 ut
1082 1711 1130 1773 liic
1152 1714 1200 1773 uir
1222 1720 1253 1773 et
1273 1711 1323 1774 lric
1350 1713 1484 1792 sapiens:

185 1813 309 1894 pluralis
325 1832 475 1883 numerus,
486 1821 519 1874 ut
532 1814 562 1874 hi
577 1817 635 1877 uiri
653 1824 682 1876 et
698 1816 728 1875 hi
744 1818 907 1896 sapientes:
924 1813 995 1875 licet
1009 1822 1081 1893 aput
1096 1813 1192 1875 alios
1206 1814 1315 1876 tertius
1330 1813 1484 1875 inducitur

185 1934 336 1985 numerus,
361 1933 448 1993 quern
472 1915 588 1977 dualem
612 1915 728 1987 dicunt,
752 1925 785 1978 ut
807 1923 852 1977 est
875 1926 1000 1996 uterquc
1022 1915 1110 1977 ambo
1134 1914 1208 1984 duo,
1238 1922 1268 1976 ct
1289 1915 1405 1977 idcirco
1426 1916 1516 1975 istem

185 2037 328 2079 numerus
351 2017 445 2078 dualis
468 2018 586 2088 dicitur,
610 2021 678 2096 quia
702 2020 739 2079 de
761 2016 877 2079 duobus
899 2027 1011 2079 tantum
1035 2018 1175 2079 dicuntur
1198 2016 1272 2079 haec
1294 2019 1432 2086 nomina,
1455 2025 1485 2077 et

185 2122 366 2181 transierunt
393 2139 409 2179 a
437 2118 640 2198 singularitate
669 2127 699 2179 et
726 2138 785 2179 non
813 2127 1018 2200 peruenerunt
1045 2120 1080 2181 ad
1109 2119 1324 2200 pluralitatem,
1354 2117 1407 2180 sed
1436 2117 1484 2179 hic

185 2240 326 2282 numerus
356 2240 371 2280 a
403 2220 551 2301 plerisque
578 2240 637 2282 non
665 2223 820 2301 recipitur,
849 2224 919 2300 quia
948 2240 1007 2281 non
1036 2230 1081 2282 est
1109 2224 1139 2282 in
1168 2230 1273 2284 natura
1302 2237 1406 2281 rerum
1436 2217 1484 2279 laic

187 2325 292 2384 tertius
315 2340 466 2386 numerus,
512 2324 583 2383 Nam
608 2341 682 2393 uox,
711 2340 789 2400 quae
816 2323 1032 2400 siguificauerit
1054 2342 1145 2385 unum
1175 2315 1284 2404 corpus
1305 2325 1373 2384 siue
1394 2339 1483 2383 unam

163 2435 264 2494 rem,
294 2423 452 2503 singularis
482 2433 540 2493 est,
577 2433 608 2484 et
636 2442 708 2499 uox,
740 2444 816 2506 quae
844 2427 1060 2504 significassent
1086 2425 1146 2487 duo
1173 2443 1299 2506 corpora
1328 2426 1395 2485 siue
1422 2436 1518 2491 reem

184 2526 308 2605 pluralis
337 2534 396 2596 est,
426 2534 458 2587 ut
482 2525 540 2586 duo
563 2524 651 2586 ambo
680 2534 741 2586 tres
763 2512 792 2586 et
814 2537 922 2589 cetera.
968 2527 1040 2588 Nam
1068 2545 1129 2588 non
1156 2545 1248 2589 unum
1276 2544 1403 2607 corpus,
1430 2525 1484 2587 scd

184 2629 274 2690 multa
296 2630 440 2707 significat
463 2647 597 2708 corpora.
642 2627 714 2688 item
744 2631 775 2689 in
803 2647 929 2690 numero
957 2630 1034 2690 scias
1062 2648 1127 2691 esse
1150 2628 1208 2689 alia
1239 2630 1377 2699 nomina,
1408 2644 1485 2708 quoe

184 2735 354 2793 communia
376 2740 521 2792 uocantur
544 2732 623 2792 inter
644 2729 824 2809 singularem
848 2740 877 2790 et
898 2729 1044 2811 pluralem
1066 2748 1234 2792 numerum.
1270 2730 1342 2791 lude
1366 2730 1484 2791 ilona-

185 2843 242 2895 tus
270 2834 358 2894 dixit:
396 2833 488 2894 Sunt
515 2835 659 2895 nomina
689 2851 842 2895 numero
872 2834 1076 2893 communia
1105 2841 1144 2894 ut
1171 2850 1233 2894 res
1254 2834 1372 2894 nudes
1394 2832 1484 2893 dies.
1513 2904 1519 2915 ,

182 2936 214 2995 ln
238 2935 377 2996 omnibus
400 2944 522 3014 quartae
545 2943 574 2994 et
596 2937 715 3015 quintae
738 2935 944 2999 declinationis
960 2944 1015 3006 est,
1039 2944 1071 2994 ut
1086 2933 1135 2994 lric
1151 2934 1258 2995 linctus
1273 2941 1304 2994 et
1318 2933 1349 2993 hi
1365 2932 1482 3003 lluotus,
1494 2946 1518 2986 ὅ

184 3038 231 3097 liic
255 3055 363 3098 currus
385 3045 415 3095 et
437 3036 467 3096 lai
490 3055 613 3108 currus,
645 3037 717 3098 liaeo
745 3056 850 3098 manus
873 3046 902 3098 et
924 3036 979 3097 hae
1002 3055 1119 3108 manns,
1149 3034 1223 3096 liaeo
1245 3036 1351 3096 domus
1375 3044 1406 3096 et
1428 3035 1484 3096 hae

184 3139 303 3205 domus:
328 3138 421 3197 sicin
445 3139 545 3215 quinta
568 3137 767 3200 declinatione
790 3139 838 3199 liic
860 3139 923 3199 dies
946 3147 976 3199 et
997 3138 1026 3197 hi
1049 3137 1127 3208 dies,
1156 3136 1230 3197 haec
1252 3135 1351 3197 clades
1375 3145 1406 3199 ct
1427 3136 1483 3197 hae

184 3239 298 3308 clades,
322 3239 395 3299 haec
418 3241 511 3300 tames
534 3249 563 3300 et
585 3239 641 3300 liae
664 3240 771 3309 tames,
794 3241 868 3301 haec
890 3259 938 3300 res
954 3248 984 3301 et
999 3239 1055 3300 liae
1077 3258 1134 3300 res.
1180 3239 1258 3299 Sunt
1279 3256 1400 3319 semper
1421 3239 1481 3299 sin·

185 3340 297 3420 gularia
321 3343 439 3418 generis
462 3341 632 3412 masculini,
656 3348 688 3402 ut
709 3341 808 3420 puluis
830 3351 944 3403 stereus
960 3341 1049 3403 limus
1064 3341 1150 3402 timus
1171 3342 1269 3402 lurnrrs
1284 3358 1390 3410 cruor:
1413 3349 1483 3402 sunt

186 3461 304 3524 semper
327 3444 450 3523 pluralia
473 3446 591 3521 generis
613 3443 785 3514 urasculiui,
810 3454 842 3504 ut
864 3445 964 3505 Manes
980 3443 1123 3514 Quiritem
1146 3453 1216 3505 suut
1237 3460 1357 3522 semper
1379 3445 1516 3521 singu-u

184 3547 257 3608 laria
287 3547 408 3624 generis
437 3544 586 3615 leminini,
617 3557 648 3607 ut
675 3548 768 3607 tames
795 3549 858 3607 sitis
886 3546 1029 3606 memorie
1057 3563 1127 3625 spes
1149 3544 1222 3606 tides
1244 3547 1362 3605 caritas.
1408 3542 1480 3605 lude

184 3649 451 3728 grammaticus
475 3646 561 3707 dicit:
600 3649 692 3727 Spes
715 3657 751 3707 et
773 3647 871 3708 tides
895 3657 929 3708 et
951 3648 1092 3708 caritas
1114 3645 1298 3726 pluralem
1322 3663 1396 3706 non
1417 3645 1479 3706 ha·

183 3752 272 3812 bent
295 3766 493 3813 numerum.
539 3749 615 3810 Sunt
644 3768 762 3830 sempor
790 3748 916 3829 pluralia
944 3751 1062 3826 generis
1090 3749 1240 3818 feminini,
1271 3755 1302 3808 ut
1330 3746 1479 3808 Kalendae

186 3852 340 3912 Nundinae
364 3851 456 3911 leriae
480 3850 640 3928 qrradrigae
663 3853 784 3931 nuptiae
800 3851 921 3911 diuitiae
944 3851 1024 3911 loros
1045 3869 1153 3930 scopae
1174 3851 1286 3920 scalam
1311 3856 1382 3910 sunt
1402 3866 1478 3909 sem-

252 4104 446 4171 1liuguecmn
465 4105 639 4172 suetudiunrie
707 4106 782 4155 tatii
803 4122 863 4156 uero
883 4105 923 4154 liic
975 4120 1080 4155 snorum
1099 4105 1381 4169 elegentes‚cf.rrrpra
1398 4106 1478 4170 pull,

186 4177 199 4220 7
256 4173 413 4222 3dinersum
436 4176 638 4237 prooemiorum,
656 4190 724 4224 corr.
744 4176 938 4238 prouinciarum.
975 4176 1098 4224 Fortasse
1116 4175 1289 4224 scribendum:
1306 4173 1478 4223 diuersorum.

183 4245 200 4289 4
213 4242 316 4289 indictio
366 4254 393 4288 ut
411 4257 493 4290 rerum
547 4242 691 4304 dequalern
709 4243 886 4304 iuequnlemue
955 4243 1101 4292 dirrrmeris
1121 4241 1190 4290 irerbi
1244 4245 1275 4291 10
1293 4242 1395 4291 iunctus
1448 4242 1478 4290 12

184 4310 251 4370 qnod
270 4324 318 4357 sun
390 4311 421 4357 14
440 4309 542 4373 tundis
592 4321 663 4373 aput,
681 4326 749 4360 corr.
768 4310 838 4375 apud
889 4309 953 4359 nlius
1024 4311 1055 4359 ld
1072 4324 1157 4372 quam,
1176 4325 1244 4358 corr.
1258 4324 1334 4372 quem
1387 4309 1478 4357 ambuo

185 4380 215 4426 16
233 4378 264 4426 de
282 4377 381 4426 duabus
470 4379 575 4428 ldsiue
594 4393 669 4426 riuum
688 4375 751 4443 rem]
773 4394 849 4427 riuum
868 4376 1002 4443 uirgam.
1021 4379 1077 4426 siue
1154 4379 1187 4426 22
1206 4377 1254 4425 lter
1321 4380 1355 4428 23
1375 4385 1480 4427 uocatur

184 4475 311 4544 llonotus]
330 4495 357 4542 p.
378 4480 485 4538 37⁶,2t
553 4479 587 4527 24
606 4456 708 4528 rulmtro
778 4482 922 4529 communia
941 4490 1024 4529 mest
1042 4480 1067 4527 in
1087 4479 1205 4528 omnibus
1224 4490 1312 4541 quarte
1382 4479 1478 4540 santi,

182 4564 282 4612 semper
361 4548 394 4594 26
413 4546 625 4595 etlraeonmnus
678 4560 702 4597 et
720 4547 781 4597 lmec
799 4549 890 4598 domus
910 4559 934 4597 et
951 4549 1013 4597 lroec
1031 4547 1122 4597 donrus
1192 4549 1225 4597 27
1243 4557 1268 4596 et
1286 4548 1348 4596 liaeo
1366 4548 1479 4597 ladeset

183 4615 245 4664 lrnec
262 4615 332 4663 ludes
402 4615 435 4663 28
453 4629 477 4663 cr
495 4615 556 4663 lraec
575 4614 655 4664 l'umes
708 4627 732 4664 et
750 4617 811 4665 llaec
829 4633 869 4665 res
937 4619 970 4666 29
988 4616 1080 4681 pnlnes
1149 4617 1180 4665 31
1199 4614 1276 4663 laniis
1344 4618 1377 4666 32
1395 4630 1478 4681 gram·

183 4685 301 4741 mutiens]
320 4683 380 4742 Quis
397 4683 508 4744 dicatur,
527 4685 625 4745 nescio,
643 4685 691 4733 sed
707 4684 742 4745 rs.
763 4685 844 4733 Probi
860 4689 917 4735 lost.
935 4690 985 4735 ort.
1002 4702 1028 4748 p.
1047 4686 1095 4747 88,
1116 4687 1148 4733 11
1166 4698 1221 4749 seq.
1241 4683 1267 4731 K
1272 4702 1281 4739 ,-
1310 4684 1411 4748 Asperi
1427 4690 1477 4733 art.
1520 4712 1526 4723 ·

182 4783 254 4833 liuius
271 4784 468 4848 librip.47,15
519 4788 552 4835 33
571 4761 702 4833 ngruerum
755 4784 881 4833 Kalendae
900 4785 1011 4834 nundine
1029 4786 1091 4834 lerie
1109 4784 1217 4851 quadrip
1268 4786 1302 4835 at
1313 4800 1393 4851 scope
1412 4784 1479 4834 scale
