3420 5378
202 255 243 318 '12
720 253 787 307 aits
805 254 981 308 Auentina

201 442 292 513 lilius,
320 441 439 515 Atrides
461 444 541 504 Atrei
570 442 663 512 lilius,
692 451 722 505 et
743 441 859 504 Pelides
881 442 961 504 Pelei
989 443 1075 506 illius.
1120 445 1201 507 llaec
1231 452 1261 506 et
1288 444 1325 507 alr
1347 448 1501 508 anisola

201 543 345 607 matribus
371 562 461 624 saepe
489 545 622 605 ueniunt.
670 544 876 607 Patronomica
903 546 1067 609 masculina
1096 556 1168 627 quot
1195 549 1424 611 terminationes
1450 546 1499 609 lra-

200 644 290 708 benti
335 644 420 706 Tres.
466 646 567 718 Quae?
611 646 644 707 ln
666 645 720 707 des
741 647 772 708 in
802 647 849 707 ins
871 648 901 707 ln
924 664 978 708 on:
1007 647 1037 707 iu
1059 647 1128 726 des,
1157 657 1190 709 nt
1210 649 1328 712 Atrides
1350 648 1389 710 ab
1411 651 1500 713 Atreo

200 757 230 807 et
251 745 367 807 Pelides
389 764 406 807 a
427 746 531 816 Peleo,
561 748 592 809 in
614 748 661 808 ius
683 756 716 809 ut
737 745 855 809 Peleius
877 766 893 808 a
916 748 1022 819 Peleo,
1050 751 1081 810 in
1104 768 1143 812 on
1166 757 1198 812 nt
1220 732 1331 813 Nerion
1353 769 1370 812 a
1393 749 1499 827 iteres.

199 849 406 909 Patronomica
434 857 549 919 autem,
579 857 611 910 ut
639 850 679 909 eit
701 848 880 920 Donatus,
909 851 934 911 si
962 850 1000 912 de
1028 857 1114 930 patae
1140 853 1216 922 sint,
1244 853 1277 912 in
1305 850 1360 913 des
1380 858 1524 922 axeuuts

134 979 137 986 ·
199 959 232 1011 ut
259 949 452 1012 Anchisiades
480 950 578 1012 dictus
606 957 650 1011 est
678 950 793 1012 Aeneas
820 951 899 1014 illins
924 953 1086 1023 Anchisae;
1115 955 1141 1015 si
1168 962 1267 1016 autem
1296 953 1334 1014 de
1362 954 1428 1015 ania
1454 951 1501 1015 uel

200 1054 297 1114 atauis
319 1053 441 1114 luerunt
464 1053 682 1131 patronomica,
712 1053 742 1112 in
765 1054 812 1113 ius
834 1053 881 1114 uel
904 1056 934 1115 in
957 1073 995 1117 on
1018 1055 1227 1117 terminantur.
1271 1054 1429 1116 Femiuiue
1450 1069 1501 1133 pa·

200 1155 364 1216 tronomica
398 1162 469 1235 quot
496 1155 720 1216 terminationes
748 1153 875 1216 habeut?
925 1157 1016 1227 Tres,
1050 1156 1128 1218 idest
1155 1158 1181 1218 is
1210 1175 1242 1218 as
1271 1175 1304 1227 a:
1338 1159 1369 1219 in
1398 1157 1438 1226 is,
1471 1163 1503 1217 ut

199 1258 312 1327 Atreis;
341 1259 370 1316 in
400 1274 445 1326 as,
473 1262 507 1316 at
532 1254 664 1324 Peleias;
693 1257 723 1317 in
747 1275 779 1327 e,
808 1264 841 1317 ut
863 1256 981 1319 Nerine.
1027 1258 1101 1319 ltem
1130 1259 1228 1320 Atreis
1251 1259 1367 1323 Atreias
1387 1258 1502 1336 Atrine,

199 1358 257 1419 hoc
280 1365 325 1419 est
346 1357 405 1418 iilia
427 1358 517 1419 Atrei.
562 1356 642 1419 llaec
665 1376 681 1418 a
703 1356 871 1420 diriustiuis
894 1358 1017 1429 distant,
1042 1360 1119 1438 qnod
1143 1359 1301 1422 diriuatiua
1316 1358 1355 1420 ab
1370 1356 1499 1440 appella·
1512 1382 1536 1423 a

199 1461 269 1522 tinis
297 1461 450 1529 oriuntur,
481 1461 685 1537 patronomica
715 1468 814 1521 autem
841 1480 857 1521 a
886 1462 1025 1541 propriis.
1074 1459 1139 1523 Alia
1168 1456 1284 1524 ctetica‘
1303 1467 1390 1530 sunt,
1425 1459 1504 1522 idest

199 1563 376 1644 possessiua,
393 1580 467 1642 quae
483 1579 498 1622 a
515 1563 704 1641 possessione
720 1543 869 1632 dicuntur,
885 1570 919 1623 ut
934 1562 1145 1625 Euandrius
1160 1564 1263 1625 ensis
1279 1565 1502 1642 etAgamcm·

199 1664 335 1726 aoniae
358 1664 538 1743 lllycenae.
581 1661 644 1724 Alia
676 1661 806 1742 epitheta
833 1673 916 1733 sunt,
949 1664 1027 1726 idest
1053 1664 1200 1727 adiectiua
1227 1663 1276 1727 uel
1303 1665 1502 1744 superposita.

199 1766 297 1838 Quare
325 1765 440 1828 adiecta
469 1763 627 1826 dicuntur?
670 1764 714 1826 Eo
736 1765 814 1842 quod
837 1765 873 1825 ad
896 1764 1077 1845 implendam
1100 1768 1146 1828 sui
1167 1766 1415 1846 significationem
1435 1767 1502 1828 lixis

199 1867 369 1930 nominibus
397 1867 580 1937 adiciuntur,
615 1875 647 1928 ut
675 1884 802 1945 magnus
827 1865 946 1929 doctus:
976 1867 1085 1929 dicitur
1113 1870 1193 1930 enim
1220 1867 1310 1931 homo
1339 1868 1445 1930 doctus
1473 1879 1536 1931 etas

198 1989 323 2050 magnus
345 1969 556 2051 philosophus,
581 1976 610 2029 et
632 1966 738 2050 plenus
760 1976 806 2030 est
820 1965 995 2030 intellectus.
1034 1969 1118 2032 Scias
1134 1978 1249 2042 auum,
1272 1972 1371 2033 omnis
1386 1971 1501 2034 aliaeu

199 2073 318 2133 nomina
347 2078 399 2133 aut
425 2072 592 2133 communia
621 2076 690 2130 suut
717 2071 806 2130 trium
836 2088 997 2149 generum,
1027 2072 1129 2133 utlric
1152 2073 1278 2135 ethaeo
1300 2073 1503 2152 ethocprn·

199 2172 287 2242 dens',
317 2171 366 2232 lric
389 2173 513 2234 ethaeo
535 2179 565 2234 et
587 2171 643 2232 lroc
665 2173 800 2252 sapiens,
830 2171 879 2233 hic
901 2171 1029 2234 ethaeo
1050 2180 1081 2234 et
1102 2175 1160 2236 hoc
1186 2174 1272 2243 lelix,
1301 2182 1353 2235 aut
1381 2171 1503 2237 mobilia

199 2281 269 2334 sunt
296 2274 375 2334 inter
403 2275 458 2334 tria
489 2291 616 2351 genera,
645 2282 677 2334 ut
705 2288 828 2351 magnus
858 2290 962 2352 magna
985 2292 1140 2354 magnum,
1168 2284 1221 2337 aut
1241 2278 1412 2339 communia
1434 2284 1503 2340 suut

199 2374 327 2436 duorum
356 2364 501 2453 generum
530 2383 559 2436 et
588 2381 726 2436 neutrum
754 2375 785 2436 in
808 2392 825 2435 e
846 2374 973 2447 iaciunt,
1004 2383 1036 2437 ut
1064 2378 1113 2440 hic
1136 2385 1166 2438 et
1187 2378 1261 2439 haec
1282 2377 1370 2440 fortis
1392 2385 1425 2440 et
1445 2379 1535 2441 huon

198 2478 290 2545 lorte;
314 2476 440 2539 dicimus
463 2479 542 2538 enim
561 2476 656 2550 sertis
678 2478 725 2538 uir
748 2484 777 2539 et
798 2476 884 2539 fortis
908 2476 1015 2541 mulier
1037 2485 1067 2539 et
1088 2479 1166 2541 forte
1189 2477 1360 2548 consilinm
1384 2488 1415 2542 et
1428 2477 1503 2543 iseo

200 2581 320 2640 nomine
342 2577 464 2641 mobilia
486 2584 697 2659 conparantur,
720 2584 753 2638 ut
775 2580 862 2641 lortis
883 2579 988 2641 fortior
1010 2580 1199 2652 fortissimus,
1222 2579 1355 2661 prudens
1368 2580 1501 2662 pruden-

94 2685 107 2705 '
199 2684 257 2744 tior
286 2681 550 2759 prudentissimus,
578 2681 698 2759 sapiens
724 2682 887 2761 sapientior
914 2683 1164 2761 sapientissimus,
1193 2682 1265 2745 felix
1292 2682 1410 2746 felicior
1437 2682 1502 2747 leli-

201 2785 352 2854 oissimns,
382 2802 507 2863 magnus
534 2784 630 2846 maior
652 2785 806 2846 maximus.
852 2784 927 2846 Sunt
948 2782 1005 2846 alia
1028 2782 1161 2865 specialis
1184 2785 1345 2864 qualitatis,
1374 2784 1432 2848 sub
1453 2784 1502 2848 illa

201 2885 315 2947 scilicet
346 2887 502 2966 qualitate,
537 2904 613 2967 quae
640 2883 819 2963 generaliter
847 2887 961 2946 nomini
988 2885 1114 2957 accidit,
1144 2894 1177 2948 ut
1205 2888 1324 2966 sapiens
1352 2888 1537 2955 tormasnsa

201 2987 301 3057 diues,
330 3006 405 3067 quae
427 2988 494 3048 ideo
517 2986 667 3067 qualitatis
689 2988 810 3049 nomina
833 2986 989 3058 dicuntur,
1012 2988 1080 3068 quie
1103 3006 1158 3068 per
1181 2984 1357 3070 5511184·
1375 2986 1387 3072 ΙΙ
1408 2989 1504 3070 qualis

201 3090 240 3150 sit
263 3091 466 3170 unusquisque
488 3088 662 3151 ostenditur.
723 3088 797 3149 Sunt
819 3087 875 3150 alia
897 3090 1018 3150 nomina
1040 3091 1226 3169 quantitatis,
1249 3109 1327 3171 qnae
1348 3110 1365 3153 a
1389 3093 1504 3172 magni·

201 3190 304 3253 tudine
333 3191 379 3254 uel
403 3212 418 3254 a
441 3193 589 3273 paruitate
617 3190 792 3261 trahuntur,
822 3197 1000 3271 utmagnus
1022 3209 1134 3271 paruus
1156 3189 1262 3272 longus
1284 3191 1400 3256 breuis:
1429 3193 1504 3257 haec

202 3302 299 3354 autem
323 3292 436 3355 adiecta
459 3295 578 3357 nomina
601 3291 717 3354 mediae
739 3292 962 3371 significationis
985 3293 1137 3361 dicuntur:
1167 3311 1273 3356 sensus
1295 3296 1375 3356 enim
1399 3313 1504 3359 eornm

202 3393 318 3455 medias
347 3404 391 3455 est
419 3395 497 3456 inter
526 3395 647 3474 propria
676 3400 706 3453 et
733 3392 924 3474 appellatiua;
953 3394 1062 3457 dicitur
1085 3397 1164 3457 enim
1186 3394 1291 3459 doctus
1312 3396 1454 3475 Virgilius
1475 3405 1539 3458 etas

203 3497 310 3558 doctas
343 3503 444 3576 poeta,
479 3505 509 3557 et
539 3497 618 3558 inter
650 3495 776 3575 primam
810 3497 988 3573 positionem
1017 3505 1046 3558 et
1074 3496 1293 3558 diriuationem.
1344 3499 1420 3561 Sunt
1446 3497 1504 3561 alla

202 3601 314 3678 gentis,
344 3607 378 3660 ut
399 3598 532 3661 Graecus
553 3598 718 3679 Hispanus,
748 3613 825 3674 qnae
847 3615 864 3658 a
886 3598 999 3659 Graeco
1023 3607 1052 3659 et
1074 3597 1206 3678 Hispano
1234 3605 1396 3671 uocantur,
1424 3599 1505 3681 uude

202 3701 409 3780 unusquisqne
442 3699 480 3760 de
512 3700 635 3763 Graccis
669 3698 800 3761 Graecus
834 3697 943 3762 dicitur
979 3707 1008 3761 et
1042 3703 1248 3780 unusquisque
1284 3700 1321 3761 de
1356 3703 1506 3779 Hispania

202 3804 349 3884 llispanus
377 3808 511 3865 nocetur.
555 3800 638 3865 Aliae
664 3811 734 3862 sunt
756 3802 886 3880 patriae,
915 3808 948 3861 nt
969 3800 1088 3862 italicus
1109 3801 1146 3861 ab
1170 3801 1266 3872 ltalia,
1296 3810 1326 3863 et
1348 3801 1506 3867 Africanus

203 3905 240 3966 ah
263 3905 362 3967 Airiea
390 3902 507 3987 dicitur.
552 3901 615 3964 Alia
635 3902 709 3972 loci,
737 3912 770 3963 ut
792 3902 944 3963 Romanus
966 3922 983 3963 a
1004 3902 1098 3963 Roma
1121 3902 1230 3964 dicitur
1253 3913 1282 3966 et
1303 3903 1466 3966 Thebanus
1489 3923 1542 3967 aas

273 4089 450 4141 letlrab¹uis
519 4089 669 4156 epatribus
738 4090 835 4154 2sepe
903 4087 973 4150 qnod
1050 4092 1134 4149 3que
1186 4091 1210 4138 in
1231 4105 1260 4138 ns
1329 4089 1507 4156 lpieleinsa

204 4159 277 4226 peteo
296 4160 321 4207 in
340 4173 371 4208 on
389 4159 416 4206 in
435 4158 475 4207 ins
499 4167 526 4206 ut
544 4155 653 4223 pieleius
670 4173 685 4207 a
704 4156 776 4222 peleo
794 4158 820 4206 in
840 4170 872 4206 on
941 4170 956 4204 a
975 4157 1045 4205 aerio
1132 4157 1148 4205 5
1171 4155 1298 4220 Donatus]
1322 4159 1424 4209 Home
1446 4159 1510 4210 niu

203 4230 294 4293 lenitur
312 4221 382 4292 apid
400 4226 535 4280 Donatum.
604 4225 787 4275 dachiseades
856 4226 975 4274 eaenias
1044 4224 1149 4274 anchise
1217 4225 1249 4273 de
1267 4227 1334 4275 auiis
1352 4225 1394 4275 nel
1412 4227 1508 4277 atauiis

204 4297 264 4347 'lin
283 4311 339 4359 us,
383 4293 479 4343 lemine
547 4293 651 4356 iiquod
720 4293 746 4342 id
765 4308 792 4343 es
861 4293 920 4343 ein
939 4308 968 4343 as
988 4291 1068 4359 pelias
1125 4304 1208 4342 atreas
1279 4297 1311 4344 10
1330 4293 1383 4344 lilia
1400 4296 1508 4344 ntremi

236 4365 421 4479 ilppettartuas
440 4427 508 4462 corr.
526 4413 579 4463 -uls
649 4413 679 4462 11
699 4421 733 4460 tet
751 4410 807 4460 lrlca
887 4413 918 4460 12
936 4427 986 4473 que
1037 4406 1189 4475 euarrdrins]
1214 4411 1292 4475 Verp.
1312 4412 1378 4465 Aen.
1397 4413 1427 4463 X
1444 4416 1509 4468 394.

204 4481 416 4548 agamemnonicae
432 4478 541 4548 misene]
565 4481 646 4547 Verp.
665 4481 731 4531 Aen.
749 4479 799 4544 VI,
812 4480 865 4529 838
906 4481 971 4558 ..¹⁸
989 4479 1082 4544 epitetn
1135 4481 1166 4528 15
1184 4479 1328 4528 adiciuntur
1399 4483 1432 4531 16
1450 4480 1510 4547 plri-

204 4548 302 4600 losolus
390 4550 421 4599 19
439 4558 492 4628 tren
576 4552 608 4600 nt
628 4547 695 4599 enim
714 4549 752 4597 uir
820 4549 854 4597 23
872 4546 965 4596 telrtror
1033 4548 1066 4597 25
1085 4561 1147 4609 que,
1164 4547 1223 4608 fere
1240 4563 1341 4612 semper
1411 4549 1512 4599 aceedit

204 4670 237 4718 29
255 4667 338 4718 medie
406 4632 494 4720 02¹}th
563 4671 594 4718 31
613 4664 723 4732 pheteia
790 4667 824 4716 33
841 4680 945 4728 grecum
963 4664 1056 4715 dicitur
1124 4664 1245 4731 Hispanis
1264 4684 1311 4719 orn.
1385 4671 1419 4720 35
1439 4669 1509 4719 teba-

205 4751 254 4784 nus
272 4751 287 4784 a
306 4744 330 4784 te
348 4749 396 4783 uae
