3420 5378
202 341 321 389 ccxxll
494 327 544 377 DE
562 325 713 377 IVLIANO
732 326 927 379 TOLETANO
945 326 1186 381 GRAMMATICO

200 513 333 592 regulam
362 531 428 574 cum
458 514 690 592 praepositione:
719 513 846 575 ‘doctior
868 514 1051 575 Trasemirus
1080 532 1095 573 a
1118 514 1229 588 Petro’‚
1258 513 1382 574 ostendo
1412 513 1491 584 illud,

200 601 280 680 qood
303 598 489 659 Trasemirus
517 601 587 668 scit,
615 617 630 656 a
655 598 743 658 Petro
773 598 919 660 didicisse.
965 600 1023 659 laur
1047 600 1072 658 si
1094 599 1196 658 dixero
1219 599 1380 659 secundum
1408 617 1493 677 regu-

200 687 257 746 lam
285 686 349 745 sine
376 684 610 763 praepositione:
644 683 772 743 ‘doctior
795 684 882 745 l’etro
904 678 1113 751 Trascmirus',
1143 685 1266 744 osteoilo
1289 684 1494 746 Trasemirum

199 770 265 848 plus
298 771 374 830 scire
408 767 445 828 de
472 767 570 828 Petro.
621 768 688 845 lpse
723 770 931 847 conparatiuus
964 769 1074 847 gradus
1104 769 1210 845 quibus
1238 769 1356 830 casibus
1382 770 1495 830 seruit?

201 855 318 916 Tribus.
356 853 487 926 Quibus?
524 853 613 913 Sexto
636 854 1002 932 septimoetnomioatiuu
1020 855 1329 932 interposita‘quam’.
1368 854 1521 924 Quanoos

199 941 292 1001 seruit
319 940 420 1001 serto?
464 937 588 1009 Quando
617 936 719 998 dixero
747 956 814 998 cum
842 940 1074 1017 praepositione:
1104 938 1230 999 ‘doctior
1255 939 1446 1001 Trasemirus
1475 958 1496 999 a

201 1026 313 1086 Petro?
358 1023 482 1095 Quando
509 1023 654 1100 septimo?
698 1023 821 1095 Quando
849 1025 952 1085 dixero
979 1023 1141 1085 secondum
1165 1023 1296 1102 regulam
1319 1024 1384 1086 sine
1408 1043 1495 1103 prae-

201 1112 361 1190 positione:
385 1110 514 1170 ‘doctior
536 1108 723 1169 Trasemirus
744 1107 864 1169 Petro!

288 1280 328 1341 lla
352 1277 520 1357 exemplum
543 1279 715 1357 congregati
737 1279 849 1357 populi.

374 1363 441 1423 llic
463 1363 619 1442 populns
641 1363 827 1424 dominum
849 1363 939 1424 (lura
963 1366 1115 1425 ceruice
1137 1366 1298 1442 negauit.

202 1451 291 1511 ltero:
315 1448 422 1508 ‘audi
443 1448 580 1528 popule
602 1455 725 1508 mens?
769 1450 817 1508 Da
839 1453 1007 1526 exemplum
1029 1451 1155 1510 arboris.

374 1533 539 1610 Populus
560 1535 596 1593 io
619 1531 746 1602 siluis,
769 1533 870 1594 abies
891 1535 926 1593 in
951 1534 1142 1595 montibus
1165 1534 1262 1595 altis.

201 1622 288 1682 ltem:
319 1617 474 1679 ‘Subter
502 1616 676 1697 populum
705 1626 741 1678 et
769 1618 1013 1687 terremotum,
1043 1621 1125 1700 quia
1149 1618 1240 1680 bona
1264 1629 1343 1680 crat
1366 1618 1499 1680 umbra

202 1706 305 1765 eius!
641 1713 645 1722 ’

225 1911 227 1914 <
287 1871 301 1956 ll
319 1874 340 1934 l.
356 1870 419 1933 22?
434 1870 448 1954 ΙΙ
462 1871 647 1933 Tantundem
670 1873 725 1950 ipsi
748 1892 798 1933 sex
823 1891 908 1934 casus
930 1872 1076 1935 habentur
1099 1876 1128 1934 io
1152 1875 1288 1935 nomine?
1328 1873 1381 1934 Est
1401 1879 1496 1953 septi·
1514 1886 1537 1924 Ιῑ1

204 1976 269 2020 inus
292 1966 318 2019 et
343 1966 474 2019 octauus.
519 1956 641 2028 Quando
663 1959 719 2017 erit
741 1960 902 2035 septimus?
939 1959 1061 2030 Quando
1084 1958 1229 2021 ablatiuus
1251 1959 1408 2037 singularis
1431 1962 1497 2020 sine

202 2044 419 2124 praepositione
442 2042 601 2122 profertur,
625 2049 752 2119 utputa:
777 2043 919 2103 ‘doctiore
936 2047 1077 2122 magistro
1093 2049 1185 2105 utor)
1216 2044 1340 2116 Quando
1356 2046 1498 2105 ortanus?

204 2129 328 2201 Quando
350 2147 405 2208 per
428 2129 626 2188 accusatiunm
650 2144 750 2189 casum
774 2127 892 2205 loquor,
916 2136 1052 2208 utputa:
1084 2130 1132 2190 ‘ad
1155 2128 1258 2190 cellam
1282 2128 1382 2189 uado.'
1427 2129 1497 2191 ‘Ad'

271 2345 498 2382 mxurrvmnns.

203 2404 356 2479 positione?
385 2403 468 2474 Puta,
492 2403 514 2458 si
536 2403 621 2459 dicam
648 2412 744 2459 contra
767 2403 887 2476 regulam
910 2422 971 2461 cum
994 2407 1196 2479 praepositione
1220 2403 1345 2462 ‘doctior
1366 2405 1500 2478 Virgilius

204 2508 218 2545 a
241 2489 366 2557 Catooe',
389 2488 519 2555 ostendo,
550 2497 580 2545 ut
608 2488 680 2562 quod
705 2487 834 2562 Virgilius
864 2492 931 2559 seit,
961 2490 1098 2546 allatooe
1127 2489 1180 2545 lroc
1207 2490 1359 2546 didicisset:
1388 2508 1451 2546 nam
1475 2493 1499 2547 si

203 2575 294 2630 dixero
322 2573 468 2629 secundum
497 2572 618 2645 regulam
647 2575 706 2630 siae
734 2576 938 2647 praepositione
967 2574 1091 2630 ‘doctior
1121 2575 1185 2631 Cato
1209 2574 1351 2647 Virgilio'‚
1381 2577 1499 2632 ostendo

204 2661 332 2715 Catonem
355 2658 417 2730 plus
439 2660 509 2714 scire
531 2658 564 2714 ile
588 2657 711 2731 Virgilio.
757 2658 805 2715 23.
834 2658 894 2733 lpse
917 2662 1119 2733 comparatiuus
1143 2660 1242 2732 gradus
1266 2660 1366 2734 quibus
1388 2660 1499 2717 casilors

202 2739 340 2799 deseruit?
376 2742 481 2799 Tribus.
520 2741 641 2810 Quibus?
670 2743 750 2799 Serto
779 2746 895 2818 septimo
925 2754 952 2801 et
980 2746 1149 2801 nominatiuo
1178 2746 1337 2819 interposita
1369 2744 1526 2819 ‘quam’.⁵

202 2827 362 2897 Quomodo?
391 2827 424 2881 Vt
447 2836 528 2901 puta,
551 2830 573 2884 si
597 2828 683 2884 dicam
705 2845 766 2884 cum
789 2832 1005 2903 praepositione:
1030 2827 1148 2887 ‘doctior
1169 2830 1246 2885 Plato
1269 2830 1301 2885 ab
1324 2831 1499 2903 Aristotele',

203 2923 245 2970 est
268 2922 361 2970 sextus
385 2928 473 2968 casus.
511 2912 538 2968 Si
561 2913 621 2969 dieo
644 2913 704 2970 siue
727 2915 930 2988 praepositione
946 2914 1080 2971 ‘doctiore
1096 2917 1226 2989 rriagistro
1243 2914 1329 2986 ntor-²,
1353 2925 1395 2971 est
1410 2918 1500 2991 septi·

204 3017 264 3055 rous
286 3015 375 3054 casus.
411 2994 517 3053 ‘Stoico
540 2998 647 3054 doctior
668 2998 814 3072 Eudorus,
838 3016 917 3073 quam
933 2998 1079 3055 notonios’
1098 3008 1162 3055 tunc
1177 3000 1298 3056 deseruit
1314 3002 1498 3071 nominatiuo,

204 3085 365 3157 interposita
389 3081 503 3156 ‘quam'.

289 3166 461 3225 ilInlr'onus
487 3184 515 3237 p.
540 3171 592 3223 θῦε
629 3168 664 3223 lla
692 3171 899 3240 auctoritatem,
928 3170 973 3226 ubi
1003 3169 1109 3242 legatur
1136 3188 1185 3242 pro
1213 3170 1378 3226 hominibus.
1431 3169 1499 3227 ‘llic
1511 3181 1536 3220 1⁰

205 3254 324 3328 populus
346 3254 485 3308 llominnin
508 3251 573 3307 dura
595 3253 701 3309 ceruice
724 3254 854 3326 negauit’.
886 3255 920 3309 lla
943 3272 992 3329 pro
1016 3254 1169 3311 arboribus.
1201 3254 1333 3328 ‘Populus
1356 3256 1382 3310 in
1406 3255 1498 3329 siluis,

204 3339 279 3395 abies
301 3339 327 3393 in
352 3337 489 3393 montibus
513 3336 596 3392 altis'.

270 3421 580 3494 151unaoosp.on:
603 3422 800 3480 Tantummodo
823 3424 886 3479 seu?
909 3423 956 3479 Est
978 3424 1111 3498 septimus
1134 3434 1161 3480 et
1184 3434 1306 3481 oetauus.
1336 3424 1499 3491 Quomodo?

205 3508 316 3577 Quando
340 3507 476 3562 ablatiuus
497 3507 645 3580 singularis
667 3509 726 3563 siue
750 3510 952 3582 praepositione
975 3509 1129 3581 protertur,
1154 3519 1183 3565 ut
1207 3520 1271 3584 puta
1295 3509 1418 3566 ‘doctore
1442 3528 1499 3567 ma·

205 3597 293 3666 gistro
317 3591 411 3662 utor'‚
439 3600 480 3647 est
508 3594 641 3666 septimus
669 3610 764 3663 casus,
793 3593 900 3667 quando
924 3611 973 3667 por
995 3597 1178 3650 accusaturum
1202 3613 1292 3651 casum
1323 3594 1439 3670 loquor,
1468 3605 1498 3651 ut
1514 3606 1537 3647 15

206 3688 269 3753 puto
293 3676 338 3732 ‘ad
362 3677 455 3732 cellam
478 3677 576 3742 uado’;
613 3677 681 3733 ‘nil’
705 3679 873 3752 praepositio
897 3687 955 3750 cst,
990 3678 1120 3734 ‘cellam'
1144 3682 1315 3736 accersatiuus
1338 3697 1417 3737 casus
1441 3690 1497 3737 est:

206 3764 314 3836 dempta
337 3763 540 3836 praepositione
563 3762 618 3818 ‘ad'
642 3781 723 3820 uerso
747 3765 902 3820 accusation
925 3766 953 3819 in
976 3764 1095 3819 datiuum
1120 3765 1182 3821 lacit
1206 3765 1300 3820 ‘cellae
1315 3764 1408 3831 uad0’;
1433 3774 1499 3822 tuuc

206 3857 248 3904 cst
270 3856 385 3903 octanus
407 3864 495 3904 casus.

206 4079 316 4115 conrcrs
335 4080 492 4114 narnensis
511 4067 559 4115 207
578 4080 726 4117 vnnrsrns.

274 4134 456 4183 (itrusemirus
476 4143 547 4198 petro
616 4135 738 4184 Silictior
825 4136 854 4181 11
874 4134 906 4182 ilo
925 4133 1068 4198 exemplum
1088 4134 1185 4183 arboris
1204 4153 1250 4184 oen.
1321 4139 1352 4185 12
1371 4134 1497 4202 populus]

207 4201 318 4267 populus
337 4204 362 4250 iu
382 4201 467 4250 llirnlis
487 4211 533 4251 cte.
551 4202 679 4265 Vcrpilr'us
691 4205 736 4250 erl.
755 4201 813 4251 l'II
832 4204 864 4250 66
934 4204 963 4252 17
982 4202 1123 4266 praefertur
1193 4206 1223 4253 18
1240 4204 1271 4251 orl
1290 4205 1394 4252 caelium

207 4420 317 4457 trotarii
337 4421 450 4455 comcrs
468 4419 621 4455 libanensis
642 4406 690 4453 123
709 4418 855 4454 vnumras.

274 4474 426 4539 2uirgilius
446 4476 502 4523 isrit
578 4471 793 4537 ‹li-atlioocplus
864 4473 888 4520 in
908 4475 1133 4536 seeoirparotibus
1203 4476 1328 4536 bquibus
1347 4478 1498 4539 particulam

207 4554 281 4591 sexto
299 4540 421 4608 septimo]
443 4544 495 4593 Pro
513 4544 685 4606 ‘porticulum’
699 4542 768 4603 lepus
780 4544 929 4604 ‘particulo’
942 4542 1018 4606 nique
1030 4549 1087 4604 post
1101 4544 1264 4605 ‘interposito
1276 4548 1359 4609 quom’
1378 4548 1497 4596 colloces.

208 4613 222 4660 T
241 4612 339 4659 doctior
357 4613 482 4675 magistro
501 4624 528 4657 ut
546 4626 574 4657 or
592 4620 630 4657 cst
647 4609 866 4671 septimuscasus,
889 4608 982 4657 Sidico
1002 4611 1101 4657 eloetior
1119 4611 1234 4658 esidorus
1306 4614 1336 4661 10
1355 4612 1391 4660 Do
1410 4624 1500 4663 aueto—

207 4676 480 4743 1·itatem]Fol.1!d?³
532 4693 578 4742 pro
598 4677 713 4725 lromines
783 4679 812 4726 11
833 4678 1008 4741 proorbores.
1043 4677 1147 4741 l‘opulis
1235 4683 1266 4729 13
1284 4681 1338 4730 Ful.
1358 4680 1426 4729 120h
1445 4693 1499 4730 tari·

207 4746 370 4795 tuinlemsex
423 4746 527 4795 octabus
582 4747 611 4794 15
631 4756 726 4792 utor'enr
745 4746 869 4809 septimos
922 4760 966 4809 per
984 4747 1128 4793 ucciisorlbo
1183 4747 1212 4794 16
1231 4748 1262 4795 oo
1282 4751 1498 4811 praepositionem

208 4813 295 4863 collam
349 4816 378 4864 17
396 4814 482 4863 deuna
502 4813 691 4878 praepositione
709 4811 817 4860 oiloerso
836 4814 982 4861 accusatius
1001 4814 1097 4861 censitio
1112 4813 1197 4861 ilatibo
1234 4815 1294 4864 «ulle
1347 4819 1378 4867 18
1392 4819 1499 4867 octalms
