3466 5422
216 324 339 373 CXXXII
601 311 652 362 DE
669 308 915 363 DISSONAN-TIA
933 309 1124 364 SERMONIS.

299 501 398 576 lpitur
419 497 447 560 si
466 499 543 561 loce
563 496 665 560 omnia
681 499 907 577 perpendimus,
928 499 1026 573 facile
1047 497 1244 573 adducimur,
1269 507 1302 560 ut
1322 516 1382 561 non
1406 495 1504 559 Isido-

215 620 282 664 rum
305 611 436 671 tantum,
465 602 520 662 sed
545 605 674 664 alterum
701 605 826 679 insuper
847 602 963 676 sorelem
986 600 1172 676 aplossarii
1192 610 1316 662 auclore
1336 598 1505 662 adlsilritum

215 722 278 766 esse
302 704 505 782 suspicemur:
532 723 603 766 nam
632 702 874 777 differentiarum
902 701 1008 781 istam,
1033 721 1113 779 quac
1133 712 1276 778 uocatur,
1301 706 1504 765 collectionem

214 824 274 867 reon
297 807 430 897 omnious
451 810 524 867 locis
542 824 602 883 pro
625 804 740 867 Isidori
760 805 839 866 o'oro
860 804 965 883 accipi
977 824 1065 883 posse
1081 810 1129 867 uel
1141 805 1214 867 inde
1227 808 1409 868 concludere
1422 802 1504 882 lieet,

215 911 297 984 quod
312 908 342 982 f.
368 905 423 967 75⁶
443 910 501 969 col.
524 911 547 968 2
573 907 707 984 duplicis
728 905 943 985 explicationis
964 913 1064 970 altero
1093 911 1136 968 ad
1162 911 1339 969 ‘sermonum
1361 909 1504 983 differen-

215 1014 294 1087 tlos’,
318 1013 416 1071 altera
437 1012 480 1070 ad
501 1008 651 1071 Isidorum
673 1010 819 1083 refertur.
864 1011 902 1070 At
921 1010 1062 1085 plurimis
1088 1009 1165 1071 locis
1185 1013 1287 1071 eodem
1309 1009 1363 1071 illo
1385 1005 1507 1070 nomine

214 1111 367 1173 Isidorum
389 1111 563 1188 sipnifieari
584 1122 613 1172 ct
633 1111 667 1173 in
689 1111 778 1173 liuius
799 1120 950 1173 tractatus
976 1111 1066 1174 initio
1092 1115 1213 1174 abunde
1234 1109 1507 1173 demonstrauimus

214 1223 243 1275 et
264 1211 337 1275 inde
358 1213 509 1288 efficitur,
539 1216 620 1291 quod
636 1214 666 1288 f.
691 1212 746 1274 47ὸ
773 1217 829 1276 col.
852 1218 875 1275 2
900 1223 930 1276 et
955 1214 982 1288 s.
1009 1212 1064 1274 49δ
1092 1218 1147 1276 col.
1176 1221 1192 1273 l
1218 1217 1369 1275 alterutro
1397 1229 1505 1275 uocum

215 1313 351 1390 ‘cuparii
377 1325 407 1376 et
428 1314 572 1392 auspicii'
602 1315 752 1393 expositio
779 1318 823 1376 od
849 1334 940 1378 unum
969 1319 1052 1377 illum
1080 1318 1132 1378 ‘aa
1158 1315 1354 1393 differentiis
1388 1313 1505 1376 titulum

215 1421 444 1478 accommodata
466 1427 517 1479 est.
563 1419 630 1480 lloe
651 1416 748 1494 ioitur
769 1417 978 1493 calefacies,
1003 1427 1036 1479 ut
1058 1436 1157 1479 omnes
1178 1436 1230 1478 eos
1249 1422 1375 1494 plossos,
1398 1415 1506 1492 quibus

216 1521 264 1579 ‘de
286 1517 473 1597 differentiis
493 1521 674 1582 sermonum'
696 1528 767 1581 nota
786 1519 983 1597 praescripta
1004 1529 1058 1595 est,
1083 1538 1123 1581 ec
1137 1519 1261 1581 diuerso
1276 1521 1406 1594 quodam
1418 1517 1506 1590 sonte

216 1623 314 1683 alieno
337 1624 375 1682 ali
397 1621 513 1683 Isidori
533 1621 614 1683 libro
633 1621 747 1699 petitas
768 1640 831 1682 esse
853 1621 954 1691 dicas,
977 1621 1059 1697 quia,
1082 1638 1261 1698 orcomenam
1283 1621 1450 1694 Isidorum,
1474 1626 1507 1680 ut

214 1722 247 1784 in
277 1721 445 1800 om‘pinilus
468 1723 561 1798 feci-l,
595 1723 642 1785 ita
669 1723 703 1784 in
735 1725 792 1785 liae
821 1742 937 1801 quoquc
965 1727 1108 1801 opusculo
1136 1733 1270 1785 ueterum
1297 1720 1505 1784 alletoritatem

214 1843 305 1901 quam
328 1824 489 1887 artissimis
518 1824 656 1901 uestipie's
671 1828 817 1902 pressisse
841 1843 907 1902 par
928 1833 985 1900 est,
1016 1826 1050 1887 id
1076 1834 1176 1887 tamen
1204 1828 1259 1886 aaa
1285 1826 1372 1886 credi
1393 1831 1503 1900 potest,

214 1929 302 2002 lonae
329 1932 473 1990 maiorem
501 1929 539 1987 ol>
567 1946 602 1989 co
629 1930 871 2004 differentiarum
894 1934 1016 2005 partem
1044 1930 1146 1988 iisdem
1172 1930 1267 2003 plone
1294 1926 1392 1986 aerlis
1419 1934 1504 1985 tran·

214 2031 374 2106 scriptam,
405 2033 479 2091 satis
506 2037 604 2090 autem
632 2033 790 2105 exipuam,
818 2033 847 2090 si
872 2045 939 2090 cum
961 2033 1015 2090 illa
1036 2047 1201 2108 conpares,
1230 2036 1373 2090 mutatam
1399 2027 1505 2100 fuisse.

217 2131 318 2202 (litare
339 2149 374 2192 eo
391 2135 494 2208 potius
516 2135 642 2193 inclinat
662 2135 826 2209 sententia,
849 2135 994 2207 plassarii
1014 2140 1177 2206 auctorem,
1205 2147 1272 2192 cum
1294 2132 1432 2207 inprimis
1452 2129 1506 2188 lsi·

217 2235 324 2295 dorum
345 2240 531 2310 sequeretur,
555 2235 678 2302 deinde,
706 2237 734 2294 si
753 2236 829 2309 quid
848 2236 899 2294 ille
920 2237 1075 2301 omisisset,
1106 2236 1198 2293 alium
1221 2234 1369 2308 petendam
1388 2231 1505 2304 sontem

215 2334 389 2410 adhiberet,
419 2338 462 2396 od
489 2337 700 2396 ostendendam
727 2338 898 2409 orpumenli
922 2338 1146 2397 similitudinem
1174 2341 1265 2410 atque
1288 2340 1506 2410 remotionen,

213 2445 306 2513 prout
327 2438 441 2511 liberet,
466 2440 569 2497 eodem
591 2439 723 2499 omnilius
744 2440 867 2499 nomina
889 2441 1061 2514 inposuisse.
1105 2438 1156 2496 lta
1175 2436 1296 2509 sactum
1318 2444 1377 2514 est,
1401 2443 1433 2495 ut
1454 2449 1506 2494 no

216 2541 325 2600 minum
347 2541 453 2615 quibus
475 2540 590 2600 diuersi
613 2539 714 2611 sontes
744 2541 1000 2608 discernerentur,
1029 2548 1114 2600 certa
1140 2537 1363 2614 sipiificatiom
1387 2538 1520 2598 scollata.

216 2658 253 2700 ea
275 2658 392 2718 quoque
413 2641 526 2702 Isidori
546 2644 663 2702 nomine
684 2648 872 2716 notarentur,
897 2658 977 2718 quae
1003 2659 1043 2703 eu
1069 2643 1131 2701 alio
1159 2647 1266 2702 auctor
1284 2639 1373 2713 sonte
1391 2641 1506 2717 petiue-

216 2740 319 2823 rut.*)
365 2744 445 2804 Hinc
466 2751 495 2803 et
517 2744 595 2804 illud
615 2746 801 2820 explicatur,
830 2746 911 2819 quod
934 2743 961 2817 s.
986 2749 1038 2803 19⁰
1059 2747 1115 2804 col.
1143 2749 1159 2802 2
1183 2744 1242 2803 duo
1264 2744 1324 2804 loci
1343 2758 1383 2801 eoo
1404 2740 1507 2800 codem

217 2845 331 2906 Isidori
358 2844 604 2923 differentiarum
636 2847 714 2907 libro
743 2862 775 2921 p.
808 2852 883 2914 tet,
914 2852 968 2915 o'2;
999 2863 1033 2922 p.
1067 2853 1101 2904 10
1127 2845 1181 2905 Ar.
1210 2852 1239 2904 et
1260 2862 1294 2920 p.
1327 2848 1401 2915 748,
1434 2847 1507 2908 134,-

217 2964 249 3022 p.
281 2953 314 3005 It
343 2949 396 3007 Ar.
420 2945 523 3023 petiti,
554 2964 737 3023 quamquam
766 2950 844 3008 alter
876 2950 1004 3008 alterum
1036 2949 1134 3008 statim
1167 2948 1295 3021 caepa,
1330 2951 1428 3003 tamen
1459 2942 1508 3001 liic

218 3029 342 3118 estoit,
373 3047 426 3108 ille
448 3050 510 3110 ‘Eae
532 3050 713 3127 differentiis
733 3048 846 3110 sermri’
870 3052 900 3110 in
920 3050 1027 3123 fronte
1047 3047 1194 3124 scriptum
1216 3048 1318 3114 labet,
1340 3045 1423 3121 quod
1438 3045 1510 3116 lieri
1594 3077 1599 3088 ·

217 3167 277 3211 oon
295 3153 449 3227 potuisset,
474 3148 533 3210 nisi
552 3149 698 3225 plassarii
718 3160 825 3213 auctor
846 3153 909 3227 epse
931 3154 985 3210 illa
1007 3148 1183 3210 nominoio
1204 3145 1376 3223 promiscuo
1392 3161 1508 3222 ponere

217 3268 315 3312 secum
343 3255 501 3313 statuisset.
547 3252 630 3323 Quae
658 3271 724 3314 ciem
751 3257 796 3314 ila
816 3256 880 3314 siue
900 3256 960 3313 ant
986 3255 1050 3313 siue
1070 3268 1132 3311 csse
1153 3252 1330 3318 uideantur,
1358 3256 1401 3308 est
1427 3247 1508 3322 quod

224 3355 351 3415 Vseneri
374 3357 547 3414 seutentiam
575 3355 763 3430 addubitem,
794 3373 855 3432 qua
883 3357 933 3415 ille
958 3352 991 3414 in
1019 3370 1093 3414 mus.
1122 3353 1219 3412 Itlsen.
1249 3350 1333 3411 XXI
1339 3352 1364 3409 V
1387 3367 1417 3425 p.
1448 3355 1506 3407 355
1545 3408 1549 3413 .

217 3463 279 3517 not.
305 3465 323 3515 t
346 3454 481 3518 auctoris
502 3458 642 3517 lemmata
664 3455 829 3518 maximam
851 3463 933 3518 certe
949 3463 1070 3532 partem
1092 3471 1159 3515 cum
1174 3451 1337 3529 dilipenter
1359 3459 1419 3512 turn
1432 3452 1506 3523 tide·

217 3560 287 3618 liter
309 3560 450 3636 adposita
471 3576 535 3619 esse
556 3558 718 3620 contendit.

782 3810 864 3875 Ono.
887 3808 951 3875 ΙΙΙ.

396 3927 454 3992 DE
477 3926 687 3993 TERENTII
710 3926 991 3994 GRAMMATICI
1013 3925 1329 3994 DlFl'ERENTIIS.

301 4070 340 4129 ln
362 4071 466 4130 codice
489 4070 675 4130 Einsidlensi
696 4076 734 4128 32
754 4086 833 4129 saec.
856 4070 990 4146 Χ-ΧΙ,
1014 4072 1067 4144 aui
1086 4072 1217 4131 eontinet
1236 4071 1352 4145 plassas
1374 4070 1508 4130 Priscia-

217 4188 305 4246 neas,
326 4190 360 4248 p.
386 4178 443 4230 206
465 4173 524 4232 liae
555 4173 716 4233 uerborum
750 4169 948 4243 differentiae
967 4168 1164 4249 praescripto
1193 4172 1368 4232 Terentii
1394 4173 1510 4231 nomine

214 4282 447 4350 proponuntur:

283 4525 312 4593 *J
331 4529 421 4579 lsIdori
440 4528 542 4577 nomine
560 4537 647 4578 notata
665 4527 743 4578 multa
761 4528 786 4578 in
805 4528 881 4579 huius
900 4528 1020 4595 glossarii
1039 4528 1164 4579 lemmatis
1187 4530 1311 4595 proponi,
1337 4544 1403 4592 quae
1420 4544 1435 4578 a
1453 4527 1510 4578 uul-

216 4608 275 4662 gata
298 4598 426 4656 codicum,
455 4608 581 4659 quotquot
603 4598 813 4663 etymologiarum
837 4598 913 4647 libros
937 4599 1081 4657 continent,
1107 4598 1182 4664 plane
1208 4598 1316 4659 absunt,
1340 4597 1509 4647 multoiariam

217 4666 346 4715 admirans
365 4665 546 4728 animaduerti3
566 4666 656 4716 eodem
674 4667 784 4717 sortasse
803 4665 975 4723 referendum,
995 4666 1107 4728 quodid
1126 4665 1246 4731 glossarii
1264 4666 1351 4715 codiee
1363 4665 1511 4715 Monacensi

217 4733 306 4782 Isidori
325 4734 441 4782 deuotis
460 4746 537 4798 caput
555 4735 629 4783 nouis
649 4733 746 4797 aliquot
764 4734 943 4783 additamentis
962 4745 1063 4783 auctum
1083 4745 1134 4794 est,
1153 4732 1185 4781 ci.
1200 4734 1310 4783 stttsseri
1328 4749 1416 4799 progr.
1430 4734 1510 4782 Ross-

218 4800 313 4854 lebens.
334 4802 398 4854 1868
416 4818 441 4867 p.
453 4804 485 4853 33
498 4818 551 4866 seq.
