3420 5378
201 316 243 380 82
714 317 783 370 aas
803 317 978 371 cucurum

285 507 384 566 Genus
406 506 554 586 quomodo
577 506 734 567 delinitur?
770 506 823 568 lta:
847 524 940 584 genus
963 487 1010 567 est
1030 506 1171 567 indicatio
1193 506 1315 568 creandi
1336 526 1495 587 corporum

199 609 365 687 agniturum
396 617 423 669 ct
452 627 551 669 rerum
581 610 757 687 aguitarum.
807 606 868 669 Alia
898 607 1028 669 definitio
1058 616 1117 678 est,
1145 617 1177 669 ut
1207 608 1381 670 isidorus
1409 609 1495 670 dixit:

199 711 320 770 Genus
349 728 364 769 a
392 710 580 788 gignendo
614 708 766 776 dictum,
803 711 862 768 cui
897 709 1142 770 diriuatiuum
1171 728 1303 772 rrumen
1331 730 1347 770 a
1378 696 1495 778 terra,

198 830 238 871 ex
263 829 331 890 qua
354 813 474 872 omnia
497 814 715 891 gignantur;
744 809 788 890 γῆ
810 812 905 871 euim
929 811 1072 872 Graece
1101 821 1201 873 terra
1225 811 1374 873 dicitur.
1418 812 1497 884 Quot

198 922 267 973 sunt
289 930 398 991 genera
421 914 594 973 nominum?
621 912 744 991 Proprie
767 910 825 972 duo
848 920 932 980 sunt;
956 912 1025 972 inde
1048 911 1215 975 isidorus
1238 913 1323 976 dicit:
1349 914 1520 975 Generas

198 1014 420 1082 dictasunt,
445 1013 538 1093 quod
561 1021 745 1091 generant
769 1012 826 1073 uel
849 1022 1095 1092 generantur,
1125 1022 1162 1075 ut
1190 1014 1439 1076 masculinum
1461 1024 1497 1076 et

197 1117 431 1176 femininum.
481 1116 614 1177 Cetera
652 1117 798 1176 nomina
834 1134 902 1175 non
933 1124 1018 1175 sunt
1050 1133 1202 1192 genera,
1239 1116 1306 1177 sed
1335 1117 1406 1177 hoc
1433 1136 1495 1178 no·

198 1220 333 1278 minum
362 1219 459 1277 ratio
488 1226 522 1278 et
549 1219 758 1278 auctoritas
788 1215 918 1277 uoluit.
963 1217 1063 1277 Genus
1094 1217 1173 1278 unde
1201 1217 1368 1280 diriuaturt
1396 1219 1496 1280 Genus

196 1320 291 1380 oritur
314 1339 329 1379 a
353 1318 446 1378 uerbo
469 1335 580 1396 genero
603 1316 650 1379 nel
672 1320 761 1396 gigno
783 1327 832 1378 aut
855 1320 943 1379 etiam
966 1334 1064 1394 genno
1088 1319 1136 1381 uel
1159 1322 1279 1400 antique
1294 1339 1383 1399 geno.
1417 1321 1494 1393 Ouid

196 1423 320 1482 interest
350 1423 428 1481 inter
456 1437 550 1498 genus
579 1419 664 1480 uerbi
694 1428 723 1480 et
750 1422 879 1481 nominis
902 1430 931 1481 et
954 1422 1141 1499 pronominis
1165 1430 1195 1482 et
1216 1423 1385 1502 participii?
1429 1422 1528 1483 ttoco

196 1525 334 1584 interest:
364 1538 457 1599 genus
485 1521 570 1582 uerbi
598 1522 706 1583 dicitur
735 1521 897 1602 exploratio
926 1532 1007 1582 actus
1032 1523 1096 1582 siue
1122 1523 1256 1602 patiendi
1284 1525 1348 1584 siue
1377 1522 1495 1585 babitus

196 1643 354 1705 personam
377 1625 521 1685 comitans
545 1633 573 1685 et
596 1632 728 1702 tempus,
756 1624 834 1702 quod
859 1626 979 1703 proprie
1002 1624 1176 1700 significatio
1197 1627 1229 1685 in
1252 1623 1346 1686 uerbo
1370 1624 1493 1693 dieitur;

195 1745 289 1805 genus
311 1727 508 1805 pronominis
521 1735 565 1788 est
588 1734 685 1787 certae
707 1744 852 1805 personae
876 1732 905 1786 ct
926 1727 1056 1785 incertae
1085 1732 1220 1804 tempore
1242 1729 1374 1788 carentis
1395 1736 1493 1788 osten-

195 1831 256 1896 sio;
294 1845 390 1906 genus
417 1829 565 1908 participii
593 1838 713 1908 tempus
740 1837 769 1888 et
796 1824 888 1907 signitl
913 1826 962 1886 iot.
987 1823 1253 1909 89⁴13uoatronem
1281 1826 1396 1908 absque
1424 1847 1492 1909 per·

194 1946 265 1989 sona
298 1930 460 1990 indiscrete
492 1932 597 2008 iungit.
648 1930 749 1990 Genus
782 1947 855 1990 uero
889 1931 1045 1989 nominum
1074 1947 1185 2008 corpus
1212 1931 1278 1990 siue
1306 1948 1436 2009 persona
1464 1940 1526 1990 eto

193 2033 257 2091 sine
286 2040 423 2110 tempore
452 2050 486 2091 ac
514 2033 578 2093 sinc
603 2031 835 2118 significatione,
864 2030 1013 2110 quomodo
1044 2038 1188 2107 generant
1219 2039 1271 2092 aut
1300 2039 1493 2108 generantur,

148 2151 151 2155 ’
193 2132 386 2194 demonstrat.
432 2133 533 2194 Genus
560 2150 630 2210 ergo
659 2134 781 2211 proprie
811 2140 933 2192 uocatur
961 2133 991 2191 in
1014 2131 1151 2192 omuibus
1180 2133 1390 2203 animantium,
1425 2135 1492 2211 quia

192 2236 254 2314 ipsa
284 2252 429 2312 generare
459 2243 489 2295 et
517 2236 656 2310 generari
683 2240 817 2313 possunt.
868 2233 1117 2310 luterrogandum
1147 2242 1206 2301 est,
1241 2252 1296 2294 cur
1323 2253 1385 2295 non
1413 2236 1494 2296 ueris

192 2334 345 2397 uocabulis
369 2335 441 2395 baec
464 2353 573 2413 genera
596 2342 749 2403 uocantur,
773 2334 850 2395 idest
872 2354 934 2395 mas
958 2345 986 2396 ct
1009 2335 1131 2404 lomina,
1161 2335 1213 2395 sed
1241 2335 1441 2397 masculinum
1464 2346 1493 2396 et

191 2439 384 2506 femininum,
413 2436 490 2498 idest
512 2437 626 2498 mediae
649 2437 873 2514 significationis
901 2436 1086 2503 nominibus,
1116 2436 1194 2515 quod
1224 2441 1334 2517 optime
1364 2441 1526 2514 geritur,u

191 2543 331 2618 quioniam
354 2541 473 2601 uomina
497 2559 555 2602 uon
585 2546 747 2616 generant,
776 2537 827 2598 sed
855 2556 996 2617 corpora,
1025 2556 1151 2618 quorum
1180 2537 1229 2599 illa
1257 2548 1327 2600 suut
1355 2541 1490 2601 nomina:

192 2642 303 2702 idcirco
326 2660 383 2703 uon
409 2644 490 2702 ueris
512 2640 665 2703 uocabulis
688 2659 760 2702 usus
783 2648 841 2708 est;
866 2659 924 2699 non
948 2644 1026 2700 enim
1050 2657 1175 2718 corpora
1198 2649 1267 2702 suut
1282 2644 1415 2713 nomina,
1438 2642 1491 2703 sed

191 2746 310 2823 corpori
340 2744 509 2815 subiacent,
538 2744 617 2805 idest
644 2750 789 2804 uocantur
818 2740 854 2801 ab
883 2743 934 2801 eis.
979 2741 1112 2803 Tertium
1140 2758 1236 2818 genus
1263 2736 1405 2804 nbutrum
1435 2752 1489 2804 est

191 2845 335 2907 Neutrum
358 2863 452 2922 genus
475 2864 567 2924 quare
591 2845 717 2906 dicitur?
740 2843 919 2921 Propterea,
943 2844 1011 2921 quia
1028 2862 1081 2904 nec
1104 2845 1301 2906 masculinum
1319 2851 1384 2906 'nee
1406 2844 1491 2905 lemi-

189 2950 302 3007 ninum.
348 2946 418 3007 lnde
447 2947 618 3007 isidorus
647 2945 731 3005 dicit:
767 2944 944 3005 Neutrum
978 2962 1093 3021 genus
1127 2946 1267 3008 (lictum
1302 2955 1373 3012 est,
1409 2950 1525 3024 quiae

190 3067 256 3108 nec
279 3048 347 3108 boc
371 3067 436 3109 ncc
459 3047 571 3117 illud,
603 3048 671 3109 troc
700 3055 755 3106 est
778 3065 843 3106 nec
867 3044 1126 3121 masculinum,
1156 3066 1224 3108 uec
1252 3048 1489 3108 femininum.

189 3149 302 3210 Deinde
331 3147 516 3227 Virgilius
554 3150 712 3210 Asianus
746 3147 820 3207 dixit
852 3148 888 3207 ad
922 3147 1027 3209 lulium
1063 3147 1240 3211 Diaconum:
1283 3148 1358 3209 lloc
1391 3151 1491 3210 inter

189 3259 315 3312 cetera
346 3253 498 3312 maxime
528 3251 747 3327 requisisti,
777 3267 842 3308 cur
871 3247 1117 3310 masculinum
1147 3258 1181 3310 et
1208 3250 1432 3312 femininum
1455 3260 1490 3311 et

188 3359 359 3414 neutrum
383 3355 420 3413 in
443 3371 508 3413 usu
532 3350 684 3413 dicendi
708 3349 918 3410 habeamus.
963 3350 1117 3421 Quidam
1141 3351 1368 3430 simpliciter
1392 3352 1489 3412 dire·

188 3464 287 3526 runt,
311 3455 406 3536 quod
434 3454 679 3515 masculinum
708 3456 743 3513 in
774 3451 840 3513 boc
871 3470 952 3512 esse
982 3451 1126 3521 debuit,
1159 3452 1252 3531 quod
1282 3454 1524 3515 secundumn

188 3556 448 3618 habitudinem
473 3556 644 3633 corporis
667 3555 956 3622 ostenderetur,
981 3555 1086 3614 etita
1110 3555 1344 3624 femininum,
1368 3557 1489 3616 utuir

188 3667 223 3718 et
254 3658 402 3727 mulier,
437 3664 567 3717 taurus
590 3664 625 3716 et
652 3675 779 3724 uacca,
812 3658 914 3715 aries
942 3663 977 3715 et
1005 3657 1099 3723 ouis,
1135 3659 1239 3717 canis
1272 3664 1309 3716 et
1342 3666 1425 3717 cata
1453 3666 1487 3718 ct
1543 3654 1547 3663 '

188 3770 313 3821 cetera
337 3758 528 3820 animalia.
572 3757 706 3818 Omnes
727 3766 848 3818 autem
872 3776 931 3817 res
954 3756 1188 3827 materiales,
1218 3767 1257 3818 ut
1282 3757 1432 3837 lapides
1452 3767 1487 3818 ct

187 3862 344 3923 arbores
367 3870 403 3922 et
425 3864 457 3922 si
481 3877 546 3937 qua
571 3868 655 3920 sunt
685 3858 838 3926 similia,
868 3859 1098 3919 neutraliter
1127 3859 1202 3919 dici
1231 3856 1373 3919 debere
1401 3878 1485 3919 cen·

187 3972 356 4032 scierunt,
380 3963 475 4022 unde
498 3962 671 4023 dicebant
694 3961 752 4022 hic
776 3963 833 4021 uir
857 3969 890 4020 et
913 3960 1003 4021 bace
1026 3960 1162 4021 mulier
1186 3970 1220 4020 et
1242 3961 1309 4021 boc
1331 3959 1430 4040 lapis
1451 3968 1518 4022 eta

255 4251 378 4299 liuditio
430 4254 579 4300 2utrernm
624 4245 751 4314 isidorus]
776 4249 858 4299 Valde
877 4248 908 4298 ab
926 4250 964 4297 tu
982 4250 1085 4298 diuersa
1097 4249 1174 4300 babes
1186 4252 1256 4313 apud
1269 4249 1333 4300 laid.
1347 4250 1443 4317 oripi
1460 4252 1483 4309 t,

187 4322 232 4375 33,
251 4319 285 4380 cs.
304 4320 389 4383 praef.
458 4317 683 4383 3agignendum
734 4318 873 4382 tproprip
926 4314 1050 4381 isidorus]
1070 4317 1171 4380 arip!
1190 4320 1213 4380 o,
1234 4320 1270 4367 33
1323 4320 1418 4368 dsunt
1435 4335 1483 4382 que

186 4390 217 4436 10
236 4387 324 4450 uerbo,
343 4403 411 4437 eurr.
424 4387 493 4435 uerbi
563 4389 594 4437 13
613 4397 680 4435 certe
698 4399 809 4450 persone
827 4396 851 4433 et
868 4386 962 4433 incerte
1032 4387 1064 4434 15
1076 4386 1159 4449 iungit
1228 4386 1259 4434 16
1272 4397 1400 4452 ternpore,
1413 4403 1482 4437 corr.

186 4473 211 4502 re
281 4451 415 4520 generant]
436 4464 517 4518 gnant
585 4457 616 4504 17
635 4455 740 4519 proprie
810 4453 841 4502 18
859 4464 883 4501 et
901 4467 1022 4515 genueram
1094 4455 1124 4502 19
1143 4452 1208 4501 idest
1226 4451 1282 4502 mais
1350 4456 1483 4504 20medie

185 4524 217 4572 ‘db
237 4519 361 4588 isidorus]
380 4524 445 4586 arip.
465 4522 482 4571 I
498 4525 521 4586 d,
543 4525 579 4572 33
671 4523 703 4571 27
722 4521 840 4571 assianus
893 4520 1025 4570 diaconem
1080 4520 1205 4584 Virgilius
1226 4518 1352 4588 Asianus]
1373 4523 1409 4573 A.
1427 4523 1484 4573 Mai

186 4598 252 4641 auct.
270 4594 345 4641 circes.
369 4592 427 4640 Vct.
447 4598 502 4640 tom.
527 4591 558 4644 V,
577 4607 604 4653 p.
625 4593 651 4637 7:
689 4588 760 4638 blulti
782 4587 813 4637 dc
833 4589 989 4637 nominatino
1013 4602 1075 4636 casn
1099 4588 1177 4636 mrdta
1202 4591 1343 4653 scripsere,
1372 4590 1419 4639 scd
1437 4591 1483 4641 hoc

185 4660 250 4707 inter
268 4669 350 4708 cetera
368 4670 413 4707 eto.
495 4658 527 4708 28
546 4658 682 4719 requesisti
750 4657 783 4706 29
801 4656 902 4706 dicendi
920 4673 965 4708 om.
986 4656 1072 4705 Maius
1158 4659 1191 4705 30
1209 4656 1234 4704 in
1254 4655 1312 4719 boel
1331 4659 1380 4706 true
1399 4660 1483 4710 Maias

185 4727 216 4774 32
235 4740 298 4774 rrum
360 4727 423 4775 cuda
508 4728 541 4776 33
559 4724 653 4774 Omnes
672 4738 732 4773 uero
751 4723 837 4773 Maius
905 4724 1042 4773 uratiriales
1128 4726 1162 4774 34
1181 4721 1339 4791 neutraliter]
1360 4729 1482 4776 neutralia

187 4792 271 4842 Maiae
339 4796 372 4843 35
390 4790 468 4857 uude]
485 4792 544 4842 inde
562 4791 648 4840 litatae
699 4803 723 4840 et
740 4791 789 4840 lroc
806 4792 882 4840 arbor
900 4802 924 4840 et
941 4791 989 4841 lroe
1006 4792 1067 4840 lrera
1087 4802 1110 4841 et
1128 4792 1176 4841 bue
1194 4794 1270 4856 pariis
1289 4809 1337 4843 om.
1355 4792 1445 4844 Maias
