3420 5378
717 289 929 344 censensu.
1429 287 1471 353 75

170 478 318 550 tionibus:
342 480 371 539 io
395 477 510 548 culum,
535 485 567 539 ut
588 494 641 539 oro
664 486 778 539 oratum
801 480 846 539 ire
866 477 1033 549 oraculum,
1058 479 1151 541 miror
1167 480 1304 540 miratum
1321 479 1365 539 ire
1381 478 1469 539 mira·

170 579 287 655 culum,
309 597 466 661 propugno
488 587 706 659 propugnatum
730 583 773 641 ire
796 579 1067 661 propugnaculum
1098 580 1128 641 iu
1152 587 1300 649 mentum,
1324 587 1356 641 ut
1377 579 1470 641 luudo

169 681 324 745 iirndatum
352 683 398 743 ire
422 680 661 753 lundamcntum,
691 701 766 744 orno
789 688 924 744 ornatum
948 684 991 744 ire
1014 691 1236 751 ornamentum,
1266 701 1350 746 sacro
1372 701 1469 745 sacra·

170 792 233 847 tum
258 786 303 846 ire
330 791 564 854 sacramentum,
595 786 638 846 sic
666 792 849 846 momentum
878 784 1048 845 alimentum
1076 787 1308 854 incrementum:
1335 787 1468 856 iumen,

143 895 204 949 aut
229 887 298 949 ioro
325 885 453 948 iuratum
483 887 527 947 ire
555 888 705 956 lorameu,
735 905 831 966 purgo
853 895 1010 967 purgatum
1033 889 1077 947 irc
1100 904 1278 966 purgamen,
1308 886 1347 947 llo
1369 887 1468 948 ilatum

169 991 215 1052 iro
244 989 366 1059 damen,
396 986 476 1065 liquo
504 988 646 1068 liquatum
674 989 719 1049 irc
748 988 912 1066 liquamen,
943 988 992 1048 sic
1014 997 1164 1050 certamen
1194 1005 1300 1067 agmen
1334 989 1469 1068 fragmen

170 1109 295 1154 acumen
318 1089 447 1151 lenimen
471 1091 638 1161 munimen,
669 1090 729 1151 iluo
752 1092 862 1151 iturum
886 1092 930 1150 irc
952 1086 1077 1159 tlumon!
1106 1092 1136 1151 in
1160 1092 1219 1160 sio,
1244 1099 1276 1152 ut
1297 1090 1385 1153 iubeo
1408 1093 1469 1153 lus·

169 1211 235 1256 suna
257 1197 304 1255 ire
325 1193 433 1261 iussio,
465 1209 568 1271 mergo
589 1210 720 1254 mersum
745 1196 790 1253 ire
812 1194 936 1264 mersio,
960 1191 1045 1254 laedo
1068 1191 1179 1254 laesum
1203 1194 1248 1254 ire
1271 1191 1360 1254 laesio
1383 1194 1469 1255 mitto

170 1296 293 1357 missum
321 1295 366 1354 ire
396 1295 512 1363 missio;
541 1296 571 1354 in
599 1296 655 1365 tio,
686 1313 735 1355 um
763 1293 872 1375 syllaba
897 1295 925 1355 in
951 1297 979 1354 io
1002 1312 1163 1365 conuersa,
1192 1300 1225 1355 ut
1246 1293 1403 1375 probatum
1425 1297 1470 1358 ire

130 1393 322 1477 reprobatio,
345 1396 388 1457 sic
409 1396 560 1470 inuocatio
582 1393 710 1457 laudatio
734 1397 861 1458 eleuatio
884 1398 1037 1476 usurpatio
1060 1398 1135 1458 ratio
1158 1399 1276 1477 equatio
1300 1396 1471 1460 obseruatio

170 1497 263 1560 dictio
284 1499 381 1560 oratio
404 1497 491 1558 lectio
514 1496 640 1566 auditio:
666 1499 696 1558 in
720 1506 776 1568 tor,
799 1505 832 1559 ut
854 1495 932 1558 bello
955 1497 1096 1559 bellatum
1114 1499 1158 1558 ire
1174 1497 1308 1566 bellator.
1333 1505 1364 1561 et
1384 1500 1471 1561 lemi-

172 1601 276 1661 niuum
304 1601 337 1661 iu
364 1600 436 1668 tria,
467 1606 498 1660 ut
526 1597 676 1667 bellatrix,
706 1617 800 1661 uenor
828 1608 968 1661 uenatum
997 1601 1041 1660 irc
1070 1601 1221 1670 oenatria,
1250 1600 1341 1663 iulcio
1363 1600 1469 1664 iultum

170 1703 218 1763 ire
245 1699 361 1771 fultrix,
390 1703 435 1762 sic
462 1701 558 1761 uictor
582 1703 704 1769 uictrix,
734 1702 843 1781 petitor
865 1702 999 1781 petitrix,
1029 1701 1147 1764 auditor
1168 1703 1312 1780 auditrix,
1341 1703 1471 1766 nutritor

172 1805 272 1865 nutrix
300 1805 398 1865 minus
426 1822 483 1864 una
512 1801 622 1882 syllaba
651 1812 776 1884 propter
802 1803 996 1884 euphoniam,
1025 1806 1095 1865 item
1118 1804 1222 1866 doctor
1245 1804 1359 1867 doctrix
1382 1815 1412 1866 et
1433 1805 1469 1867 ab

133 1924 159 1967 u
173 1924 209 1968 eo
231 1905 382 1974 doctrina,
413 1913 516 1966 tonsor
538 1907 664 1967 tonstrix
687 1907 847 1976 tonstrina,
876 1913 972 1967 textor
995 1908 1102 1968 textrix
1125 1909 1268 1976 textrina3
1297 1909 1328 1969 in
1351 1924 1415 1979 sor,
1440 1914 1472 1968 ut

171 2007 261 2070 iubeo
283 2009 395 2069 iussum
418 2007 463 2068 ire
485 2009 591 2078 iussor,
615 2007 725 2070 suadeo
747 2025 866 2069 suasum
889 2009 933 2069 ire
955 2026 1069 2078 suasor,
1093 2006 1177 2070 rideo
1198 2010 1290 2070 risum
1314 2009 1358 2070 irc
1381 2009 1470 2077 rison

172 2110 216 2173 sic
238 2127 365 2190 pransor
387 2128 493 2172 censor
516 2110 654 2171 deicusor
677 2108 775 2178 lusor;
803 2111 834 2169 in
858 2108 938 2178 bilis,
963 2116 995 2171 ut
1017 2118 1145 2171 amatum
1167 2110 1212 2172 ire
1234 2107 1384 2183 amabilis,
1407 2110 1469 2173 lau·

172 2211 275 2274 datum
303 2211 349 2273 ire
377 2209 546 2281 laudabilis,
577 2217 683 2273 statum
714 2213 758 2273 ire
781 2209 907 2281 stabilis,
935 2221 1048 2274 motum
1070 2214 1115 2273 ire
1137 2211 1271 2284 mobilis,
1300 2221 1403 2274 notum
1426 2215 1471 2274 irc

173 2312 299 2381 nobilis,
327 2314 461 2375 auditum
490 2317 535 2374 ire
563 2313 716 2382 audibilis,
744 2315 788 2375 sic
813 2312 939 2374 uisiliilis
961 2313 1111 2393 passibilis
1133 2314 1296 2383 sensibilis;
1327 2316 1358 2376 in
1382 2317 1469 2384 tinus,

133 2437 160 2479 oo
173 2422 206 2477 ut
226 2422 359 2494 optatum
381 2416 427 2475 ire
449 2416 611 2496 optatiuus,
641 2417 804 2478 diriuotum
826 2418 871 2477 ire
889 2411 903 2498 ΙΙ
920 2414 938 2475 l.
956 2411 1018 2477 85b
1035 2413 1046 2497 ΙΙ
1067 2415 1259 2485 diripuimus,
1288 2418 1470 2478 nominatum

173 2518 218 2579 ire
245 2517 460 2586 nominatiuus;
490 2519 520 2580 in
546 2519 634 2587 icius,
663 2525 695 2578 ut
717 2517 876 2579 aduentum
898 2517 944 2578 ire
966 2516 1150 2578 aduenticius
1172 2524 1403 2579 commentatum
1427 2519 1471 2579 irc

174 2619 437 2682 commentaticius.
474 2619 680 2700 Aparticipiis
702 2620 898 2680 inueniuntur
921 2618 1073 2681 deriuatae
1096 2621 1320 2681 terminationes
1341 2622 1371 2681 in
1394 2619 1469 2681 bun·

174 2720 244 2793 dus,
267 2721 298 2782 io
321 2739 392 2792 uus,
416 2722 446 2782 in
471 2723 526 2790 tio,
549 2723 580 2783 in
603 2740 633 2791 a;
661 2723 691 2793 in
716 2719 847 2797 bundus,
871 2727 903 2782 ut
924 2721 1027 2782 iurens
1049 2720 1241 2791 furibundus,
1265 2720 1371 2783 ludens
1393 2719 1470 2783 ludi·

174 2822 306 2894 buudus,
335 2825 467 2884 moriens
494 2822 704 2893 moribundus,
734 2822 844 2884 saltans
872 2822 1079 2892 saltabundus,
1107 2830 1229 2885 cantans
1251 2821 1469 2893 cantabundus:

135 2925 205 2988 nin
239 2943 309 2996 uus,
327 2917 377 2987 'ut
410 2928 580 2987 nominatus
613 2926 756 2986 nominati
787 2925 1000 2994 nominalium,
1033 2931 1156 2986 uocatus
1183 2926 1279 2986 uocati
1309 2922 1469 2996 uocatiuus‚

175 3026 333 3090 meditatus
355 3027 488 3114 meditati
510 3027 708 3088 meditatiuus.
746 3026 778 3087 ln
802 3028 851 3095 tio,
877 3035 909 3087 ut
931 3026 1035 3087 doctus
1057 3025 1137 3088 docti
1158 3026 1265 3097 doctio,
1289 3036 1471 3090 memoratus

175 3130 330 3193 memorati
358 3131 546 3199 memoratio,
576 3129 744 3191 consolatus
772 3127 916 3190 consolati
944 3129 1119 3198 consolatio:
1149 3131 1180 3190 in
1203 3147 1272 3200 ura,
1302 3137 1333 3190 ut
1356 3130 1471 3210 pictura

173 3233 322 3312 scriptura
345 3239 450 3294 natura
473 3237 608 3293 creatura
631 3249 765 3292 censura.
810 3231 847 3293 Et
869 3230 1012 3293 uerbialia
1035 3233 1154 3293 nomina
1176 3233 1205 3292 iu
1230 3251 1283 3294 ura
1306 3231 1470 3294 desinentia

175 3333 300 3397 formam
323 3333 435 3396 habent
456 3334 677 3414 participiorum
699 3335 866 3396 actiuorum
880 3335 973 3395 loturi
989 3335 1141 3413 temporis,
1166 3342 1197 3395 ut
1212 3332 1343 3396 lecturus
1358 3333 1471 3396 lectura

136 3433 330 3499 oolcoturum.
370 3434 518 3497 Memento
540 3441 638 3496 tamen
661 3437 884 3517 participiorum
901 3443 930 3497 et
945 3438 1099 3498 nominum
1123 3436 1254 3497 eiusdem
1271 3437 1363 3507 uocis,
1385 3437 1470 3514 quiu-

175 3555 233 3619 que
255 3536 352 3599 modis
373 3536 509 3608 differre,
538 3539 752 3616 significatione
778 3539 989 3619 conparatione
1011 3540 1157 3599 seruitute
1178 3537 1373 3599 declinatione
1396 3545 1470 3597 tem·

101 3712 111 3723 =
175 3657 264 3720 pore;
292 3639 522 3720 significatione:
552 3642 636 3720 quia,
665 3640 784 3718 quando
811 3658 919 3702 nomeu
949 3648 1008 3710 est,
1038 3647 1204 3700 creaturam
1226 3642 1290 3699 siue
1312 3655 1471 3718 personam

175 3740 305 3804 hominis
336 3742 481 3821 significat
512 3740 607 3819 qualis
633 3744 687 3811 sit,
723 3749 755 3802 ut
781 3743 913 3821 sapieus;
950 3741 1068 3822 quando
1098 3760 1171 3803 uero
1200 3742 1404 3822 participium,
1440 3747 1473 3802 ut

176 3842 323 3924 Opilius
345 3843 492 3912 ostendit,
513 3841 623 3923 aliquid
647 3844 707 3921 agit
728 3849 779 3904 aut
805 3844 916 3923 patitur
944 3846 974 3904 in
1003 3845 1154 3924 praesenti
1182 3842 1230 3903 uel
1258 3845 1288 3903 in
1311 3843 1473 3924 praeterito

122 3944 223 4014 mel
245 3946 276 4007 in
298 3945 414 4015 rutur0;
445 3947 671 4024 conparatione:
701 3944 818 4023 quando
841 3947 920 4007 enim
943 3946 1063 4006 nomina
1086 3953 1168 4014 sunt,
1198 3951 1411 4025 conparantur,
1442 3951 1473 4004 ut

177 4046 282 4109 doctus
310 4047 424 4109 doctior
451 4046 654 4116 doctissimus,
690 4047 846 4127 participia
875 4066 948 4108 uero
977 4065 1036 4107 non
1065 4055 1276 4126 conparantur;
1311 4046 1472 4107 seruitute:

177 4148 296 4230 quando
323 4149 545 4218 nominasent,
573 4152 712 4230 genetiuo
736 4149 885 4225 seruiunt,
915 4157 947 4210 ut
969 4166 1071 4211 amans
1093 4148 1185 4218 illius,
1215 4147 1272 4208 laoc
1295 4155 1339 4208 est
1359 4153 1473 4208 amator

245 4369 424 4419 loreoculum
504 4371 665 4420 4incremen
684 4369 712 4420 tei
777 4371 948 4434 opurgotum
966 4383 1134 4435 repurgonaen
1154 4368 1201 4416 llos
1271 4366 1354 4417 tilico
1371 4367 1472 4417 litatum

176 4438 213 4486 ire
231 4437 337 4487 licamen
407 4434 544 4503 certamen]
565 4454 638 4488 sacer
656 4448 739 4487 tumen
808 4435 912 4502 agmen]
932 4435 991 4488 arrrir
1031 4448 1033 4453 '
1081 4437 1211 4487 'liussum
1230 4436 1312 4486 iussio
1381 4435 1473 4486 iiledo

176 4512 225 4558 eto.
294 4506 421 4556 emisam
475 4508 549 4555 misio
602 4508 627 4556 in
646 4506 672 4554 id
691 4521 815 4555 conuersa
870 4508 899 4555 12
919 4505 1000 4554 lulceo
1071 4506 1101 4555 15
1120 4504 1214 4552 toutrix
1269 4506 1300 4554 16
1318 4506 1390 4554 iusor
1443 4507 1472 4555 17

175 4569 277 4639 censor]
296 4583 384 4624 tonsor
451 4577 484 4624 20
502 4575 639 4623 diriuutum
660 4575 695 4622 irc
713 4590 758 4629 om,
828 4574 937 4622 stirias
998 4572 1138 4621 aduecticio
1207 4573 1240 4621 22
1259 4572 1372 4621 derinate
1440 4573 1474 4621 23

176 4641 272 4692 lurieno
291 4641 434 4692 lurbuudus
494 4643 527 4691 26
546 4642 660 4691 meditati
678 4642 808 4690 meditatio
827 4643 851 4689 iu
872 4642 916 4689 itio
968 4642 1000 4690 27
1019 4640 1168 4690 consulatus
1187 4639 1312 4689 consulati
1330 4639 1473 4689 consolatio

176 4711 210 4762 28
227 4709 267 4760 uel
286 4709 406 4759 uerbiolia
491 4713 524 4759 29
543 4705 696 4776 uctiuorum]
717 4710 896 4773 pussuieorum
966 4709 1044 4758 lectus
1130 4711 1163 4759 33
1183 4708 1346 4773 participium
1370 4706 1473 4772 opillius

176 4777 365 4840 oooenditquid
384 4779 438 4843 agit
506 4778 539 4828 34
557 4778 580 4826 iu
601 4778 736 4842 praeterito
806 4778 839 4828 36
857 4777 1006 4827 doctissima
1074 4778 1196 4827 stamas
1215 4774 1282 4825 illius
