3420 5378
503 301 542 352 m
560 301 645 352 nou.
664 300 789 351 uersu
809 301 986 364 umonsu.
1329 300 1392 365 223

99 495 199 549 autem
228 487 307 567 quod
335 487 454 549 uocales
481 493 584 567 operto
613 506 665 548 ore
692 488 932 565 pronuntiamus,
965 507 1023 550 non
1046 490 1156 550 iunctis
1184 488 1290 560 labris,
1319 492 1397 551 sicut

99 597 306 651 consonantes.
352 589 420 650 Per
448 607 486 650 se
513 586 708 668 syllabam,
737 589 851 650 scilicet
882 591 948 650 sine
978 589 1124 650 adiutorio
1157 593 1491 655 consonantium.scr‚11

98 688 190 751 Verbi
211 692 304 769 gratia
328 708 394 752 omo
417 707 432 748 a
455 688 564 768 syllaba
588 697 648 760 est,
672 693 748 751 sicut
771 689 807 750 de
830 688 963 767 reliquis.
994 690 1031 751 Et
1053 698 1121 751 sunt
1137 690 1262 752 numero
1279 693 1301 751 V
1316 691 1393 770 apud

99 791 235 862 Latinos,
259 791 335 871 apurl
359 808 432 851 uero
455 792 585 852 Graecos
609 790 665 851 Vll.
711 791 936 861 Transeunt,
961 790 1037 853 idest
1060 799 1255 853 consonantes
1279 810 1314 852 ex
1337 809 1391 852 uo·
1406 810 1452 857 ιιι,
1467 812 1491 849 ιι

71 892 214 955 coelibus
235 893 316 954 dunt.
363 893 622 961 Geminantur,
646 891 722 952 idest
743 892 831 953 simul
853 901 1018 971 ponuntur,
1050 912 1117 953 cum
1140 902 1191 954 aut
1212 895 1222 953 i
1244 893 1395 973 praeeedit
1408 912 1453 959 sor,
1469 912 1492 950 ιι

98 1013 134 1063 u,
151 1002 190 1054 ut
212 992 305 1064 liueo.
334 1001 384 1056 aut
407 1012 426 1054 u
449 993 601 1071 praecedit
623 995 649 1068 i,
673 1003 705 1054 ut
727 995 822 1072 uirgo.
867 995 991 1062 Vates,
1026 993 1134 1054 dicitur
1155 995 1301 1074 propbeta
1323 1013 1339 1054 a
1362 996 1394 1055 ui

98 1095 215 1156 mentis.
261 1094 323 1156 llae
346 1094 421 1156 duae
443 1096 453 1154 i
476 1105 545 1155 ιιι
569 1113 627 1155 non
652 1094 747 1156 solnm
771 1104 924 1156 transeunt
946 1097 1206 1165 inconsonantes,
1229 1094 1281 1156 sed
1305 1097 1393 1156 etiam

99 1195 216 1257 mediae
238 1195 377 1258 dicuutur
399 1194 477 1257 idest
499 1195 627 1257 medium
643 1214 749 1257 sonum
765 1195 919 1257 babentes.
958 1196 993 1257 ln
1017 1196 1237 1276 quibusdam
1261 1195 1490 1266 dictionem

100 1296 225 1370 nibus,
254 1297 333 1359 idest
362 1295 504 1375 partibus.
550 1296 787 1377 Expressum‚
819 1298 895 1359 idest
917 1316 1024 1378 purum
1048 1297 1096 1359 uel
1120 1297 1263 1374 liquidum
1286 1315 1391 1359 sonum
1405 1318 1490 1365 scau

61 1416 161 1460 rouen
188 1397 314 1466 babent.
353 1401 421 1477 quia
451 1400 564 1459 mixtim
593 1408 709 1460 sonant.
759 1399 831 1460 llam
860 1403 890 1459 in
919 1417 993 1459 sono
1022 1416 1087 1458 sese
1116 1399 1309 1460 conlundunt
1354 1401 1396 1459 Vt

99 1501 169 1562 uir.
213 1500 277 1561 lloc
304 1500 370 1561 loco
399 1518 504 1559 sonum
528 1519 545 1579 y
568 1500 698 1560 Graecae
722 1501 841 1562 uidetur
863 1500 974 1561 habere
997 1509 1027 1560 et
1055 1500 1122 1560 ideo
1151 1518 1258 1578 purum
1289 1518 1393 1560 sonum

99 1619 160 1663 uon
184 1599 280 1667 babet,
305 1600 352 1661 uel
376 1603 463 1662 etiarn
487 1602 632 1661 ‘intimus'
655 1620 747 1663 sonus
769 1601 885 1671 dicitur,
909 1604 976 1682 quia
1000 1603 1177 1662 commixtus
1201 1601 1319 1661 uidetur·
1336 1602 1395 1661 exi

99 1711 187 1771 ιιι,
211 1703 294 1781 quusi
317 1704 352 1763 sit
376 1722 395 1763 u
418 1721 453 1763 ιι
478 1721 534 1762 una
557 1710 642 1781 parte
665 1712 696 1762 et
712 1704 721 1761 i
738 1722 772 1764 ex
796 1702 904 1772 altera,
929 1711 962 1762 ut
983 1722 1018 1764 ex
1043 1703 1099 1763 illis
1121 1721 1198 1763 rmus
1220 1719 1312 1763 sonus
1335 1703 1392 1762 ior·

100 1813 208 1878 metur,
238 1805 288 1883 qui
311 1805 432 1864 intimus
455 1803 532 1864 idest
554 1802 668 1864 medius
690 1803 864 1883 appellatur,
892 1806 959 1881 quia
984 1821 1038 1865 nec
1066 1805 1104 1864 ita
1133 1821 1207 1883 pure
1235 1812 1334 1872 sonat,
1364 1812 1396 1863 ut

61 1904 198 1970 osclum
219 1924 237 1966 u
261 1913 311 1965 aut
338 1904 434 1965 solum
463 1906 486 1974 i,
517 1904 594 1966 undo
624 1913 653 1965 et
680 1923 772 1967 sonus
799 1924 818 1965 u
848 1905 1002 1966 contundit
1027 1923 1132 1966 sonum
1156 1905 1174 1966 i.
1218 1903 1393 1984 Optimus.

99 2006 134 2068 lu
159 2007 215 2068 boo
237 2008 325 2067 etiam
349 2024 441 2067 sonus
463 2007 472 2064 i
495 2006 649 2067 confundit
672 2024 700 2066 u.
745 2009 866 2087 Antiqui
895 2008 973 2068 enim
996 2014 1135 2086 optumus
1157 2023 1312 2085 pessumus
1333 2024 1395 2066 ma·

99 2127 208 2171 xumus
230 2105 401 2169 scribebant
423 2116 452 2167 et
474 2124 579 2168 sonum
595 2110 645 2187 qui
662 2117 726 2169 erat
742 2111 820 2169 inter
837 2127 854 2168 u
872 2118 901 2169 et
916 2111 925 2168 i
940 2105 1143 2188 proferebant.
1188 2107 1274 2169 Nunc
1297 2115 1395 2169 sutem

100 2209 175 2271 baec
196 2226 251 2289 per
273 2210 281 2270 i
304 2207 476 2269 scribuntur
498 2218 587 2288 atquc
610 2211 813 2288 proteruntur.
851 2209 929 2289 Ergo
952 2210 1009 2270 boc
1033 2208 1201 2288 exemplum
1217 2209 1321 2270 Donati
1338 2208 1395 2269 iam

99 2329 157 2390 pro
181 2309 272 2370 nihilo
294 2309 430 2370 babetur.
475 2310 586 2370 Extra
609 2329 714 2390 quam
737 2311 904 2380 sormam,
932 2311 1009 2371 idest
1031 2309 1203 2388 qualitatem
1226 2317 1257 2371 et
1279 2309 1394 2371 babitu·
1408 2337 1453 2384 ssr.
1468 2336 1492 2375 ιι

60 2412 217 2481 sodinern,
240 2413 270 2470 in
293 2429 350 2490 qua
373 2411 503 2473 medium
527 2430 633 2473 sonum
656 2411 753 2474 babet
800 2409 812 2494 b
831 2410 891 2475 146
908 2412 920 2495 ll
945 2410 1021 2482 Quid
1038 2421 1082 2473 est
1104 2413 1143 2473 ul
1166 2412 1231 2473 Non
1246 2418 1293 2473 est
1308 2428 1395 2472 uoca-

100 2513 152 2583 lis,
176 2514 244 2593 quia
268 2513 332 2573 eius
353 2513 514 2591 potentiam
540 2531 597 2573 uon
626 2513 730 2585 babet,
767 2513 846 2575 idest
872 2532 928 2575 neo
946 2514 1017 2576 ·duo
1047 2522 1180 2594 tempora
1210 2511 1313 2584 babet,
1347 2521 1398 2574 aut

100 2632 209 2683 unum;
238 2612 316 2690 quod
346 2615 483 2691 congruit
511 2613 672 2676 uocalibus.
718 2614 888 2677 Consonans
916 2624 1014 2676 autem
1042 2635 1102 2677 non
1132 2624 1176 2676 est
1197 2613 1397 2694 praecedente

101 2715 192 2778 altera
222 2704 414 2777 consonante]
460 2716 558 2787 Quare
586 2735 657 2795 ergo
685 2714 843 2778 scribitur?
888 2717 923 2777 Vt
945 2716 1109 2797 pleniorem
1138 2715 1243 2777 reddat
1266 2714 1396 2796 syllabae
1474 2744 1480 2760 ε

101 2836 217 2879 sonum.
263 2817 414 2896 Digamma
437 2815 536 2878 littera
560 2825 604 2878 est
622 2818 699 2898 apud
717 2819 845 2879 Graecos
867 2817 982 2879 duabus
1003 2819 1127 2897 gammis
1149 2826 1297 2886 constans,
1321 2816 1398 2878 idest

62 2939 139 2985 ssex
162 2918 276 2981 duabus
298 2916 416 2989 litteris,
441 2937 498 2980 una
522 2919 662 2980 uidelicet
683 2938 773 2999 super
796 2919 917 2981 alteram
939 2922 1051 3000 posita,
1076 2937 1151 2999 quae
1174 2925 1232 2978 tarn
1256 2919 1396 2997 pinguem

101 3039 208 3083 sonum
232 3019 330 3082 reddit
352 3020 428 3100 apud
452 3021 594 3091 Graecos,
618 3039 707 3100 quam
730 3031 759 3082 et
782 3041 800 3081 u
823 3039 991 3083 consonans
1013 3020 1091 3101 apud
1114 3020 1243 3081 Latinos.
1287 3019 1397 3098 Figura

101 3125 201 3200 itaque
231 3121 310 3184 illius
343 3121 491 3200 digamma
526 3130 659 3184 uocatur.
705 3122 838 3183 Potestas
866 3142 939 3185 uero
967 3123 1101 3185 eiusdem
1130 3140 1186 3183 uau
1218 3122 1397 3193 nominatur,

101 3243 190 3304 quam
213 3225 391 3303 accipientes
413 3225 509 3285 Latini
533 3232 697 3305 posuerunt
718 3242 809 3305 super
831 3245 851 3286 u
873 3234 1102 3294 consonantem,
1133 3231 1164 3284 ct
1191 3223 1261 3285 lacit
1283 3243 1301 3284 u
1325 3241 1397 3286 oon·

100 3344 211 3388 sonans
232 3325 310 3406 apud
334 3345 401 3396 nos,
426 3325 505 3404 quod
520 3325 666 3405 digamma
681 3326 758 3407 apud
775 3326 917 3397 Graecos,
943 3336 973 3388 ct
987 3327 1044 3387 boc
1059 3331 1104 3385 est
1119 3323 1196 3404 quod
1211 3327 1267 3387 ait:
1292 3324 1393 3395 huic,
1408 3356 1453 3403 ιιι,
1469 3357 1493 3396 13

62 3428 215 3493 soscilicet
236 3447 254 3489 u
278 3431 468 3497 consonanti,
503 3427 601 3491 solet
628 3429 808 3508 digamma
837 3427 991 3499 ascribi,
1025 3428 1102 3489 idest
1135 3427 1292 3504 assignari,
1327 3429 1397 3505 quia

103 3532 168 3592 eius
190 3538 365 3610 potestatem
390 3530 478 3591 habet
500 3533 530 3592 iu
552 3529 610 3591 boc
633 3529 707 3591 loeo.
754 3531 795 3590 Vt
817 3548 948 3592 seruus
970 3528 1109 3610 uulgus.
1154 3529 1266 3590 Seruus
1288 3527 1454 3605 diciturne,
1470 3561 1493 3599 ,ι

103 3650 118 3691 a
141 3631 307 3693 seruando:
330 3632 393 3711 ipse
416 3641 461 3693 est
484 3634 532 3710 qui
556 3634 586 3693 iu
610 3632 688 3694 bello
711 3640 813 3712 captus
835 3641 972 3694 seruatur
995 3633 1031 3693 ad
1055 3634 1154 3693 uitam.
1194 3629 1303 3709 Vulgus
1326 3629 1397 3690 dici·

104 3742 153 3795 tur
175 3734 344 3812 promiscua
374 3733 545 3804 mullitudo,
577 3737 662 3812 quasi
691 3734 842 3798 uoluntate
871 3753 979 3814 uagus,
1008 3754 1043 3796 ec
1067 3734 1146 3812 quod
1173 3750 1252 3794 uuus
1273 3732 1398 3811 quisque

103 3852 162 3913 quo
185 3834 335 3897 desiderat
361 3837 467 3915 pergit.
512 3837 629 3897 Nami
659 3836 843 3908 litteram,
874 3839 957 3915 quasi
985 3835 1115 3896 diceret:
1146 3833 1231 3896 multi
1258 3834 1399 3912 neganti

102 4023 331 4032 --.-.--

171 4159 188 4209 8
212 4158 290 4207 Verbi
309 4160 390 4222 gratio
408 4172 466 4208 amo
485 4153 548 4224 ete]
573 4158 606 4208 In
629 4161 742 4223 margine
764 4161 890 4210 additum:
919 4173 967 4223 ego
986 4172 1000 4205 e
1019 4156 1135 4206 similiter
1156 4154 1255 4219 syllaba
1277 4166 1316 4206 est
1381 4158 1399 4205 4

104 4238 196 4291 grecos
265 4228 354 4276 deum
373 4237 457 4275 autem
477 4227 502 4274 ·i·
570 4224 683 4291 6liueo]
703 4228 778 4288 limo,
796 4228 846 4277 nisi
861 4228 982 4289 praefers
1000 4224 1077 4287 luno,
1101 4225 1170 4290 quod
1186 4225 1257 4289 apud
1273 4225 1399 4275 Donatum

102 4301 150 4344 est.
223 4296 251 4343 ll
271 4309 286 4357 g
305 4309 380 4358 grece
450 4297 480 4344 13
498 4295 532 4343 sit
550 4311 582 4342 nu
670 4297 702 4345 19
721 4295 814 4344 uiclrilo
900 4288 1398 4356 sssgtlooaesonuro]1ueractarn

103 4365 216 4426 margine
234 4362 364 4411 adduntur
381 4363 444 4412 llaec
461 4363 671 4425 conglutinatorr's
688 4363 789 4427 forcipe
807 4363 896 4411 misere
919 4364 1046 4412 mutilato:
1074 4361 1140 4408 enim
1164 4359 1220 4408 loco
1244 4359 1287 4409 ubi
1308 4375 1393 4411 u....

104 4439 208 4479 nantem
227 4429 291 4478 lmbe
298 4466 406 4480 .......
412 4441 421 4478 ι
439 4428 509 4478 latini
527 4431 696 4480 sori....itur
714 4430 843 4497 digamma
930 4444 975 4494 per
994 4439 1021 4477 ut
1038 4427 1137 4492 signill.
1149 4464 1155 4475 .
1166 4436 1237 4478 .etur
1255 4428 1325 4489 quod
1342 4428 1398 4476 eins

103 4497 254 4562 dignm...
277 4508 428 4563 potestatem
448 4497 480 4545 ba
486 4534 559 4548 .....
566 4512 581 4545 n
600 4497 641 4545 ubi
660 4508 728 4546 esset
751 4512 893 4556 ....unns,
912 4504 937 4546 et
956 4500 981 4546 in
1003 4498 1116 4559 margine
1138 4493 1272 4556 inferiori:
1303 4493 1399 4559 Repre-

103 4563 223 4615 bendltur
240 4564 282 4614 bic
300 4564 414 4615 Donatus
432 4580 447 4612 ι
466 4563 616 4625 quibusdem
636 4580 714 4626 qnare
731 4565 878 4630 digammon
893 4564 987 4612 dixerit
998 4563 1074 4626 qussi
1090 4561 1230 4622 declinans,
1243 4576 1299 4610 eum
1314 4564 1399 4612 omnic

104 4633 210 4683 numius
227 4632 365 4684 litterarum
385 4631 571 4682 indeclinabilia
590 4633 643 4680 siut
661 4641 712 4681 tom
730 4633 799 4698 apud
817 4647 908 4698 grecos
926 4646 1002 4694 quem
1021 4631 1090 4696 apud
1109 4630 1210 4680 latinos.
1290 4631 1323 4680 tt
1340 4645 1399 4694 gre-

103 4715 149 4752 cos
218 4702 251 4751 26
269 4717 359 4767 grecos
428 4702 460 4749 27
479 4699 617 4765 dygnmme
685 4701 718 4751 29
736 4701 874 4767 dygamma
942 4703 976 4752 30
993 4698 1397 4765 dggammcsseribi,superrcr,:

104 4784 127 4821 s.
145 4768 215 4835 apud
233 4783 325 4835 grecos
393 4772 427 4821 34
445 4782 503 4817 unm
521 4770 547 4817 ·i·
562 4767 647 4818 litters
