3420 5378
182 283 243 351 180
565 284 818 349 Qvaus'rtouus
838 284 1105 338 unauutmctu

181 495 198 536 o
221 478 250 535 in
273 495 292 535 u
315 478 459 545 uertitur,
483 473 600 555 quando
622 482 820 535 consonantes
842 473 917 534 duae
939 481 1113 553 sequuntur,
1137 482 1169 534 ut
1192 471 1273 534 ‘uolo
1295 471 1385 542 uult’,
1410 475 1478 533 ‘uo-

97 658 102 662 ’
179 577 278 639 lnmus
302 575 413 646 uultis',
437 576 563 638 ‘uultus’
587 591 603 637 a
620 575 771 637 uoluntate
786 575 882 636 dictus
896 594 951 655 pro
965 573 1103 644 ‘uoltus’;
1127 572 1205 635 ‘colo
1220 573 1330 636 cultus’
1346 573 1481 654 ‘uulpes’

181 700 234 761 pro
258 678 396 759 ‘uolpes',
427 678 562 757 eoquod
586 679 625 738 sit
648 676 785 737 uolubilis
807 675 946 755 pedihus:
971 678 1083 737 ‘ursus'
1105 695 1161 756 pro
1184 678 1315 747 ‘orsus’,
1340 694 1377 737 eo
1400 676 1479 756 quod

180 800 231 842 ore
253 798 322 842 suos
345 781 454 840 lormet
476 780 588 848 loetus;
618 777 801 857 ‘iuglandis'
824 794 879 855 pro
902 777 1094 856 ‘ioglaudis',
1117 777 1196 840 idest
1216 778 1318 839 ‘iocus
1340 777 1480 856 glaudis'.

180 883 229 943 Sic
252 892 282 943 et
304 881 341 942 ab
364 881 455 942 ‘oleo’
478 884 509 941 in
533 879 758 941 ‘adolescente'
781 876 830 940 uel
853 877 1058 940 ‘adoliscente’
1079 878 1334 940 ‘adolisccutiori’
1358 877 1517 941 ‘atatis-e
1554 920 1558 928 .

180 983 318 1044 centulo’
352 981 578 1044 ‘aduliscentia’
602 990 740 1043 manento
767 981 945 1059 regulariter
971 999 1005 1052 o,
1039 983 1151 1062 quippe
1179 999 1246 1044 cum
1275 980 1350 1041 haec
1378 981 1479 1042 omnia

182 1086 286 1145 uenire
310 1091 426 1145 constet
448 1084 485 1145 ab
508 1083 668 1152 adolendo:
692 1089 822 1144 mutatur
845 1089 943 1143 tamen
967 1101 992 1142 o·
1008 1079 1019 1164 ll
1036 1082 1056 1142 l.
1073 1079 1111 1143 9·
1128 1080 1141 1164 ll
1165 1085 1195 1143 in
1218 1102 1251 1153 u,
1275 1100 1344 1144 cum
1368 1082 1481 1144 dicitur

181 1185 332 1254 ‘adultus’,
357 1187 525 1246 necessario
548 1193 672 1265 propter
693 1190 854 1261 sequentes
876 1183 1015 1244 uidelicet
1038 1183 1111 1244 duas
1133 1191 1332 1246 consonantes
1347 1191 1480 1244 tantum-

181 1287 284 1359 modo,
315 1306 373 1347 non
403 1287 441 1348 oh
464 1287 541 1347 aliud
573 1285 735 1354 ullomodo,
765 1285 842 1363 quod
867 1287 897 1345 in
921 1287 1029 1346 celcris
1051 1287 1213 1365 participiis
1235 1285 1271 1346 ab
1294 1282 1480 1346 olendo'ue-

182 1389 330 1451 nieutihns
359 1398 388 1450 et
415 1407 502 1449 unam
531 1397 599 1468 post
627 1407 645 1447 o
673 1401 884 1447 consonantem
913 1385 1090 1447 habentibus
1117 1386 1146 1448 id
1173 1388 1265 1465 liquet
1291 1388 1398 1466 patulo
1428 1404 1516 1448 seuu

180 1499 261 1572 patet
283 1491 411 1571 liquido,
436 1490 574 1551 uidelicet
596 1491 626 1548 in
650 1487 790 1549 ‘aboleto'
814 1488 860 1548 uel
884 1486 1019 1547 ‘abolito’
1044 1496 1073 1550 et
1096 1488 1258 1558 ‘exoleta',
1285 1506 1321 1549 ac
1343 1507 1401 1569 per
1423 1487 1482 1549 boc

181 1594 340 1672 diligenter
363 1600 392 1652 et
413 1591 622 1669 intellegenter
644 1589 827 1651 intuentibus
854 1589 946 1649 clarel
968 1588 997 1648 id
1021 1591 1085 1651 siue
1107 1590 1261 1669 scrupulo,
1291 1589 1371 1670 quod
1402 1592 1482 1652 sicut

180 1713 274 1773 pero
297 1696 352 1756 rite
374 1692 526 1773 protertur
548 1690 707 1753 ‘aboletus'
730 1690 891 1751 ‘abolitus'
915 1689 1093 1761 ‘exoletus'‚
1122 1692 1162 1752 ita
1190 1691 1387 1754 nihilominus
1406 1711 1481 1772 pro·

181 1797 256 1857 terri
279 1795 369 1856 dehet
384 1794 580 1855 ‘adolescens’
596 1801 625 1854 et
639 1793 839 1862 ‘aduliscens',
863 1791 930 1853 licet
954 1794 1123 1855 necessario
1145 1802 1269 1874 propter
1291 1793 1479 1874 praedictam

181 1900 327 1958 rationem
350 1915 409 1958 non
433 1903 534 1957 seruet
555 1896 584 1956 id
608 1893 759 1956 ‘adultus’.
1493 1911 1516 1951 ra

265 1998 321 2070 eri
344 1997 530 2059 solummodo
552 1997 773 2076 grammaticam
797 2003 951 2073 angustam
975 2002 1004 2057 et
1025 2006 1119 2059 artam
1148 2006 1241 2059 artem
1271 1999 1342 2068 seit,
1372 1997 1481 2059 ‘nemo

181 2101 314 2160 uirorum
338 2098 467 2167 illorum,
484 2100 535 2178 qni
558 2099 653 2158 uocati
675 2105 753 2167 sunt,
777 2096 907 2176 gustabit
930 2116 1033 2159 cenam
1058 2100 1166 2160 meam'
1189 2098 1247 2159 dici
1269 2099 1384 2161 dehere
1407 2118 1480 2160 cou-

181 2205 232 2263 icit
261 2208 303 2272 et,
332 2203 415 2280 qrrasi
443 2217 531 2259 secus
557 2198 616 2259 dici
645 2207 784 2279 nequeat,
809 2217 896 2277 quarn
925 2201 1115 2261 securissime
1143 2200 1227 2269 dicit,
1263 2200 1340 2262 idest
1370 2204 1481 2262 ‘nemo

181 2303 332 2383 gustabit'.
384 2301 520 2362 Ceterum
550 2301 600 2380 qui
627 2301 805 2361 rhetoricam
840 2303 1050 2380 amplissimam
1079 2301 1262 2365 latitudinem
1293 2303 1341 2363 uel
1371 2301 1481 2382 latissi-

182 2423 259 2464 mam
283 2402 506 2483 amplitudinem
530 2403 639 2479 attigit.
663 2405 757 2482 ipsam
781 2402 905 2464 licenter
920 2422 954 2464 ac
974 2404 1153 2483 regulariter
1175 2401 1373 2466 litteraturam
1397 2406 1516 2485 quasia

181 2505 364 2585 neglegendo
387 2503 597 2584 praetermittit
618 2512 647 2562 et
668 2501 704 2563 ad
728 2521 847 2563 sensum
870 2522 902 2564 se
925 2506 1024 2583 potius
1053 2505 1236 2566 transferens
1263 2513 1393 2585 propter
1417 2506 1481 2586 plu·

181 2608 289 2676 ralenr,
319 2609 369 2684 qui
398 2607 539 2685 sequitur,
571 2622 742 2679 numerum,
771 2604 861 2665 idest:
891 2606 1043 2666 ‘uirorum
1072 2606 1189 2667 illorum
1212 2608 1262 2686 qui
1286 2608 1387 2668 uocati
1411 2613 1480 2668 srrnt

180 2709 353 2788 gustabunt'
377 2707 599 2769 auctorabiliter
622 2725 676 2785 per
697 2707 819 2783 dgnram
844 2705 925 2766 dicit.
961 2707 1050 2768 Scitis
1073 2709 1198 2777 etenim,
1221 2708 1300 2787 quod
1324 2708 1478 2771 schemata

181 2811 321 2872 ‹liauoeas
349 2810 384 2870 ad
414 2817 547 2870 oratores
575 2811 738 2888 pertinent,
774 2806 809 2868 ad
838 2811 1047 2886 grammaticos
1075 2809 1184 2870 lexeos
1237 2809 1339 2888 Legite
1374 2809 1479 2872 Pom·

182 2915 301 2993 poium
326 2921 356 2972 et
378 2915 441 2990 ipse
457 2909 542 2971 nobis
557 2909 627 2970 illud
651 2911 738 2970 laciet
757 2909 843 2988 plene
860 2911 1063 2989 perspicuum.
1108 2911 1241 2989 Namque
1264 2913 1344 2971 sicut
1365 2914 1514 2992 optines

181 3018 213 3075 lit
235 3014 353 3074 schema
377 3032 430 3092 per
453 3029 566 3079 casum,
591 3020 623 3070 ut

490 3113 620 3172 Vrbem
644 3131 749 3191 quam
773 3119 915 3181 statuo,
940 3121 1066 3173 uestra
1091 3120 1146 3174 est

182 3216 258 3296 quod
285 3216 360 3276 male
384 3215 547 3276 Donatus
570 3215 703 3293 exposuit
724 3215 787 3274 siue
810 3215 964 3275 Seruius
987 3225 1016 3275 ct
1032 3214 1108 3276 hene
1124 3213 1358 3286 Priscianus,
1386 3225 1417 3279 et
1433 3226 1480 3278 ut:

181 3319 335 3396 lapidem,
366 3336 451 3397 quem
476 3314 712 3396 reprohaueruut
734 3335 760 3375 e.
784 3313 816 3394 h,
838 3316 856 3374 l.
881 3316 930 3385 a.',
955 3324 997 3376 et:
1027 3318 1207 3378 ‘sermonem
1237 3335 1325 3398 quem
1355 3318 1481 3380 audistis

182 3439 240 3480 non
264 3428 309 3479 est
332 3421 438 3479 meus'.
483 3417 518 3477 lit
545 3436 599 3497 per
621 3434 730 3495 genus.
756 3425 801 3476 ut:
825 3417 945 3477 ‘omnes
967 3426 1071 3496 gentes
1094 3420 1275 3480 circuierunt
1297 3427 1327 3479 et
1349 3421 1370 3480 i.
1396 3440 1426 3481 n.
1451 3420 1516 3482 ἀ.»

181 3542 209 3602 q.
233 3539 277 3581 us.
301 3524 322 3581 i.
346 3520 365 3581 l.
389 3529 432 3579 et:
451 3519 577 3596 feuntes
605 3517 709 3579 docete
737 3535 841 3578 omnes
869 3527 972 3597 gentes
1000 3518 1184 3600 baptizantes
1206 3522 1274 3582 eos’
1298 3530 1344 3582 et:
1373 3523 1482 3602 ‘reges

181 3625 313 3701 gentium
338 3621 528 3682 dominantur
551 3623 667 3680 eorum'
692 3628 721 3678 et
743 3628 840 3680 cetera
856 3620 963 3690 multa,
988 3622 1031 3681 sic
1053 3623 1141 3683 etiam
1165 3622 1214 3684 hic
1236 3621 1351 3684 dimisit
1374 3642 1480 3685 nume·

181 3742 245 3784 rum
269 3722 448 3801 singularem
471 3730 555 3783 etse
578 3721 655 3782 licite
684 3721 834 3782 transtulit
856 3721 982 3800 Spiritus
1005 3723 1130 3785 Sanctus
1153 3722 1188 3785 ad
1211 3724 1373 3804 pluralem,
1405 3735 1481 3788 tam·

181 3844 268 3906 quam
297 3823 438 3884 uidelicet
466 3822 575 3882 dictum
604 3822 721 3884 inisset:
751 3822 841 3883 ‘nulli
869 3825 918 3902 qui
948 3827 1044 3885 uocati
1074 3834 1142 3886 sunt
1169 3824 1354 3904 gustabunt’.
1402 3827 1481 3889 Saue

179 3925 332 3987 selendum
357 3935 415 3993 est,
443 3924 520 4003 quod
549 3927 728 4003 quicumque
757 3922 830 3984 dicit
856 3927 961 3985 ‘nomo
984 3926 1140 4004 gustabit’,
1170 3945 1227 3988 uon
1251 3933 1351 4007 potest
1374 3941 1518 4009 repre-³⁶

85 4088 89 4094 ,
181 4027 269 4089 lrendi
293 4030 331 4087 ila
355 4028 519 4098 dumtaxat,
543 4029 568 4086 si
590 4024 774 4104 ‘gustabunt'
798 4025 856 4085 dici
880 4044 967 4104 posse
990 4044 1048 4086 non
1073 4037 1169 4106 negat.

266 4229 278 4311 l}
297 4229 369 4292 [9¹¹
388 4227 400 4311 d
424 4230 479 4290 ‘st’
502 4233 571 4292 licet
594 4232 778 4307 frequentius
800 4228 897 4290 trahat
919 4229 1156 4299 subiunctiuum,
1181 4230 1357 4308 frequenter
1380 4240 1481 4295 tamea

247 4450 438 4500 dsuulormet
489 4450 680 4514 locusglnmlls
732 4448 791 4500 uui
811 4450 887 4500 modo
959 4454 989 4501 13
1007 4450 1122 4500 exoletus
1140 4467 1171 4500 m.
1192 4450 1225 4499 ΙΙ
1241 4467 1377 4514 suprascr.
1453 4456 1484 4504 14

179 4520 328 4568 adolescens
346 4535 427 4582 supro
444 4521 511 4568 linea
529 4536 559 4568 m.
580 4519 612 4567 Il
683 4519 714 4568 18
732 4515 821 4581 quum]
841 4518 915 4580 qnasi
994 4520 1025 4568 19
1044 4518 1211 4567 rhethoricam
1281 4520 1313 4568 21
1335 4519 1483 4572 tmuiererrs

179 4590 212 4638 23
230 4599 340 4635 seemma
393 4587 479 4634 lexeos
547 4589 580 4635 tt>
599 4588 692 4634 obtime
710 4601 794 4634 scema
846 4589 878 4637 27
898 4583 993 4651 urbem]
1012 4586 1261 4650 Verg.Aen.1573
1326 4588 1484 4639 euSmns

178 4658 233 4704 siue
250 4657 389 4719 antiptosln
411 4657 466 4703 uiue
484 4671 585 4716 zerrgrnn
602 4670 658 4703 ease
676 4662 757 4718 putat.
827 4650 982 4718 Priscianus]
1004 4654 1035 4702 II
1051 4671 1077 4717 p.
1097 4656 1154 4712 187,
1175 4657 1206 4703 ts
1286 4656 1321 4705 30
1339 4656 1484 4707 circuitum

178 4757 212 4807 34
230 4757 274 4818 qni
293 4752 386 4818 noemi]
406 4771 470 4806 mon.
490 4753 504 4803 I
524 4756 567 4816 qui
585 4757 633 4805 cati
710 4757 742 4806 36
761 4729 844 4824 diget.
