3420 5378
563 279 602 332 nt
619 278 705 332 non.
723 281 850 333 sensu
867 280 1047 334 aaronem
1396 283 1460 350 245

165 471 234 550 qnia
257 468 380 532 Graecis
401 468 565 530 scribebat:
597 468 703 531 Graeci
726 462 804 530 enim
828 487 887 530 non
911 468 1023 531 hahent
1051 470 1231 541 ablatiuom,
1259 473 1311 535 sed
1340 491 1396 554 pro
1424 492 1460 536 eo

165 577 292 639 utuntur
318 571 466 650 genetiuo.
512 571 643 632 Donatus
670 589 758 640 uero,
787 572 854 651 quia
876 571 991 632 Latinis
1012 571 1175 642 scrihebat,
1200 593 1255 653 per
1279 574 1459 644 ablatiuum;

164 675 232 754 ipse
260 675 340 734 enim
369 673 507 751 proprius
535 681 580 733 est
606 671 743 742 Latinus,
773 673 852 734 unde
876 682 905 734 et
926 672 1048 735 Latinus
1070 684 1202 736 uocatur.
1247 676 1458 749 llumtaxat,
1473 693 1546 742 saar

164 774 342 836 aduerbium
365 781 410 834 est
432 773 596 835 affirmandi
613 782 640 835 et
658 775 804 852 significat
827 774 1063 835 ‘tantummodot
1110 774 1372 856 Quaecumque
1396 785 1549 840 no·³⁷⁸.⁵

138 878 273 937 emina.
318 874 463 954 Superius
485 875 617 952 dixerat,
646 878 743 937 omnia
772 878 892 937 nomina
921 877 1053 957 quinque
1080 876 1232 939 uocalibos
1253 881 1407 940 terminari
1429 881 1458 941 in

164 977 296 1041 ablatiuo
324 994 395 1039 casu
422 975 578 1054 singulari,
613 979 644 1038 in
674 976 731 1036 iltis
761 978 912 1046 nirlulieot,
948 995 1024 1056 quae
1053 995 1111 1039 non
1140 988 1210 1040 sunt
1237 988 1335 1061 aptota
1364 983 1384 1056 i·
1412 983 1459 1042 in·

164 1078 309 1147 casualia;
333 1076 421 1139 modo
444 1077 531 1139 docet
554 1078 591 1138 de
612 1079 706 1158 prima
732 1078 937 1146 rleelirratiorre,
962 1098 1039 1158 quae
1055 1082 1085 1162 in
1102 1099 1117 1140 a
1134 1075 1273 1142 terminat
1288 1081 1458 1154 ablatiuum,

164 1184 337 1263 genetiuom
361 1178 505 1260 pluralem
527 1181 558 1240 in
580 1198 648 1242 rum
679 1229 684 1242 .
720 1229 727 1241 .
763 1228 769 1241 .
805 1227 812 1241 .
848 1228 854 1240 .
884 1227 890 1240 .
919 1227 925 1240 .
954 1227 961 1241 .
996 1229 1003 1241 .
1032 1183 1186 1252 conuenit,
1209 1193 1243 1244 nt
1265 1183 1459 1259 declinentur,

163 1285 184 1345 i.
208 1282 407 1351 inflectantur,
431 1280 574 1360 quaedam
599 1283 717 1342 nomina
741 1290 843 1343 contra
866 1281 944 1342 hanc
966 1281 1100 1360 regulam
1130 1330 1138 1345 .
1173 1332 1179 1345 .
1215 1331 1221 1344 .
1258 1333 1264 1345 .
1300 1332 1306 1345 .
1341 1333 1348 1345 .
1376 1332 1383 1346 .
1412 1333 1418 1346 .

126 1401 153 1441 ro
174 1430 1454 1448 ...............................

164 1485 217 1547 tt
240 1485 307 1546 hoo
331 1503 418 1545 uase
441 1484 573 1545 horum
597 1503 770 1546 uasorum
794 1485 850 1546 his
874 1483 973 1546 etab
997 1484 1053 1546 his
1075 1488 1215 1548 uasis.
1251 1536 1256 1548 .
1292 1536 1299 1548 .
1335 1535 1342 1547 .
1378 1536 1383 1548 .
1413 1534 1419 1548 .
1447 1499 1563 1550 ,aran

165 1584 180 1670 ΙΙ
199 1584 260 1650 168
278 1583 290 1668 Η
315 1588 428 1665 antiqui
451 1586 612 1647 secundum
635 1588 783 1647 secundae
806 1585 1010 1648 declinationis
1033 1585 1168 1648 ordinem
1199 1587 1404 1666 proterebant,
1427 1596 1460 1649 ut

165 1689 224 1752 ltoc
244 1707 350 1751 nasum
373 1689 452 1758 uasi,
482 1688 559 1749 sient
586 1687 729 1766 templum
757 1688 874 1770 tempii,
905 1697 934 1749 et
961 1687 1030 1749 inde
1059 1699 1268 1751 remanserunt
1294 1691 1343 1752 isti
1365 1709 1459 1753 casus.

164 1793 223 1854 Vas
250 1788 389 1869 generale
417 1807 524 1851 nomen
554 1797 613 1861 est,
646 1801 691 1851 ut:
723 1791 844 1869 Super
873 1792 992 1853 omnia
1028 1808 1115 1852 uasa
1145 1790 1328 1852 utensiiia
1357 1795 1459 1854 scrita

126 1909 257 1956 taurea
280 1890 420 1954 bellica
443 1892 588 1954 dentur.
633 1891 669 1952 Si
693 1911 709 1952 e
731 1891 931 1972 producta,
955 1895 991 1952 in
1014 1910 1105 1956 rum.
1142 1891 1197 1952 llio
1212 1897 1306 1972 tangit
1328 1896 1459 1972 quintam
1473 1909 1562 1957 eremo

165 1994 405 2058 declinationem.
451 1993 548 2054 llaec
575 1993 704 2071 regula
734 2002 899 2071 putatur,
931 1995 952 2052 i·
975 1992 1146 2062 arbitratur,
1177 2013 1260 2056 esse
1290 1996 1561 2060 tonsuratores

164 2097 328 2177 generis.
372 2094 496 2155 Nomina
519 2096 640 2176 quintae
663 2092 868 2156 declinationis
891 2094 1025 2156 leminini
1045 2097 1165 2175 generis
1187 2105 1257 2157 sunt
1272 2107 1396 2176 excepto
1412 2097 1460 2159 die

165 2206 196 2261 et
223 2197 358 2259 meridie.
404 2197 485 2258 Vnde
515 2195 664 2272 quidam
694 2196 850 2266 dixerunt,
880 2215 944 2258 eam
982 2200 1185 2276 exceptionem
1215 2216 1230 2258 a
1260 2200 1354 2278 prima
1383 2217 1459 2265 esse.

165 2299 305 2366 Cladis,
335 2299 444 2360 dieitur
473 2296 639 2376 pestilentia
669 2296 716 2358 uel
740 2297 917 2367 mortalitas,
948 2297 1018 2360 inde
1040 2299 1155 2378 gladius
1177 2302 1262 2377 quasi
1285 2301 1420 2363 ‘eladius'
1443 2316 1561 2365 aereos

125 2401 265 2472 nendo,
289 2419 376 2482 quam
399 2400 478 2461 lacit.
524 2399 666 2470 liestis,
691 2408 736 2460 est
757 2399 909 2461 uinculum
926 2419 942 2461 a
958 2401 1114 2461 retinendo
1138 2401 1215 2462 dicta
1238 2401 1285 2464 uel
1306 2412 1561 2470 arcionensis

164 2503 248 2566 Licet
269 2504 416 2584 ‘puppim’
440 2503 565 2563 ‘nanim’
588 2500 795 2564 debuIssemus
816 2500 931 2571 dicere,
954 2510 1052 2562 tamen
1076 2505 1239 2583 ‘puppem'
1263 2505 1407 2567 ‘tranem’
1431 2513 1460 2565 et

103 2613 105 2616 ‘
164 2613 264 2668 cetera
281 2604 407 2665 dicimus
423 2602 470 2664 uel
486 2602 677 2683 proferimus.
712 2600 969 2681 Quaecumque
993 2603 1331 2666 nominaolittera.
1369 2604 1560 2671 dlodoers,eo

164 2706 203 2769 de
217 2705 347 2769 secunda
363 2704 559 2767 declinatione
576 2705 662 2766 docet
677 2706 829 2783 magister.
855 2704 963 2768 Contra
979 2704 1055 2765 hanc
1071 2704 1202 2782 reguiam
1219 2704 1362 2784 quaedam
1378 2714 1457 2776 sunt,

163 2811 234 2890 qula
256 2826 316 2870 non
339 2809 450 2868 iaciunt
473 2807 594 2868 ‘domis’
617 2807 765 2884 ingeris.
805 2807 914 2867 liornus
930 2813 960 2866 et
974 2806 1124 2867 secundae
1140 2816 1169 2868 et
1184 2816 1307 2884 quartae
1323 2816 1369 2870 est
1384 2810 1457 2869 etin

126 2919 291 2989 mnusque
313 2908 474 2970 ‘domibus'
497 2909 575 2969 lacit.
621 2908 825 2969 Terentius
847 2907 884 2969 de
907 2907 1050 2969 secunda:

382 3011 484 3073 Domi
506 3011 657 3089 locique
680 3012 734 3070 lac
757 3011 927 3071 uicissim
952 3017 988 3071 ut
1011 3011 1232 3073 memineris.

164 3113 308 3178 Similiter
323 3122 443 3174 ueteres
458 3113 555 3190 ‘inger
570 3113 692 3190 iugeris'
717 3120 746 3172 et
767 3114 915 3187 ‘iugerum
938 3113 1055 3189 iugeri'.
1101 3094 1239 3191 lu‘gerum
1264 3121 1309 3173 ost
1329 3113 1458 3193 spatium

162 3225 278 3285 terrae,
314 3224 457 3295 quantum
488 3231 542 3292 par
572 3211 660 3274 boum
690 3229 775 3274 arare
805 3213 834 3274 in
863 3212 911 3274 die
945 3223 1076 3294 possunt.
1131 3215 1278 3284 Verum,
1308 3233 1364 3293 pro
1394 3214 1457 3281 sed.

163 3318 461 3384 lleminerimus,
498 3318 523 3376 i·
556 3313 759 3379 recordemur.
814 3315 851 3377 ln
890 3316 1138 3385 dictionibus,
1183 3317 1207 3375 i·
1242 3317 1272 3376 in
1311 3315 1581 3395 partibus.srs‚aa

123 3419 413 3500 adoptantem,
440 3418 466 3477 i·
495 3417 604 3478 bonam
631 3418 831 3478 sonoritatem.
883 3416 995 3486 Quam
1024 3415 1247 3493 analogiam,
1276 3417 1302 3477 i·
1331 3435 1457 3497 propor-

164 3523 283 3584 tlonem.
307 3516 309 3519 ’
334 3520 375 3581 Et
403 3526 693 3599 praeceptorum
721 3517 898 3596 regulam.
948 3519 1180 3598 Praeceptorum
1209 3517 1310 3598 regula
1339 3527 1397 3586 est,
1425 3524 1459 3580 ut

162 3623 333 3686 diceremus
355 3621 401 3684 his
424 3621 542 3682 ‘domis’
566 3628 596 3681 et
618 3621 767 3698 ingeris,
792 3620 843 3682 sed
866 3622 933 3700 quia
958 3619 1104 3701 euphonia
1127 3619 1194 3700 plus
1217 3619 1308 3689 ualet,
1332 3619 1458 3681 dicimus

163 3724 211 3787 lris
225 3723 385 3787 ‘domibus’
402 3731 431 3783 et
446 3721 632 3800 iugeribus&
652 3757 686 3765 -
712 3722 865 3784 ‘artubus’
881 3723 1059 3784 necessitate
1075 3721 1214 3793 dicimus,
1232 3725 1316 3803 quia,
1338 3724 1364 3782 si
1378 3721 1457 3782 dice·
1471 3740 1500 3785 er.
1513 3742 1583 3793 area

162 3845 264 3888 ramos
287 3824 445 3894 ‘artibus',
469 3824 623 3885 uideretur
645 3823 829 3886 descendere
851 3823 943 3884 abeo
965 3825 1109 3893 nomine,
1129 3824 1209 3903 quod
1237 3832 1282 3885 est
1303 3841 1350 3885 ars
1373 3824 1457 3884 artis:

166 3963 389 3973 .-..----...-...

230 4030 246 4081 8
264 4030 329 4080 Post
345 4027 469 4094 pluralem
487 4029 513 4077 in
531 4042 587 4076 rum
606 4029 655 4079 duo
671 4027 729 4091 sere
747 4026 870 4077 uocabulo
887 4033 1056 4086 eaanoeruot,
1075 4026 1139 4090 sort.
1158 4026 1241 4076 mittit.
1262 4040 1366 4075 necesse
1383 4026 1456 4076 esti.

162 4099 179 4149 9
197 4098 327 4148 inllectaot
382 4097 446 4148 Poat
463 4095 578 4162 regulam
596 4098 693 4160 aliquot
709 4097 792 4145 tineae
808 4095 944 4159 putredine
963 4096 1092 4144 extinctae
1110 4100 1184 4159 spart·
1202 4096 1260 4145 item
1276 4096 1378 4144 litterae
1395 4110 1457 4144 non·

162 4167 246 4216 ardiae
261 4172 322 4231 post
340 4165 409 4214 uasis
428 4179 505 4214 nerui
521 4165 645 4229 sequenti.
716 4165 745 4212 11
765 4163 797 4211 ab
816 4161 856 4211 nis
874 4162 957 4212 uasis.
969 4198 975 4210 .
986 4199 991 4210 .
1002 4159 1025 4227 .]
1047 4161 1105 4212 ideo
1124 4160 1173 4210 lroe
1191 4161 1219 4211 dt
1236 4161 1297 4224 qnia
1315 4162 1456 4224 antiquitus

161 4233 275 4284 secunde
297 4233 475 4283 declinationis
498 4231 637 4282 secundum
661 4231 775 4281 ordinem
793 4229 957 4295 prolerebant
973 4229 1099 4293 Bemipius
1116 4230 1173 4280 rod.
1192 4228 1274 4280 Bern.
1294 4230 1383 4292 aser.
1403 4226 1456 4279 30b

162 4303 196 4352 14
214 4315 265 4352 non
284 4297 334 4366 est]
354 4315 447 4350 nomen
465 4311 505 4350 est
522 4314 646 4365 super-
658 4299 747 4349 bellica
764 4299 883 4348 dicrmtur
900 4297 1028 4363 Remipius
1045 4296 1126 4347 Beria.
1146 4299 1162 4350 l.
1181 4300 1197 4346 i.
1267 4299 1301 4350 25
1309 4293 1454 4363 Terentius]

162 4369 232 4421 Eme.
244 4368 290 4420 IV
303 4373 326 4431 7,
338 4371 371 4419 45
440 4370 472 4419 29
491 4364 696 4432 meminerimus]
716 4368 750 4430 ef.
769 4367 835 4417 Dora.
852 4381 878 4430 p.
899 4368 958 4426 379,
978 4367 995 4413 2
1012 4380 1066 4415 cion
1083 4366 1172 4417 adnot.
1191 4364 1272 4415 Keilii
1279 4395 1281 4397 -

162 4554 209 4607 per
220 4539 358 4590 abiaticum
371 4553 459 4589 casum
473 4536 655 4587 declinationes
669 4536 750 4586 uoluit
762 4534 895 4585 ostendere
907 4543 934 4584 et
946 4548 996 4583 non
1009 4548 1056 4599 per
1067 4533 1209 4599 genitinum
1221 4544 1249 4582 nt
1260 4533 1456 4593 Priscianus,

162 4608 209 4658 sed
225 4607 373 4658 Priscianus
392 4605 501 4657 Graecos
525 4606 637 4654 imitatos
661 4616 699 4653 est
722 4605 764 4667 qui
783 4602 921 4652 oblatiunm
941 4616 992 4650 ιιοιι
1015 4601 1120 4660 habent,
1144 4601 1190 4651 sed
1212 4615 1260 4667 pro
1278 4601 1322 4650 illo
1341 4601 1456 4666 genitiuo

161 4685 276 4736 mutor,
293 4674 410 4726 Donatus
429 4688 490 4723 nero
509 4674 570 4736 quie
588 4671 686 4723 Latinis
704 4671 842 4734 scribebat,
861 4685 911 4721 non
929 4683 975 4736 per
996 4670 1155 4735 genetiunm,
1179 4669 1226 4720 ssd
1249 4684 1295 4735 per
1316 4669 1455 4720 ablatinnm

160 4756 223 4823 suas
240 4742 423 4795 declinationes
441 4742 561 4793 ostendit.
