3420 5378
749 200 956 246 —1x-

205 369 333 435 asseclis
363 372 485 433 ceteros
512 368 712 432 saeculorum
742 369 848 433 octaui
869 369 949 433 noni
972 368 1086 433 decimi
1109 375 1255 435 auctores
1277 372 1503 454 grammaticos

206 501 245 544 ex
273 480 479 563 antiquorum
507 478 653 543 fontibus
679 479 826 543 licentius
849 501 946 563 quarn
967 479 1091 544 cautius
1113 479 1256 545 hausisse
1278 484 1396 565 pateat.
1441 479 1504 546 Sed

205 594 305 655 utne
326 589 389 654 hoc
411 588 539 672 quidem
562 590 754 673 scriptorum
771 609 879 674 >genus
901 589 996 673 plane
1019 591 1144 655 abesset
1165 612 1184 655 1
1204 594 1317 657 nostro
1339 591 1503 675 opusculo,

206 701 324 765 librum
339 699 547 764 Turioensem
562 699 588 766 G
602 700 644 765 58
661 700 752 785 (275)
767 699 918 764 Eduardo
930 698 1120 765 Woelfflino
1135 704 1266 766 auctore
1289 701 1504 766 describentes

204 811 334 876 tertiam
355 811 422 875 fere
437 813 562 893 partem
576 811 683 894 operis
698 834 718 875 a
731 810 828 875 Petro
844 809 928 895 Riga
942 810 981 875 de
995 810 1242 895 praeteritorum
1258 811 1371 877 formis
1391 810 1513 897 scripti

206 920 430 1005 excerpsimus.

291 1030 360 1095 Iam
388 1030 475 1114 quod
496 1029 560 1094 alia
587 1032 707 1115 scripta
733 1031 861 1115 integra
887 1030 923 1094 in
950 1031 1037 1095 hunc
1066 1031 1183 1096 librum
1210 1033 1332 1117 recepi,
1366 1033 1502 1098 aliorum

205 1141 352 1227 singulos
373 1141 462 1206 locos
484 1144 642 1227 excerpsi,
667 1144 794 1226 praeter
809 1162 937 1205 eausam
951 1163 1047 1225 supra
1066 1140 1199 1227 dictam,
1222 1144 1385 1227 quainter
1400 1146 1503 1209 certos

205 1274 256 1318 me
284 1252 364 1316 fines
392 1252 557 1348 continere
585 1253 737 1336 cogebar,
772 1273 810 1316 1ο
844 1250 983 1316 ducebar
1015 1252 1165 1335 consilio,
1200 1256 1251 1336 ut,
1286 1253 1363 1337 quid
1389 1276 1502 1318 1111111-

205 1354 356 1448 quodque
377 1361 528 1427 utilitatis
549 1362 667 1427 habere
689 1362 866 1444 uideretur,
894 1383 953 1445 pro
981 1362 1068 1426 uirili
1090 1365 1180 1446 parte
1203 1365 1385 1429 examinato
1408 1363 1503 1428 relin-

205 1495 351 1559 querem,
375 1494 584 1556 quaecunque
598 1473 640 1566 in
662 1473 857 1554 tritioribus,
880 1493 976 1555 quam
998 1494 1080 1556 quae
1101 1473 1179 1537 ferri
1193 1474 1343 1559 typisque
1358 1473 1502 1540 mandari

205 1588 352 1670 possent,
385 1583 480 1648 rebus
509 1582 771 1668 argumentisque
801 1585 1014 1647 uersarentur.
1063 1582 1162 1647 Cuius
1189 1585 1317 1668 generis
1344 1585 1372 1649 si
1400 1585 1435 1649 in
1464 1585 1503 1649 iis

206 1717 350 1780 quoque,
372 1715 454 1778 quae
476 1693 628 1777 produxi,
650 1693 809 1758 nonnulla
830 1693 970 1757 inueniri
992 1692 1188 1777 iudicentur,
1212 1716 1265 1778 ec,
1292 1695 1348 1760 ubi
1370 1717 1503 1779 opuscu-

204 1806 326 1891 lorum,
355 1804 394 1868 de
417 1804 533 1893 quibus
554 1803 724 1889 agebatur,
748 1806 955 1887 conspectum
977 1804 1163 1869 uniuersum
1184 1806 1324 1890 proponi
1347 1806 1442 1870 certis
1465 1806 1502 1869 de

205 1916 308 1981 causis
337 1937 354 1980 e
382 1936 417 1979 re
445 1913 515 1979 fore
542 1913 724 1998 uidebatur,
756 1913 844 1978 facili
871 1913 980 1979 animo
1009 1915 1122 1979 ceteris
1149 1916 1320 1980 immisceri
1347 1915 1502 2000 patiebar.

204 2027 359 2111 Excerpsi
387 2029 494 2090 autem
522 2047 561 2089 ex
583 2025 705 2089 artibus
727 2025 882 2090 hactenus
903 2025 1093 2111 incognitis,
1122 2047 1203 2109 quae
1232 2027 1274 2090 ob
1301 2048 1408 2091 rerum
1430 2026 1502 2090 uili-

204 2141 304 2202 tatem
332 2135 520 2220 uaframque
547 2134 729 2219 exponendi
756 2135 975 2220 prolixitatem
1003 2136 1147 2221 integrae
1175 2136 1319 2201 exhiberi
1345 2159 1413 2202 non
1445 2159 1500 2220 po·

204 2251 326 2330 terant,
349 2268 460 2312 omnes
482 2246 555 2310 illos
576 2246 680 2329 locos,
703 2247 819 2330 quibus
840 2246 881 2311 ad
902 2246 1056 2312 maiorem
1078 2267 1146 2311 sese
1168 2247 1321 2331 cuiusque
1336 2248 1501 2332 scriptoris

160 2378 169 2389 ·
204 2359 372 2444 ingenium
394 2357 573 2422 doctrinam
595 2357 754 2421 extulerat
774 2360 831 2421 aut
852 2361 997 2422 ueterum
1018 2361 1189 2441 praecepta
1209 2357 1317 2423 minus
1335 2357 1501 2443 diuulgata

204 2468 372 2533 referendo
400 2472 457 2532 aut
483 2468 699 2554 singularibus
726 2472 893 2553 poetarum
921 2467 1121 2551 aliorumque
1147 2468 1301 2551 exemplis
1334 2490 1403 2533 rem
1429 2467 1501 2531 illu·

204 2579 346 2645 strando.
390 2578 518 2662 Itaque,
546 2582 584 2642 ut
610 2600 676 2644 uno
704 2577 850 2663 exemplo
878 2578 939 2643 bac
966 2600 1001 2643 re
1030 2577 1202 2663 defungar,
1230 2600 1303 2643 oum
1326 2577 1500 2644 Clementis

204 2691 260 2774 qui
283 2692 417 2754 uocetur
432 2687 520 2754 Secti
534 2692 635 2754 artem
651 2688 769 2754 codicis
784 2688 957 2753 Bernensis
975 2688 1034 2753 123
1049 2687 1071 2753 f.
1091 2690 1106 2751 1
1123 2710 1200 2772 seq,
1223 2711 1319 2772 quam
1340 2689 1500 2772 integram

205 2800 298 2865 edere
312 2800 419 2863 minus
434 2798 512 2863 utile
527 2798 710 2882 uidebatur,
732 2799 791 2863 tali
812 2799 947 2864 consilio
966 2819 1200 2882 percurrerem,
1223 2790 1322 2862 Probi
1343 2797 1502 2862 nonnulla

204 2915 301 2994 atque
324 2908 428 2994 Sergii
456 2908 656 2993 aliorumque
684 2911 851 2975 auctorum
879 2910 987 2993 aliqua
1013 2908 1169 2974 hactenus
1196 2908 1363 2995 incognita
1384 2908 1500 2993 collegi

204 3022 348 3085 uirorum
375 3020 543 3085 doctorum
569 3019 750 3085 attentione
776 3042 845 3084 non
872 3019 1014 3105 indigna.
1061 3019 1090 3084 E
1118 3023 1231 3085 contra
1258 3022 1440 3084 commenta
1465 3019 1501 3084 in

204 3131 370 3197 Donatum
391 3130 609 3195 Einsidlensia
629 3131 692 3195 tria
713 3130 786 3195 ideo
807 3130 848 3194 ad
870 3129 987 3195 codicis
1009 3129 1105 3194 fidem
1127 3131 1254 3215 integra
1280 3129 1435 3214 expressi,
1463 3132 1501 3193 ut

205 3264 270 3307 uno
286 3242 432 3325 exemplo
447 3241 568 3326 insigni
583 3245 679 3324 atque
694 3241 858 3306 luculento
873 3240 1040 3325 proposito
1054 3244 1160 3305 totum
1179 3238 1259 3304 illud
1273 3238 1499 3325 Remigianum

205 3351 385 3437 explicandi
407 3372 509 3436 genus
535 3351 738 3417 illustrarem.

289 3461 352 3527 Sed
379 3484 420 3526 ne
448 3461 531 3526 hanc
559 3462 689 3546 quidem
723 3482 868 3545 operam,
905 3462 1054 3547 quotiens
1086 3459 1215 3546 singula
1246 3463 1499 3545 perscrutantem

174 3581 179 3589 '
204 3574 375 3639 laetiorum
389 3571 553 3637 fructuum
568 3595 640 3657 spes
655 3572 749 3637 initio
765 3576 912 3657 suscepta
932 3572 1079 3658 fallebat,
1101 3573 1230 3657 penitus
1251 3593 1303 3636 me
1324 3569 1499 3655 perdidisse
1545 3631 1551 3647 ,

105 3770 108 3775 ¹
204 3684 374 3767 ducebam,
402 3687 572 3768 propterca
599 3683 700 3767 quod,
732 3683 787 3767 qui
815 3683 906 3748 labor
933 3683 1044 3767 utique
1072 3684 1173 3748 serius
1200 3682 1289 3748 ocius
1316 3679 1499 3746 subeundus

204 3799 287 3878 erat,
313 3797 365 3877 ut,
393 3793 420 3857 si
443 3792 615 3876 quidinde
640 3792 882 3878 adaugendam
904 3794 1083 3859 litterarum
1105 3793 1272 3859 scientiam
1292 3791 1360 3876 peti
1382 3793 1499 3874 posset,

204 3904 377 3989 diligenter
404 3903 542 3985 uideres,
570 3903 633 3968 hoc
659 3926 711 3968 me
739 3904 926 3969 defimctiun
954 3926 1021 3969 esse
1048 3927 1117 3970 non
1143 3904 1212 3968 sine
1240 3901 1378 3987 quadam
1399 3900 1499 3965 animi

204 4015 328 4080 laetitia
348 4014 534 4079 sentiebam.
579 4013 640 4078 Est
660 4037 737 4080 sane
759 4036 935 4100 permagna
956 4016 1072 4079 artium
1094 4015 1151 4079 illa
1177 4018 1281 4079 aetate
1309 4012 1499 4096 scriptarum

205 4148 278 4210 pars
306 4125 352 4190 ita
378 4127 567 4208 conparata,
601 4128 638 4189 ut
668 4146 707 4189 ex
735 4147 843 4190 earum
870 4125 1057 4210 cognitione
1084 4125 1157 4210 plus
1185 4123 1282 4189 taedii
1308 4145 1498 4206 concoquas,

206 4257 303 4320 quam
325 4235 466 4300 laetitiae
488 4235 660 4318 percipias,
683 4234 739 4299 sed
754 4236 865 4301 insunt
878 4236 1013 4319 passim,
1036 4257 1117 4319 quac
1132 4235 1245 4300 tollere
1262 4234 1342 4299 uelis
1357 4232 1500 4297 melioris

205 4349 301 4410 notae
323 4345 475 4428 frustula,
498 4366 692 4428 quamquam
714 4345 851 4410 multum
872 4347 976 4429 abest,
1000 4350 1036 4411 ut
1054 4345 1190 4410 iuuenili
1204 4345 1261 4410 illo
1277 4343 1421 4429 quidem,
1444 4340 1499 4406 sed

204 4455 384 4520 excusando
413 4455 532 4539 Angeli
560 4453 639 4520 Maii
666 4478 791 4537 amore,
820 4478 883 4539 quo
911 4456 1039 4521 futilem
1060 4456 1198 4542 Vergilii
1226 4453 1370 4520 Maronis
1397 4456 1498 4518 artem

204 4571 288 4632 auct.
309 4566 414 4631 Vatic.
442 4574 520 4631 tom.
543 4565 573 4630 V
596 4567 695 4649 praef.
724 4589 755 4650 p.
779 4566 824 4631 VI
853 4567 1018 4651 amplexus
1047 4572 1110 4651 est,
1142 4567 1251 4632 omnia
1276 4562 1499 4650 prosequenda
