<?xml version="1.0" encoding="UTF-8"?>
<!DOCTYPE html PUBLIC "-//W3C//DTD XHTML 1.0 Transitional//EN"
    "http://www.w3.org/TR/xhtml1/DTD/xhtml1-transitional.dtd">
<html xmlns="http://www.w3.org/1999/xhtml" xml:lang="en" lang="en">
 <head>
  <title>
</title>
<meta http-equiv="Content-Type" content="text/html;charset=utf-8" />
  <meta name='ocr-system' content='tesseract 3.04.00' />
  <meta name='ocr-capabilities' content='ocr_page ocr_carea ocr_par ocr_line ocrx_word'/>
</head>
<body>
  <div class='ocr_page' id='page_1' title='image "./grammaticilatin04keilgoog/grammaticilatin04keilgoog_0108.png"; bbox 0 0 3420 5378; ppageno 0'>
   <div class='ocr_carea' id='block_1_1' title="bbox 429 253 1422 318">
    <p class='ocr_par' dir='ltr' id='par_1_1' title="bbox 429 253 1422 318">
     <span class='ocr_line' id='line_1_1' title="bbox 429 253 1422 318; baseline 0.013 -12"><span class='ocrx_word' id='word_1_1' title='bbox 429 256 478 306; x_wconf 80' lang='lat' dir='ltr'><em>DE</em></span> <span class='ocrx_word' id='word_1_2' title='bbox 497 254 673 307; x_wconf 67' lang='lat' dir='ltr'><em>venemo</em></span> <span class='ocrx_word' id='word_1_3' title='bbox 692 254 842 307; x_wconf 68' lang='lat' dir='ltr'><em>Masone</em></span> <span class='ocrx_word' id='word_1_4' title='bbox 861 253 1111 308; x_wconf 78' lang='lat' dir='ltr'>GRAMMATICO.</span> <span class='ocrx_word' id='word_1_5' title='bbox 1350 270 1422 318; x_wconf 81' lang='lat' dir='ltr'><em>cvn</em></span> 
     </span>
    </p>
   </div>
   <div class='ocr_carea' id='block_1_2' title="bbox 131 444 1425 520">
    <p class='ocr_par' dir='ltr' id='par_1_2' title="bbox 131 444 1425 520">
     <span class='ocr_line' id='line_1_2' title="bbox 131 444 1425 520; baseline 0.002 -18"><span class='ocrx_word' id='word_1_6' title='bbox 131 444 270 504; x_wconf 86' lang='lat' dir='ltr'><em>Maronis</em></span> <span class='ocrx_word' id='word_1_7' title='bbox 284 445 375 520; x_wconf 89' lang='lat' dir='ltr'><em>copia</em></span> <span class='ocrx_word' id='word_1_8' title='bbox 390 446 569 505; x_wconf 87' lang='lat' dir='ltr'><em>eruditionis</em></span> <span class='ocrx_word' id='word_1_9' title='bbox 579 448 805 520; x_wconf 79' lang='lat' dir='ltr'><em>pereprinonue</em></span> <span class='ocrx_word' id='word_1_10' title='bbox 819 447 988 519; x_wconf 84' lang='lat' dir='ltr'><em>mapisterii</em></span> <span class='ocrx_word' id='word_1_11' title='bbox 999 462 1112 520; x_wconf 80' lang='lat' dir='ltr'><em>penere</em></span> <span class='ocrx_word' id='word_1_12' title='bbox 1127 446 1281 506; x_wconf 88' lang='lat' dir='ltr'><em>delectato.</em></span> <span class='ocrx_word' id='word_1_13' title='bbox 1318 445 1425 516; x_wconf 72' lang='lat' dir='ltr'><em>(lnam</em></span> 
     </span>
    </p>
   </div>
   <div class='ocr_carea' id='block_1_3' title="bbox 16 548 1426 623">
    <p class='ocr_par' dir='ltr' id='par_1_3' title="bbox 16 548 1426 623">
     <span class='ocr_line' id='line_1_3' title="bbox 16 548 1426 623; baseline 0.004 -22"><span class='ocrx_word' id='word_1_14' title='bbox 16 588 20 601; x_wconf 88' lang='lat'>.</span> <span class='ocrx_word' id='word_1_15' title='bbox 130 562 222 622; x_wconf 77' lang='lat' dir='ltr'><em>qinom</em></span> <span class='ocrx_word' id='word_1_16' title='bbox 243 548 322 607; x_wconf 78' lang='lat' dir='ltr'><em>entim</em></span> <span class='ocrx_word' id='word_1_17' title='bbox 344 548 438 607; x_wconf 87' lang='lat' dir='ltr'><em>multa</em></span> <span class='ocrx_word' id='word_1_18' title='bbox 459 555 528 606; x_wconf 76' lang='lat' dir='ltr'><em>ssent</em></span> <span class='ocrx_word' id='word_1_19' title='bbox 545 564 675 622; x_wconf 89' lang='lat' dir='ltr'><em>prorsus</em></span> <span class='ocrx_word' id='word_1_20' title='bbox 696 549 878 622; x_wconf 86' lang='lat' dir='ltr'><em>respuenda,</em></span> <span class='ocrx_word' id='word_1_21' title='bbox 904 555 1002 606; x_wconf 88' lang='lat' dir='ltr'><em>tamen</em></span> <span class='ocrx_word' id='word_1_22' title='bbox 1019 549 1165 607; x_wconf 86' lang='lat' dir='ltr'><em>nonnulla</em></span> <span class='ocrx_word' id='word_1_23' title='bbox 1187 549 1231 607; x_wconf 90' lang='lat' dir='ltr'><em>ita</em></span> <span class='ocrx_word' id='word_1_24' title='bbox 1253 554 1426 623; x_wconf 84' lang='lat' dir='ltr'><em>conparata</em></span> 
     </span>
    </p>
   </div>
   <div class='ocr_carea' id='block_1_4' title="bbox 127 649 1428 2764">
    <p class='ocr_par' dir='ltr' id='par_1_4' title="bbox 127 649 1428 2764">
     <span class='ocr_line' id='line_1_4' title="bbox 130 649 1425 725; baseline -0.002 -15"><span class='ocrx_word' id='word_1_25' title='bbox 130 656 209 722; x_wconf 85' lang='lat' dir='ltr'><em>sunt,</em></span> <span class='ocrx_word' id='word_1_26' title='bbox 236 656 268 708; x_wconf 90' lang='lat' dir='ltr'><em>ut</em></span> <span class='ocrx_word' id='word_1_27' title='bbox 288 650 420 725; x_wconf 87' lang='lat' dir='ltr'><em>probari</em></span> <span class='ocrx_word' id='word_1_28' title='bbox 435 650 552 724; x_wconf 87' lang='lat' dir='ltr'><em>possint</em></span> <span class='ocrx_word' id='word_1_29' title='bbox 574 650 623 708; x_wconf 90' lang='lat' dir='ltr'><em>uel</em></span> <span class='ocrx_word' id='word_1_30' title='bbox 644 651 744 708; x_wconf 89' lang='lat' dir='ltr'><em>sattim</em></span> <span class='ocrx_word' id='word_1_31' title='bbox 767 649 904 722; x_wconf 84' lang='lat' dir='ltr'><em>intellepi</em></span> <span class='ocrx_word' id='word_1_32' title='bbox 923 654 1063 722; x_wconf 87' lang='lat' dir='ltr'><em>respecta</em></span> <span class='ocrx_word' id='word_1_33' title='bbox 1085 650 1204 708; x_wconf 89' lang='lat' dir='ltr'><em>illorum</em></span> <span class='ocrx_word' id='word_1_34' title='bbox 1227 650 1332 724; x_wconf 76' lang='lat' dir='ltr'><em>artibus</em></span> <span class='ocrx_word' id='word_1_35' title='bbox 1353 651 1425 708; x_wconf 86' lang='lat' dir='ltr'><em>Ver-</em></span> 
     </span>
     <span class='ocr_line' id='line_1_5' title="bbox 129 750 1426 835; baseline -0.002 -24"><span class='ocrx_word' id='word_1_36' title='bbox 129 754 221 827; x_wconf 80' lang='lat' dir='ltr'><em>pilius</em></span> <span class='ocrx_word' id='word_1_37' title='bbox 243 753 323 812; x_wconf 79' lang='lat' dir='ltr'><em>uixit</em></span> <span class='ocrx_word' id='word_1_38' title='bbox 350 761 516 826; x_wconf 89' lang='lat' dir='ltr'><em>temporum</em></span> <span class='ocrx_word' id='word_1_39' title='bbox 546 752 671 811; x_wconf 88' lang='lat' dir='ltr'><em>dicendi</em></span> <span class='ocrx_word' id='word_1_40' title='bbox 696 750 927 835; x_wconf 82' lang='lat' dir='ltr'><em>consuetudine,</em></span> <span class='ocrx_word' id='word_1_41' title='bbox 958 752 1041 810; x_wconf 88' lang='lat' dir='ltr'><em>uelut</em></span> <span class='ocrx_word' id='word_1_42' title='bbox 1067 767 1145 826; x_wconf 87' lang='lat' dir='ltr'><em>quae</em></span> <span class='ocrx_word' id='word_1_43' title='bbox 1165 768 1201 826; x_wconf 90' lang='lat' dir='ltr'><em>p.</em></span> <span class='ocrx_word' id='word_1_44' title='bbox 1227 757 1282 811; x_wconf 80' lang='lat'><em>100</em></span> <span class='ocrx_word' id='word_1_45' title='bbox 1302 769 1364 826; x_wconf 78' lang='lat' dir='ltr'><em>seq.</em></span> <span class='ocrx_word' id='word_1_46' title='bbox 1388 750 1426 809; x_wconf 93' lang='lat' dir='ltr'><em>de</em></span> 
     </span>
     <span class='ocr_line' id='line_1_6' title="bbox 127 853 1426 929; baseline -0.002 -16"><span class='ocrx_word' id='word_1_47' title='bbox 127 856 299 929; x_wconf 79' lang='lat' dir='ltr'><em>plionorum</em></span> <span class='ocrx_word' id='word_1_48' title='bbox 326 855 551 912; x_wconf 84' lang='lat' dir='ltr'><em>scinderetione</em></span> <span class='ocrx_word' id='word_1_49' title='bbox 577 853 736 929; x_wconf 84' lang='lat' dir='ltr'><em>dicuntur,</em></span> <span class='ocrx_word' id='word_1_50' title='bbox 770 854 879 928; x_wconf 90' lang='lat' dir='ltr'><em>optime</em></span> <span class='ocrx_word' id='word_1_51' title='bbox 905 854 1102 927; x_wconf 78' lang='lat' dir='ltr'><em>explicantur</em></span> <span class='ocrx_word' id='word_1_52' title='bbox 1128 854 1265 912; x_wconf 90' lang='lat' dir='ltr'><em>carmine</em></span> <span class='ocrx_word' id='word_1_53' title='bbox 1292 853 1426 927; x_wconf 73' lang='lat' dir='ltr'><em>Js&#39;upertii</em></span> 
     </span>
     <span class='ocr_line' id='line_1_7' title="bbox 134 954 1426 1030; baseline -0.001 -16"><span class='ocrx_word' id='word_1_54' title='bbox 134 954 281 1027; x_wconf 78' lang='lat' dir='ltr'><em>Toletani,</em></span> <span class='ocrx_word' id='word_1_55' title='bbox 305 954 387 1029; x_wconf 83' lang='lat' dir='ltr'><em>quod</em></span> <span class='ocrx_word' id='word_1_56' title='bbox 403 963 488 1029; x_wconf 90' lang='lat' dir='ltr'><em>patr.</em></span> <span class='ocrx_word' id='word_1_57' title='bbox 512 955 559 1014; x_wconf 90' lang='lat' dir='ltr'><em>ed.</em></span> <span class='ocrx_word' id='word_1_58' title='bbox 583 955 681 1028; x_wconf 80' lang='lat' dir='ltr'><em>Lupd.</em></span> <span class='ocrx_word' id='word_1_59' title='bbox 705 962 775 1014; x_wconf 91' lang='lat' dir='ltr'><em>tom.</em></span> <span class='ocrx_word' id='word_1_60' title='bbox 799 955 868 1014; x_wconf 84' lang='lat' dir='ltr'><em>XII</em></span> <span class='ocrx_word' id='word_1_61' title='bbox 886 973 918 1030; x_wconf 92' lang='lat' dir='ltr'><em>p.</em></span> <span class='ocrx_word' id='word_1_62' title='bbox 943 960 1004 1013; x_wconf 71' lang='lat'><em>348</em></span> <span class='ocrx_word' id='word_1_63' title='bbox 1025 956 1146 1028; x_wconf 74' lang='lat' dir='ltr'><em>lenitur.</em></span> <span class='ocrx_word' id='word_1_64' title='bbox 1186 955 1319 1027; x_wconf 85' lang='lat' dir='ltr'><em>Accedit,</em></span> <span class='ocrx_word' id='word_1_65' title='bbox 1344 956 1426 1029; x_wconf 81' lang='lat' dir='ltr'><em>quod</em></span> 
     </span>
     <span class='ocr_line' id='line_1_8' title="bbox 137 1056 1425 1131; baseline -0.002 -14"><span class='ocrx_word' id='word_1_66' title='bbox 137 1058 266 1130; x_wconf 81' lang='lat' dir='ltr'><em>Verpitii</em></span> <span class='ocrx_word' id='word_1_67' title='bbox 290 1059 485 1130; x_wconf 74' lang='lat' dir='ltr'><em>arammatici</em></span> <span class='ocrx_word' id='word_1_68' title='bbox 510 1058 720 1116; x_wconf 88' lang='lat' dir='ltr'><em>auctoritatem</em></span> <span class='ocrx_word' id='word_1_69' title='bbox 753 1056 839 1131; x_wconf 91' lang='lat' dir='ltr'><em>opud</em></span> <span class='ocrx_word' id='word_1_70' title='bbox 870 1057 1012 1131; x_wconf 80' lang='lat' dir='ltr'><em>aequales</em></span> <span class='ocrx_word' id='word_1_71' title='bbox 1044 1063 1239 1130; x_wconf 78' lang='lat' dir='ltr'><em>posterosque</em></span> <span class='ocrx_word' id='word_1_72' title='bbox 1266 1072 1326 1115; x_wconf 88' lang='lat' dir='ltr'><em>non</em></span> <span class='ocrx_word' id='word_1_73' title='bbox 1349 1057 1425 1115; x_wconf 81' lang='lat' dir='ltr'><em>nileil</em></span> 
     </span>
     <span class='ocr_line' id='line_1_9' title="bbox 132 1158 1424 1233; baseline -0.002 -14"><span class='ocrx_word' id='word_1_74' title='bbox 132 1161 262 1220; x_wconf 79' lang='lat' dir='ltr'><em>uoletisse</em></span> <span class='ocrx_word' id='word_1_75' title='bbox 285 1175 338 1217; x_wconf 89' lang='lat' dir='ltr'><em>ars</em></span> <span class='ocrx_word' id='word_1_76' title='bbox 359 1174 512 1233; x_wconf 79' lang='lat' dir='ltr'><em>anorzpma</em></span> <span class='ocrx_word' id='word_1_77' title='bbox 535 1158 698 1218; x_wconf 84' lang='lat' dir='ltr'><em>Beruensis</em></span> <span class='ocrx_word' id='word_1_78' title='bbox 721 1158 989 1231; x_wconf 79' lang='lat' dir='ltr'><em>Cruindmelusque</em></span> <span class='ocrx_word' id='word_1_79' title='bbox 1010 1165 1101 1232; x_wconf 84' lang='lat' dir='ltr'><em>atque</em></span> <span class='ocrx_word' id='word_1_80' title='bbox 1124 1159 1256 1218; x_wconf 78' lang='lat' dir='ltr'><em>Clernens</em></span> <span class='ocrx_word' id='word_1_81' title='bbox 1278 1160 1331 1231; x_wconf 75' lang='lat' dir='ltr'><em>orci</em></span> <span class='ocrx_word' id='word_1_82' title='bbox 1351 1158 1424 1217; x_wconf 90' lang='lat' dir='ltr'><em>diei-</em></span> 
     </span>
     <span class='ocr_line' id='line_1_10' title="bbox 132 1257 1425 1335; baseline -0.001 -15"><span class='ocrx_word' id='word_1_83' title='bbox 132 1268 180 1321; x_wconf 89' lang='lat' dir='ltr'><em>tus</em></span> <span class='ocrx_word' id='word_1_84' title='bbox 194 1261 301 1320; x_wconf 78' lang='lat' dir='ltr'><em>Scottis</em></span> <span class='ocrx_word' id='word_1_85' title='bbox 322 1267 350 1323; x_wconf 83' lang='lat' dir='ltr'><em>et</em></span> <span class='ocrx_word' id='word_1_86' title='bbox 373 1260 480 1319; x_wconf 86' lang='lat' dir='ltr'><em>Petrus</em></span> <span class='ocrx_word' id='word_1_87' title='bbox 501 1261 726 1327; x_wconf 83' lang='lat' dir='ltr'><em>dernonstrout,·</em></span> <span class='ocrx_word' id='word_1_88' title='bbox 749 1277 828 1334; x_wconf 74' lang='lat' dir='ltr'><em>nicae</em></span> <span class='ocrx_word' id='word_1_89' title='bbox 849 1276 1029 1335; x_wconf 76' lang='lat' dir='ltr'><em>petamqunm</em></span> <span class='ocrx_word' id='word_1_90' title='bbox 1053 1262 1124 1319; x_wconf 90' lang='lat' dir='ltr'><em>inde</em></span> <span class='ocrx_word' id='word_1_91' title='bbox 1146 1261 1293 1320; x_wconf 72' lang='lat' dir='ltr'><em>alicnati</em></span> <span class='ocrx_word' id='word_1_92' title='bbox 1313 1257 1425 1334; x_wconf 84' lang='lat' dir='ltr'><em>lllnpni</em></span> 
     </span>
     <span class='ocr_line' id='line_1_11' title="bbox 132 1363 1428 1438; baseline -0.002 -15"><span class='ocrx_word' id='word_1_93' title='bbox 132 1363 316 1438; x_wconf 79' lang='lat' dir='ltr'><em>temporibus</em></span> <span class='ocrx_word' id='word_1_94' title='bbox 332 1363 484 1437; x_wconf 87' lang='lat' dir='ltr'><em>paulatim</em></span> <span class='ocrx_word' id='word_1_95' title='bbox 507 1364 657 1434; x_wconf 81' lang='lat' dir='ltr'><em>restc&#39;npui</em></span> <span class='ocrx_word' id='word_1_96' title='bbox 676 1369 784 1436; x_wconf 88' lang='lat' dir='ltr'><em>coepta</em></span> <span class='ocrx_word' id='word_1_97' title='bbox 806 1370 865 1435; x_wconf 87' lang='lat' dir='ltr'><em>est,</em></span> <span class='ocrx_word' id='word_1_98' title='bbox 896 1369 994 1421; x_wconf 87' lang='lat' dir='ltr'><em>tamen</em></span> <span class='ocrx_word' id='word_1_99' title='bbox 1023 1363 1067 1421; x_wconf 89' lang='lat' dir='ltr'><em>ad</em></span> <span class='ocrx_word' id='word_1_100' title='bbox 1085 1365 1353 1436; x_wconf 81' lang='lat' dir='ltr'><em>pramrnatieorum</em></span> <span class='ocrx_word' id='word_1_101' title='bbox 1375 1364 1428 1437; x_wconf 80' lang='lat' dir='ltr'><em>qui</em></span> 
     </span>
     <span class='ocr_line' id='line_1_12' title="bbox 133 1464 1425 1540; baseline -0.002 -16"><span class='ocrx_word' id='word_1_102' title='bbox 133 1468 212 1525; x_wconf 89' lang='lat' dir='ltr'><em>inter</em></span> <span class='ocrx_word' id='word_1_103' title='bbox 232 1473 349 1524; x_wconf 77' lang='lat' dir='ltr'><em>sentiam</em></span> <span class='ocrx_word' id='word_1_104' title='bbox 372 1480 543 1537; x_wconf 74' lang='lat' dir='ltr'><em>taurinamque</em></span> <span class='ocrx_word' id='word_1_105' title='bbox 563 1464 716 1523; x_wconf 85' lang='lat' dir='ltr'><em>saeculum</em></span> <span class='ocrx_word' id='word_1_106' title='bbox 740 1466 884 1523; x_wconf 79' lang='lat' dir='ltr'><em>aixerunt</em></span> <span class='ocrx_word' id='word_1_107' title='bbox 906 1465 1035 1524; x_wconf 81' lang='lat' dir='ltr'><em>indolem</em></span> <span class='ocrx_word' id='word_1_108' title='bbox 1045 1467 1169 1540; x_wconf 85' lang='lat' dir='ltr'><em>penitus</em></span> <span class='ocrx_word' id='word_1_109' title='bbox 1179 1465 1425 1539; x_wconf 85' lang='lat' dir='ltr'><em>perspiciendam</em></span> 
     </span>
     <span class='ocr_line' id='line_1_13' title="bbox 138 1565 1427 1642; baseline 0 -16"><span class='ocrx_word' id='word_1_110' title='bbox 138 1567 269 1641; x_wconf 80' lang='lat' dir='ltr'><em>Verpilii</em></span> <span class='ocrx_word' id='word_1_111' title='bbox 287 1582 403 1640; x_wconf 80' lang='lat' dir='ltr'><em>quoque</em></span> <span class='ocrx_word' id='word_1_112' title='bbox 425 1582 520 1641; x_wconf 89' lang='lat' dir='ltr'><em>opera</em></span> <span class='ocrx_word' id='word_1_113' title='bbox 543 1565 718 1625; x_wconf 74' lang='lat' dir='ltr'><em>adhibenda</em></span> <span class='ocrx_word' id='word_1_114' title='bbox 740 1582 801 1625; x_wconf 88' lang='lat' dir='ltr'><em>esse</em></span> <span class='ocrx_word' id='word_1_115' title='bbox 818 1574 914 1641; x_wconf 88' lang='lat' dir='ltr'><em>patet.</em></span> <span class='ocrx_word' id='word_1_116' title='bbox 960 1567 1069 1642; x_wconf 81' lang='lat' dir='ltr'><em>Itaque</em></span> <span class='ocrx_word' id='word_1_117' title='bbox 1089 1574 1248 1642; x_wconf 82' lang='lat' dir='ltr'><em>postquam</em></span> <span class='ocrx_word' id='word_1_118' title='bbox 1269 1583 1309 1626; x_wconf 80' lang='lat' dir='ltr'><em>ece</em></span> <span class='ocrx_word' id='word_1_119' title='bbox 1330 1567 1427 1641; x_wconf 88' lang='lat' dir='ltr'><em>copiis</em></span> 
     </span>
     <span class='ocr_line' id='line_1_14' title="bbox 131 1668 1423 1743; baseline 0.001 -16"><span class='ocrx_word' id='word_1_120' title='bbox 131 1670 204 1727; x_wconf 82' lang='lat' dir='ltr'><em>meis</em></span> <span class='ocrx_word' id='word_1_121' title='bbox 229 1669 438 1742; x_wconf 82' lang='lat' dir='ltr'><em>prammnticis</em></span> <span class='ocrx_word' id='word_1_122' title='bbox 465 1668 559 1726; x_wconf 75' lang='lat' dir='ltr'><em>sectriis</em></span> <span class='ocrx_word' id='word_1_123' title='bbox 585 1668 682 1726; x_wconf 90' lang='lat' dir='ltr'><em>modis</em></span> <span class='ocrx_word' id='word_1_124' title='bbox 715 1668 843 1742; x_wconf 78' lang='lat' dir='ltr'><em>Verpilii</em></span> <span class='ocrx_word' id='word_1_125' title='bbox 867 1670 997 1743; x_wconf 84' lang='lat' dir='ltr'><em>scripta,</em></span> <span class='ocrx_word' id='word_1_126' title='bbox 1028 1678 1060 1729; x_wconf 90' lang='lat' dir='ltr'><em>ut</em></span> <span class='ocrx_word' id='word_1_127' title='bbox 1088 1671 1170 1728; x_wconf 89' lang='lat' dir='ltr'><em>edito</em></span> <span class='ocrx_word' id='word_1_128' title='bbox 1194 1675 1263 1728; x_wconf 80' lang='lat' dir='ltr'><em>sum</em></span> <span class='ocrx_word' id='word_1_129' title='bbox 1285 1686 1305 1727; x_wconf 87' lang='lat' dir='ltr'><em>n</em></span> <span class='ocrx_word' id='word_1_130' title='bbox 1327 1669 1423 1741; x_wconf 88' lang='lat' dir='ltr'><em>Maio,</em></span> 
     </span>
     <span class='ocr_line' id='line_1_15' title="bbox 131 1769 1424 1846; baseline -0.001 -16"><span class='ocrx_word' id='word_1_131' title='bbox 131 1772 270 1846; x_wconf 86' lang='lat' dir='ltr'><em>suppleri</em></span> <span class='ocrx_word' id='word_1_132' title='bbox 286 1786 376 1844; x_wconf 88' lang='lat' dir='ltr'><em>posse</em></span> <span class='ocrx_word' id='word_1_133' title='bbox 397 1771 470 1841; x_wconf 75' lang='lat' dir='ltr'><em>aridi,</em></span> <span class='ocrx_word' id='word_1_134' title='bbox 495 1769 577 1829; x_wconf 78' lang='lat' dir='ltr'><em>neeric</em></span> <span class='ocrx_word' id='word_1_135' title='bbox 599 1786 716 1844; x_wconf 75' lang='lat' dir='ltr'><em>natoque</em></span> <span class='ocrx_word' id='word_1_136' title='bbox 737 1771 869 1829; x_wconf 73' lang='lat' dir='ltr'><em>turbarem</em></span> <span class='ocrx_word' id='word_1_137' title='bbox 890 1770 975 1830; x_wconf 80' lang='lat' dir='ltr'><em>sntbii.</em></span> <span class='ocrx_word' id='word_1_138' title='bbox 1015 1770 1078 1842; x_wconf 76' lang='lat' dir='ltr'><em>Ocno</em></span> <span class='ocrx_word' id='word_1_139' title='bbox 1095 1770 1186 1843; x_wconf 80' lang='lat' dir='ltr'><em>sacto</em></span> <span class='ocrx_word' id='word_1_140' title='bbox 1200 1787 1260 1830; x_wconf 87' lang='lat' dir='ltr'><em>non</em></span> <span class='ocrx_word' id='word_1_141' title='bbox 1274 1773 1339 1831; x_wconf 90' lang='lat' dir='ltr'><em>sine</em></span> <span class='ocrx_word' id='word_1_142' title='bbox 1353 1786 1424 1845; x_wconf 80' lang='lat' dir='ltr'><em>quo</em></span> 
     </span>
     <span class='ocr_line' id='line_1_16' title="bbox 134 1863 1422 1949; baseline -0.002 -18"><span class='ocrx_word' id='word_1_143' title='bbox 134 1874 204 1931; x_wconf 91' lang='lat' dir='ltr'><em>dam</em></span> <span class='ocrx_word' id='word_1_144' title='bbox 225 1872 340 1947; x_wconf 82' lang='lat' dir='ltr'><em>paudio</em></span> <span class='ocrx_word' id='word_1_145' title='bbox 364 1873 437 1944; x_wconf 87' lang='lat' dir='ltr'><em>uidi,</em></span> <span class='ocrx_word' id='word_1_146' title='bbox 463 1874 619 1945; x_wconf 79' lang='lat' dir='ltr'><em>nonriutlo,</em></span> <span class='ocrx_word' id='word_1_147' title='bbox 645 1863 724 1945; x_wconf 76' lang='lat' dir='ltr'><em>arene</em></span> <span class='ocrx_word' id='word_1_148' title='bbox 744 1874 776 1932; x_wconf 87' lang='lat' dir='ltr'><em>in</em></span> <span class='ocrx_word' id='word_1_149' title='bbox 800 1872 880 1931; x_wconf 89' lang='lat' dir='ltr'><em>Maii</em></span> <span class='ocrx_word' id='word_1_150' title='bbox 892 1873 1022 1932; x_wconf 79' lang='lat' dir='ltr'><em>editione</em></span> <span class='ocrx_word' id='word_1_151' title='bbox 1043 1875 1144 1948; x_wconf 87' lang='lat' dir='ltr'><em>inepte</em></span> <span class='ocrx_word' id='word_1_152' title='bbox 1164 1876 1303 1949; x_wconf 82' lang='lat' dir='ltr'><em>exposito</em></span> <span class='ocrx_word' id='word_1_153' title='bbox 1324 1877 1422 1943; x_wconf 88' lang='lat' dir='ltr'><em>erant,</em></span> 
     </span>
     <span class='ocr_line' id='line_1_17' title="bbox 133 1974 1425 2049; baseline -0.002 -15"><span class='ocrx_word' id='word_1_154' title='bbox 133 1977 166 2034; x_wconf 89' lang='lat' dir='ltr'><em>in</em></span> <span class='ocrx_word' id='word_1_155' title='bbox 187 1978 259 2034; x_wconf 85' lang='lat' dir='ltr'><em>meis</em></span> <span class='ocrx_word' id='word_1_156' title='bbox 280 1975 433 2049; x_wconf 75' lang='lat' dir='ltr'><em>excerptis</em></span> <span class='ocrx_word' id='word_1_157' title='bbox 455 1975 498 2033; x_wconf 87' lang='lat' dir='ltr'><em>nd</em></span> <span class='ocrx_word' id='word_1_158' title='bbox 517 1976 650 2034; x_wconf 74' lang='lat' dir='ltr'><em>sortiaris</em></span> <span class='ocrx_word' id='word_1_159' title='bbox 676 1974 784 2033; x_wconf 88' lang='lat' dir='ltr'><em>iudicii</em></span> <span class='ocrx_word' id='word_1_160' title='bbox 809 1990 946 2033; x_wconf 86' lang='lat' dir='ltr'><em>normam</em></span> <span class='ocrx_word' id='word_1_161' title='bbox 973 1976 1101 2034; x_wconf 88' lang='lat' dir='ltr'><em>redacta</em></span> <span class='ocrx_word' id='word_1_162' title='bbox 1128 1992 1200 2034; x_wconf 89' lang='lat' dir='ltr'><em>esse.</em></span> <span class='ocrx_word' id='word_1_163' title='bbox 1245 1975 1368 2049; x_wconf 83' lang='lat' dir='ltr'><em>Itaque,</em></span> <span class='ocrx_word' id='word_1_164' title='bbox 1392 1979 1425 2032; x_wconf 82' lang='lat' dir='ltr'><em>ut</em></span> 
     </span>
     <span class='ocr_line' id='line_1_18' title="bbox 133 2075 1425 2152; baseline -0.002 -15"><span class='ocrx_word' id='word_1_165' title='bbox 133 2079 192 2137; x_wconf 79' lang='lat' dir='ltr'><em>doe</em></span> <span class='ocrx_word' id='word_1_166' title='bbox 205 2078 301 2152; x_wconf 88' lang='lat' dir='ltr'><em>ipsum</em></span> <span class='ocrx_word' id='word_1_167' title='bbox 317 2077 392 2150; x_wconf 77' lang='lat' dir='ltr'><em>quiid</em></span> <span class='ocrx_word' id='word_1_168' title='bbox 413 2076 529 2134; x_wconf 86' lang='lat' dir='ltr'><em>ualeret</em></span> <span class='ocrx_word' id='word_1_169' title='bbox 551 2076 594 2134; x_wconf 87' lang='lat' dir='ltr'><em>nd</em></span> <span class='ocrx_word' id='word_1_170' title='bbox 608 2075 817 2150; x_wconf 79' lang='lat' dir='ltr'><em>perpendam,</em></span> <span class='ocrx_word' id='word_1_171' title='bbox 842 2078 870 2135; x_wconf 89' lang='lat' dir='ltr'><em>si</em></span> <span class='ocrx_word' id='word_1_172' title='bbox 883 2076 917 2134; x_wconf 89' lang='lat' dir='ltr'><em>id</em></span> <span class='ocrx_word' id='word_1_173' title='bbox 927 2079 998 2148; x_wconf 77' lang='lat' dir='ltr'><em>fieri</em></span> <span class='ocrx_word' id='word_1_174' title='bbox 1012 2084 1124 2152; x_wconf 88' lang='lat' dir='ltr'><em>potest,</em></span> <span class='ocrx_word' id='word_1_175' title='bbox 1148 2078 1305 2150; x_wconf 78' lang='lat' dir='ltr'><em>nominem,</em></span> <span class='ocrx_word' id='word_1_176' title='bbox 1322 2077 1425 2136; x_wconf 87' lang='lat' dir='ltr'><em>melius</em></span> 
     </span>
     <span class='ocr_line' id='line_1_19' title="bbox 132 2177 1425 2253; baseline 0 -16"><span class='ocrx_word' id='word_1_177' title='bbox 132 2180 266 2252; x_wconf 77' lang='lat' dir='ltr'><em>intellepi</em></span> <span class='ocrx_word' id='word_1_178' title='bbox 282 2184 396 2252; x_wconf 86' lang='lat' dir='ltr'><em>posset,</em></span> <span class='ocrx_word' id='word_1_179' title='bbox 429 2177 509 2236; x_wconf 69' lang='lat' dir='ltr'><em>utlaii</em></span> <span class='ocrx_word' id='word_1_180' title='bbox 533 2177 672 2237; x_wconf 82' lang='lat' dir='ltr'><em>editionis</em></span> <span class='ocrx_word' id='word_1_181' title='bbox 700 2178 938 2251; x_wconf 79' lang='lat' dir='ltr'><em>discrepantiam</em></span> <span class='ocrx_word' id='word_1_182' title='bbox 964 2180 1136 2253; x_wconf 82' lang='lat' dir='ltr'><em>scripturae</em></span> <span class='ocrx_word' id='word_1_183' title='bbox 1162 2186 1306 2239; x_wconf 75' lang='lat' dir='ltr'><em>accurrate</em></span> <span class='ocrx_word' id='word_1_184' title='bbox 1331 2180 1425 2237; x_wconf 85' lang='lat' dir='ltr'><em>ascri-</em></span> 
     </span>
     <span class='ocr_line' id='line_1_20' title="bbox 134 2278 1425 2356; baseline -0.001 -17"><span class='ocrx_word' id='word_1_185' title='bbox 134 2280 263 2340; x_wconf 82' lang='lat' dir='ltr'><em>bendam</em></span> <span class='ocrx_word' id='word_1_186' title='bbox 286 2281 403 2338; x_wconf 89' lang='lat' dir='ltr'><em>curaui.</em></span> <span class='ocrx_word' id='word_1_187' title='bbox 449 2278 512 2337; x_wconf 88' lang='lat' dir='ltr'><em>Sed</em></span> <span class='ocrx_word' id='word_1_188' title='bbox 531 2281 623 2345; x_wconf 75' lang='lat' dir='ltr'><em>reiectio</em></span> <span class='ocrx_word' id='word_1_189' title='bbox 638 2279 736 2339; x_wconf 78' lang='lat' dir='ltr'><em>niaior</em></span> <span class='ocrx_word' id='word_1_190' title='bbox 751 2296 853 2339; x_wconf 78' lang='lat' dir='ltr'><em>eoruan</em></span> <span class='ocrx_word' id='word_1_191' title='bbox 868 2298 947 2353; x_wconf 75' lang='lat' dir='ltr'><em>ornere</em></span> <span class='ocrx_word' id='word_1_192' title='bbox 962 2283 1103 2356; x_wconf 76' lang='lat' dir='ltr'><em>excerpsi</em></span> <span class='ocrx_word' id='word_1_193' title='bbox 1115 2297 1195 2356; x_wconf 86' lang='lat' dir='ltr'><em>pars</em></span> <span class='ocrx_word' id='word_1_194' title='bbox 1210 2282 1295 2356; x_wconf 89' lang='lat' dir='ltr'><em>opud</em></span> <span class='ocrx_word' id='word_1_195' title='bbox 1310 2279 1425 2339; x_wconf 77' lang='lat' dir='ltr'><em>diuinum</em></span> 
     </span>
     <span class='ocr_line' id='line_1_21' title="bbox 134 2381 1425 2456; baseline -0.001 -15"><span class='ocrx_word' id='word_1_196' title='bbox 134 2384 255 2442; x_wconf 88' lang='lat' dir='ltr'><em>omnino</em></span> <span class='ocrx_word' id='word_1_197' title='bbox 278 2398 337 2440; x_wconf 77' lang='lat' dir='ltr'><em>iton</em></span> <span class='ocrx_word' id='word_1_198' title='bbox 359 2381 495 2453; x_wconf 76' lang='lat' dir='ltr'><em>estahol,</em></span> <span class='ocrx_word' id='word_1_199' title='bbox 520 2396 598 2454; x_wconf 76' lang='lat' dir='ltr'><em>quelle</em></span> <span class='ocrx_word' id='word_1_200' title='bbox 619 2381 737 2455; x_wconf 78' lang='lat' dir='ltr'><em>peridem</em></span> <span class='ocrx_word' id='word_1_201' title='bbox 760 2382 906 2441; x_wconf 90' lang='lat' dir='ltr'><em>eiusmodi</em></span> <span class='ocrx_word' id='word_1_202' title='bbox 925 2390 994 2441; x_wconf 79' lang='lat' dir='ltr'><em>steret</em></span> <span class='ocrx_word' id='word_1_203' title='bbox 1004 2381 1076 2454; x_wconf 86' lang='lat' dir='ltr'><em>sere</em></span> <span class='ocrx_word' id='word_1_204' title='bbox 1091 2385 1201 2456; x_wconf 81' lang='lat' dir='ltr'><em>attinio,</em></span> <span class='ocrx_word' id='word_1_205' title='bbox 1225 2391 1259 2443; x_wconf 89' lang='lat' dir='ltr'><em>ut</em></span> <span class='ocrx_word' id='word_1_206' title='bbox 1272 2384 1425 2456; x_wconf 79' lang='lat' dir='ltr'><em>collepisse</em></span> 
     </span>
     <span class='ocr_line' id='line_1_22' title="bbox 134 2483 1425 2558; baseline -0.001 -15"><span class='ocrx_word' id='word_1_207' title='bbox 134 2501 181 2543; x_wconf 89' lang='lat' dir='ltr'><em>me</em></span> <span class='ocrx_word' id='word_1_208' title='bbox 202 2500 262 2543; x_wconf 87' lang='lat' dir='ltr'><em>non</em></span> <span class='ocrx_word' id='word_1_209' title='bbox 284 2485 373 2542; x_wconf 86' lang='lat' dir='ltr'><em>modo</em></span> <span class='ocrx_word' id='word_1_210' title='bbox 395 2500 455 2542; x_wconf 79' lang='lat' dir='ltr'><em>itan</em></span> <span class='ocrx_word' id='word_1_211' title='bbox 475 2484 645 2558; x_wconf 87' lang='lat' dir='ltr'><em>paeniteat,</em></span> <span class='ocrx_word' id='word_1_212' title='bbox 670 2483 723 2542; x_wconf 89' lang='lat' dir='ltr'><em>sed</em></span> <span class='ocrx_word' id='word_1_213' title='bbox 746 2485 945 2543; x_wconf 85' lang='lat' dir='ltr'><em>delectatione</em></span> <span class='ocrx_word' id='word_1_214' title='bbox 959 2485 1092 2558; x_wconf 83' lang='lat' dir='ltr'><em>quadam</em></span> <span class='ocrx_word' id='word_1_215' title='bbox 1107 2487 1221 2545; x_wconf 78' lang='lat' dir='ltr'><em>inhalat.</em></span> <span class='ocrx_word' id='word_1_216' title='bbox 1260 2485 1338 2545; x_wconf 89' lang='lat' dir='ltr'><em>Nam</em></span> <span class='ocrx_word' id='word_1_217' title='bbox 1353 2485 1425 2544; x_wconf 84' lang='lat' dir='ltr'><em>lude</em></span> 
     </span>
     <span class='ocr_line' id='line_1_23' title="bbox 134 2583 1427 2661; baseline -0.002 -15"><span class='ocrx_word' id='word_1_218' title='bbox 134 2602 252 2661; x_wconf 77' lang='lat' dir='ltr'><em>propere</em></span> <span class='ocrx_word' id='word_1_219' title='bbox 268 2602 360 2661; x_wconf 90' lang='lat' dir='ltr'><em>pomo</em></span> <span class='ocrx_word' id='word_1_220' title='bbox 382 2586 525 2645; x_wconf 78' lang='lat' dir='ltr'><em>honorem</em></span> <span class='ocrx_word' id='word_1_221' title='bbox 547 2585 679 2644; x_wconf 77' lang='lat' dir='ltr'><em>debitum</em></span> <span class='ocrx_word' id='word_1_222' title='bbox 708 2587 751 2644; x_wconf 88' lang='lat' dir='ltr'><em>iri</em></span> <span class='ocrx_word' id='word_1_223' title='bbox 775 2583 944 2660; x_wconf 79' lang='lat' dir='ltr'><em>aliquando</em></span> <span class='ocrx_word' id='word_1_224' title='bbox 972 2603 991 2644; x_wconf 87' lang='lat' dir='ltr'><em>a</em></span> <span class='ocrx_word' id='word_1_225' title='bbox 1020 2589 1095 2647; x_wconf 86' lang='lat' dir='ltr'><em>uiris</em></span> <span class='ocrx_word' id='word_1_226' title='bbox 1122 2589 1218 2647; x_wconf 87' lang='lat' dir='ltr'><em>doctis</em></span> <span class='ocrx_word' id='word_1_227' title='bbox 1243 2589 1335 2646; x_wconf 78' lang='lat' dir='ltr'><em>radii</em></span> <span class='ocrx_word' id='word_1_228' title='bbox 1354 2587 1427 2644; x_wconf 81' lang='lat' dir='ltr'><em>aecci</em></span> 
     </span>
     <span class='ocr_line' id='line_1_24' title="bbox 132 2688 1327 2764; baseline 0.001 -17"><span class='ocrx_word' id='word_1_229' title='bbox 132 2689 299 2748; x_wconf 85' lang='lat' dir='ltr'><em>studiorum</em></span> <span class='ocrx_word' id='word_1_230' title='bbox 321 2689 464 2764; x_wconf 75' lang='lat' dir='ltr'><em>mysteria</em></span> <span class='ocrx_word' id='word_1_231' title='bbox 486 2688 678 2761; x_wconf 77' lang='lat' dir='ltr'><em>latebrasque</em></span> <span class='ocrx_word' id='word_1_232' title='bbox 695 2689 958 2762; x_wconf 80' lang='lat' dir='ltr'><em>perscrutantibus</em></span> <span class='ocrx_word' id='word_1_233' title='bbox 978 2706 1067 2763; x_wconf 90' lang='lat' dir='ltr'><em>spero</em></span> <span class='ocrx_word' id='word_1_234' title='bbox 1090 2697 1179 2763; x_wconf 76' lang='lat' dir='ltr'><em>calonne</em></span> <span class='ocrx_word' id='word_1_235' title='bbox 1199 2690 1327 2760; x_wconf 80' lang='lat' dir='ltr'><em>corilido.</em></span> 
     </span>
    </p>
   </div>
   <div class='ocr_carea' id='block_1_5' title="bbox 633 3286 928 3367">
    <p class='ocr_par' dir='ltr' id='par_1_5' title="bbox 633 3286 928 3367">
     <span class='ocr_line' id='line_1_25' title="bbox 633 3286 928 3367; baseline 0 -1"><span class='ocrx_word' id='word_1_236' title='bbox 633 3286 928 3367; x_wconf 87' lang='lat' dir='ltr'><strong>VIII-X.</strong></span> 
     </span>
    </p>
   </div>
   <div class='ocr_carea' id='block_1_6' title="bbox 133 3465 1495 3686">
    <p class='ocr_par' dir='ltr' id='par_1_6' title="bbox 133 3465 1495 3686">
     <span class='ocr_line' id='line_1_26' title="bbox 133 3465 1495 3550; baseline 0.001 -1"><span class='ocrx_word' id='word_1_237' title='bbox 133 3467 210 3549; x_wconf 85' lang='lat' dir='ltr'><em>DE</em></span> <span class='ocrx_word' id='word_1_238' title='bbox 246 3465 490 3549; x_wconf 79' lang='lat' dir='ltr'>OOMMEN</span> <span class='ocrx_word' id='word_1_239' title='bbox 492 3466 577 3549; x_wconf 82' lang='lat' dir='ltr'><em>TIS</em></span> <span class='ocrx_word' id='word_1_240' title='bbox 613 3467 1077 3550; x_wconf 80' lang='lat' dir='ltr'>EINSIDLENSIBVS</span> <span class='ocrx_word' id='word_1_241' title='bbox 1108 3468 1172 3549; x_wconf 90' lang='lat' dir='ltr'><em>IN</em></span> <span class='ocrx_word' id='word_1_242' title='bbox 1205 3467 1424 3550; x_wconf 83' lang='lat' dir='ltr'><strong>DONATI</strong></span> <span class='ocrx_word' id='word_1_243' title='bbox 1487 3474 1495 3490; x_wconf 91' lang='lat'>&#39;</span> 
     </span>
     <span class='ocr_line' id='line_1_27' title="bbox 163 3601 1394 3686; baseline -0.002 0"><span class='ocrx_word' id='word_1_244' title='bbox 163 3602 360 3686; x_wconf 82' lang='lat' dir='ltr'><strong>ARTEM</strong></span> <span class='ocrx_word' id='word_1_245' title='bbox 383 3601 653 3685; x_wconf 80' lang='lat' dir='ltr'><strong>MINOREM</strong></span> <span class='ocrx_word' id='word_1_246' title='bbox 675 3603 945 3686; x_wconf 85' lang='lat' dir='ltr'><strong>MAIOREM</strong></span> <span class='ocrx_word' id='word_1_247' title='bbox 968 3602 1296 3686; x_wconf 82' lang='lat' dir='ltr'><strong>BARBARISM</strong></span> <span class='ocrx_word' id='word_1_248' title='bbox 1302 3603 1394 3684; x_wconf 90' lang='lat' dir='ltr'><em>VM.</em></span> 
     </span>
    </p>
   </div>
   <div class='ocr_carea' id='block_1_7' title="bbox 687 3795 852 3803">
    <p class='ocr_par' dir='ltr' id='par_1_7' title="bbox 687 3795 852 3803">
     <span class='ocr_line' id='line_1_28' title="bbox 687 3795 852 3803; baseline 0.012 -2"><span class='ocrx_word' id='word_1_249' title='bbox 687 3795 852 3803; x_wconf 77' lang='lat'><em>—-—</em></span> 
     </span>
    </p>
   </div>
   <div class='ocr_carea' id='block_1_8' title="bbox 134 3958 1423 4145">
    <p class='ocr_par' dir='ltr' id='par_1_8' title="bbox 134 3958 1423 4145">
     <span class='ocr_line' id='line_1_29' title="bbox 712 3958 845 4022; baseline -0.008 0"><span class='ocrx_word' id='word_1_250' title='bbox 712 3958 793 4022; x_wconf 72' lang='lat' dir='ltr'><em>Cae.</em></span> <span class='ocrx_word' id='word_1_251' title='bbox 818 3959 845 4021; x_wconf 90' lang='grc' dir='ltr'><em>Ι.</em></span> 
     </span>
     <span class='ocr_line' id='line_1_30' title="bbox 134 4073 1423 4145; baseline 0.003 -5"><span class='ocrx_word' id='word_1_252' title='bbox 134 4075 193 4140; x_wconf 79' lang='lat' dir='ltr'><em>DE</em></span> <span class='ocrx_word' id='word_1_253' title='bbox 217 4073 392 4140; x_wconf 83' lang='lat' dir='ltr'><strong>REMIGII</strong></span> <span class='ocrx_word' id='word_1_254' title='bbox 416 4074 807 4141; x_wconf 75' lang='lat' dir='ltr'><strong>AVTISIODORENSIS</strong></span> <span class='ocrx_word' id='word_1_255' title='bbox 836 4076 1092 4141; x_wconf 80' lang='lat' dir='ltr'><strong>COMMENTIS</strong></span> <span class='ocrx_word' id='word_1_256' title='bbox 1120 4075 1167 4140; x_wconf 85' lang='lat' dir='ltr'><em>IN</em></span> <span class='ocrx_word' id='word_1_257' title='bbox 1196 4075 1423 4145; x_wconf 83' lang='lat' dir='ltr'><strong>DONATVM.</strong></span> 
     </span>
    </p>
   </div>
   <div class='ocr_carea' id='block_1_9' title="bbox 133 4214 1429 4803">
    <p class='ocr_par' dir='ltr' id='par_1_9' title="bbox 133 4214 1429 4803">
     <span class='ocr_line' id='line_1_31' title="bbox 219 4214 1424 4291; baseline -0.002 -15"><span class='ocrx_word' id='word_1_258' title='bbox 219 4217 389 4276; x_wconf 82' lang='lat' dir='ltr'><em>Commenta</em></span> <span class='ocrx_word' id='word_1_259' title='bbox 413 4214 619 4276; x_wconf 76' lang='lat' dir='ltr'><em>Eiresidlensia</em></span> <span class='ocrx_word' id='word_1_260' title='bbox 641 4219 704 4276; x_wconf 88' lang='lat' dir='ltr'><em>triu</em></span> <span class='ocrx_word' id='word_1_261' title='bbox 726 4220 757 4276; x_wconf 89' lang='lat' dir='ltr'><em>in</em></span> <span class='ocrx_word' id='word_1_262' title='bbox 781 4216 894 4276; x_wconf 80' lang='lat' dir='ltr'><em>Dcirnati</em></span> <span class='ocrx_word' id='word_1_263' title='bbox 915 4225 1009 4276; x_wconf 89' lang='lat' dir='ltr'><em>artem</em></span> <span class='ocrx_word' id='word_1_264' title='bbox 1025 4226 1184 4291; x_wconf 81' lang='lat' dir='ltr'><em>utramque</em></span> <span class='ocrx_word' id='word_1_265' title='bbox 1205 4224 1295 4291; x_wconf 72' lang='lat' dir='ltr'><em>ataine</em></span> <span class='ocrx_word' id='word_1_266' title='bbox 1315 4218 1424 4276; x_wconf 81' lang='lat' dir='ltr'><em>burlia-</em></span> 
     </span>
     <span class='ocr_line' id='line_1_32' title="bbox 133 4319 1424 4393; baseline 0 -15"><span class='ocrx_word' id='word_1_267' title='bbox 133 4322 255 4379; x_wconf 85' lang='lat' dir='ltr'><em>rismum</em></span> <span class='ocrx_word' id='word_1_268' title='bbox 278 4335 457 4392; x_wconf 72' lang='lat' dir='ltr'><em>querimoniam</em></span> <span class='ocrx_word' id='word_1_269' title='bbox 480 4320 565 4378; x_wconf 78' lang='lat' dir='ltr'><em>lenced</em></span> <span class='ocrx_word' id='word_1_270' title='bbox 584 4336 659 4378; x_wconf 89' lang='lat' dir='ltr'><em>sane</em></span> <span class='ocrx_word' id='word_1_271' title='bbox 680 4321 773 4378; x_wconf 77' lang='lat' dir='ltr'><em>tandin</em></span> <span class='ocrx_word' id='word_1_272' title='bbox 792 4336 871 4393; x_wconf 87' lang='lat' dir='ltr'><em>prae</em></span> <span class='ocrx_word' id='word_1_273' title='bbox 891 4337 923 4377; x_wconf 89' lang='lat' dir='ltr'><em>se</em></span> <span class='ocrx_word' id='word_1_274' title='bbox 948 4319 1057 4391; x_wconf 84' lang='lat' dir='ltr'><em>serunt</em></span> <span class='ocrx_word' id='word_1_275' title='bbox 1079 4319 1292 4378; x_wconf 84' lang='lat' dir='ltr'><em>reconditioris</em></span> <span class='ocrx_word' id='word_1_276' title='bbox 1314 4320 1424 4379; x_wconf 89' lang='lat' dir='ltr'><em>doctri·</em></span> 
     </span>
     <span class='ocr_line' id='line_1_33' title="bbox 134 4419 1426 4494; baseline -0.001 -13"><span class='ocrx_word' id='word_1_277' title='bbox 134 4437 193 4481; x_wconf 89' lang='lat' dir='ltr'><em>nae</em></span> <span class='ocrx_word' id='word_1_278' title='bbox 215 4423 351 4494; x_wconf 72' lang='lat' dir='ltr'><em>uescique,</em></span> <span class='ocrx_word' id='word_1_279' title='bbox 376 4430 485 4493; x_wconf 78' lang='lat' dir='ltr'><em>tonan,</em></span> <span class='ocrx_word' id='word_1_280' title='bbox 511 4420 760 4494; x_wconf 74' lang='lat' dir='ltr'><em>arretinadmodum</em></span> <span class='ocrx_word' id='word_1_281' title='bbox 783 4438 862 4479; x_wconf 79' lang='lat' dir='ltr'><em>notio</em></span> <span class='ocrx_word' id='word_1_282' title='bbox 878 4423 926 4479; x_wconf 90' lang='lat' dir='ltr'><em>uel</em></span> <span class='ocrx_word' id='word_1_283' title='bbox 941 4422 1056 4480; x_wconf 87' lang='lat' dir='ltr'><em>decimo</em></span> <span class='ocrx_word' id='word_1_284' title='bbox 1067 4420 1139 4492; x_wconf 82' lang='lat' dir='ltr'><em>sere</em></span> <span class='ocrx_word' id='word_1_285' title='bbox 1152 4423 1273 4480; x_wconf 86' lang='lat' dir='ltr'><em>saeculo</em></span> <span class='ocrx_word' id='word_1_286' title='bbox 1289 4419 1426 4480; x_wconf 74' lang='lat' dir='ltr'><em>dannatus</em></span> 
     </span>
     <span class='ocr_line' id='line_1_34' title="bbox 133 4516 1428 4598; baseline 0 -16"><span class='ocrx_word' id='word_1_287' title='bbox 133 4516 305 4598; x_wconf 66' lang='lat' dir='ltr'><em>explicatus</em></span> <span class='ocrx_word' id='word_1_288' title='bbox 325 4525 364 4581; x_wconf 87' lang='lat' dir='ltr'><em>sit</em></span> <span class='ocrx_word' id='word_1_289' title='bbox 385 4531 414 4581; x_wconf 88' lang='lat' dir='ltr'><em>et</em></span> <span class='ocrx_word' id='word_1_290' title='bbox 435 4539 513 4598; x_wconf 80' lang='lat' dir='ltr'><em>anne</em></span> <span class='ocrx_word' id='word_1_291' title='bbox 528 4525 667 4597; x_wconf 75' lang='lat' dir='ltr'><em>patrarit</em></span> <span class='ocrx_word' id='word_1_292' title='bbox 696 4530 767 4582; x_wconf 75' lang='lat' dir='ltr'><em>lenm</em></span> <span class='ocrx_word' id='word_1_293' title='bbox 798 4524 1065 4582; x_wconf 82' lang='lat' dir='ltr'><em>conuneumnaous</em></span> <span class='ocrx_word' id='word_1_294' title='bbox 1093 4525 1238 4582; x_wconf 88' lang='lat' dir='ltr'><em>sermonis</em></span> <span class='ocrx_word' id='word_1_295' title='bbox 1266 4532 1294 4581; x_wconf 91' lang='lat' dir='ltr'><em>et</em></span> <span class='ocrx_word' id='word_1_296' title='bbox 1322 4522 1428 4582; x_wconf 85' lang='lat' dir='ltr'><em>Latini</em></span> 
     </span>
     <span class='ocr_line' id='line_1_35' title="bbox 136 4623 1429 4699; baseline -0.001 -15"><span class='ocrx_word' id='word_1_297' title='bbox 136 4632 165 4684; x_wconf 89' lang='lat' dir='ltr'><em>et</em></span> <span class='ocrx_word' id='word_1_298' title='bbox 194 4624 305 4683; x_wconf 85' lang='lat' dir='ltr'><em>Graeci</em></span> <span class='ocrx_word' id='word_1_299' title='bbox 330 4628 452 4697; x_wconf 87' lang='lat' dir='ltr'><em>notitia,</em></span> <span class='ocrx_word' id='word_1_300' title='bbox 482 4625 650 4684; x_wconf 74' lang='lat' dir='ltr'><em>incidenter</em></span> <span class='ocrx_word' id='word_1_301' title='bbox 681 4624 888 4683; x_wconf 87' lang='lat' dir='ltr'><em>demonstrare</em></span> <span class='ocrx_word' id='word_1_302' title='bbox 911 4632 1047 4699; x_wconf 89' lang='lat' dir='ltr'><em>possunt.</em></span> <span class='ocrx_word' id='word_1_303' title='bbox 1096 4623 1181 4695; x_wconf 72' lang='lat' dir='ltr'><em>(arod</em></span> <span class='ocrx_word' id='word_1_304' title='bbox 1205 4624 1429 4684; x_wconf 86' lang='lat' dir='ltr'><em>commentandi</em></span> 
     </span>
     <span class='ocr_line' id='line_1_36' title="bbox 137 4724 1426 4803; baseline 0.003 -19"><span class='ocrx_word' id='word_1_305' title='bbox 137 4742 234 4801; x_wconf 74' lang='lat' dir='ltr'><em>penses</em></span> <span class='ocrx_word' id='word_1_306' title='bbox 262 4735 293 4786; x_wconf 90' lang='lat' dir='ltr'><em>nt</em></span> <span class='ocrx_word' id='word_1_307' title='bbox 321 4736 363 4785; x_wconf 88' lang='lat' dir='ltr'><em>est</em></span> <span class='ocrx_word' id='word_1_308' title='bbox 391 4730 465 4785; x_wconf 86' lang='lat' dir='ltr'><em>satis</em></span> <span class='ocrx_word' id='word_1_309' title='bbox 493 4729 572 4785; x_wconf 79' lang='lat' dir='ltr'><em>erile</em></span> <span class='ocrx_word' id='word_1_310' title='bbox 600 4733 690 4800; x_wconf 70' lang='lat' dir='ltr'><em>ataine</em></span> <span class='ocrx_word' id='word_1_311' title='bbox 723 4724 761 4783; x_wconf 79' lang='lat' dir='ltr'><em>ab</em></span> <span class='ocrx_word' id='word_1_312' title='bbox 794 4728 987 4786; x_wconf 75' lang='lat' dir='ltr'><em>sceleratiore</em></span> <span class='ocrx_word' id='word_1_313' title='bbox 1013 4743 1115 4787; x_wconf 87' lang='lat' dir='ltr'><em>rernm</em></span> <span class='ocrx_word' id='word_1_314' title='bbox 1147 4726 1426 4803; x_wconf 77' lang='lat' dir='ltr'><em>inuestipandarum</em></span> 
     </span>
    </p>
   </div>
   <div class='ocr_carea' id='block_1_10' title="bbox 0 0 1715 5378">
    <p class='ocr_par' dir='ltr' id='par_1_10' title="bbox 0 0 1715 5378">
     <span class='ocr_line' id='line_1_37' title="bbox 0 0 1715 5378; baseline 0 0"><span class='ocrx_word' id='word_1_315' title='bbox 0 0 1715 5378; x_wconf 95' lang='lat' dir='ltr'><em> </em></span> 
     </span>
    </p>
   </div>
  </div>
 </body>
</html>
