3420 5378
814 1124 891 1205 V.

204 1338 281 1421 DE
303 1338 538 1422 ΡΟΜΡΕΙΙ
567 1340 637 1422 ΕΤ
664 1338 966 1422 CONSENTII
987 1337 1496 1421 GRAMMATIOORVM

693 1493 1008 1577 EXOERPTIS.

782 1883 863 1948 Ouo.
891 1883 918 1952 Ι.

715 2018 986 2085 ΡΟΜΡΕΙΑΝΑ.

291 2142 428 2255 Pompeii
453 2176 649 2253 drammatici
680 2181 749 2238 olim
777 2195 859 2238 anno
888 2184 964 2237 1820
991 2195 1010 2236 a
1038 2177 1091 2237 Fr.
1121 2175 1332 2238 tluaenanuo
1348 2173 1495 2254 primum,

206 2280 316 2341 ddnde
336 2282 374 2342 ab
389 2282 429 2340 lt.
446 2278 550 2342 Keilio
572 2287 644 2340 aute
665 2278 819 2341 biennium
841 2278 949 2341 iterum
971 2277 1047 2340 editi
1066 2295 1245 2354 quamquam
1267 2277 1342 2340 salis
1362 2277 1449 2340 mulli
1469 2286 1498 2338 et

202 2380 375 2459 permetiati
395 2391 559 2459 supersunt
580 2380 715 2453 codices,
743 2400 867 2457 otiorum
890 2380 1010 2443 Keilius
1029 2399 1157 2457 drumm.
1176 2382 1244 2441 Lat.
1269 2384 1329 2442 uol.
1352 2384 1378 2442 V
1398 2398 1428 2457 p.
1447 2387 1495 2454 83,

206 2492 257 2552 84,
281 2491 320 2543 87
347 2502 408 2560 seq.
433 2484 518 2545 dedit
544 2493 752 2560 compedium,
781 2493 880 2545 tamen
902 2482 968 2546 eins
995 2482 1070 2544 libri
1095 2486 1189 2544 rurba
1215 2482 1392 2560 saepissime
1420 2485 1497 2544 adeo

205 2593 353 2664 conmenta
374 2595 457 2661 sunt,
481 2595 514 2647 nt
535 2605 638 2647 eorum
659 2591 780 2661 saltem,
804 2605 878 2661 aneos
899 2584 1019 2647 Keilius
1040 2584 1193 2657 adtribuit,
1217 2585 1356 2646 codicum
1378 2582 1498 2645 aemilio

200 2691 298 2766 plone
319 2686 527 2749 destituamur.
572 2692 715 2750 Fortasse
735 2687 763 2749 si
784 2687 835 2749 uir
851 2687 1133 2765 praestantissimus
1153 2685 1262 2748 celeris
1276 2704 1401 2762 atroque,
1425 2703 1498 2761 oreos

205 2792 412 2867 tautummodo
438 2789 621 2859 nominauit,
649 2789 738 2850 lilrris
763 2799 840 2850 esset
865 2809 948 2865 iaris,
978 2794 1035 2851 etsi
1060 2793 1104 2850 dd
1129 2807 1220 2850 iontem
1243 2807 1343 2850 omnes
1363 2786 1428 2849 illis
1449 2804 1496 2847 re·

206 2891 355 2954 centiores
376 2909 439 2953 esse
459 2885 617 2968 uidentur,
646 2895 794 2953 noamdln
821 2890 1011 2953 correctiora
1038 2890 1178 2952 exhiberi
1197 2894 1378 2967 potuissent,
1401 2907 1497 2966 prae·

205 2992 308 3056 sertim
336 3011 403 3055 cum
431 2993 577 3055 librarios
595 2997 745 3070 permulta
772 3010 834 3053 soo‘
852 2993 982 3054 arbitria
1009 3001 1139 3054 mutasse
1163 2993 1313 3068 librosque
1331 2990 1498 3068 plurimum

207 3094 291 3157 iuter
311 3113 343 3156 se
364 3094 526 3156 dissentire
553 3094 618 3172 ipsc
640 3114 674 3171 p.
700 3103 739 3154 ot
767 3094 975 3156 intellexisset.
1021 3096 1124 3170 Neque
1152 3113 1226 3156 uera
1255 3093 1365 3169 necari
1390 3101 1495 3170 potest,

209 3196 300 3261 Keilii
331 3196 493 3258 editionem
520 3195 787 3258 Lindemannianu
819 3200 910 3257 miella
943 3196 1157 3259 correctiorem
1189 3215 1265 3272 esse,
1299 3195 1414 3274 antipae
1445 3194 1498 3271 qni

200 3299 346 3377 plurilus
367 3298 523 3361 codicillus
550 3298 647 3375 iisque
675 3299 851 3361 decrerolius
880 3318 949 3360 russis
969 3302 1017 3360 sit.
1062 3300 1124 3360 Sed
1145 3309 1177 3360 ut
1200 3302 1238 3359 de
1259 3297 1303 3359 cis
1324 3297 1413 3359 liaris
1434 3315 1496 3357 ma-

207 3400 387 3477 nuscriptis,
419 3400 472 3476 qui
498 3420 558 3462 iam
584 3411 689 3462 tenore
717 3401 855 3478 Pompeii
882 3409 1047 3463 tractatum
1075 3401 1243 3469 contiueat,
1273 3409 1405 3472 luceam,
1437 3418 1496 3460 non

206 3501 357 3565 assentior
379 3501 491 3578 Keilio,
516 3506 597 3579 qreod
616 3523 646 3581 p.
663 3512 702 3563 «59
724 3503 871 3565 ltororum
894 3507 932 3564 de
952 3504 1157 3578 qrttmmolicu
1179 3513 1247 3564 arte
1265 3503 1371 3577 infima
1399 3509 1499 3563 aetate

206 3622 247 3667 ex
268 3603 369 3666 uariis
389 3605 577 3679 auctoriosa,
609 3621 734 3681 damnem
762 3605 794 3665 in
823 3624 946 3666 numero
968 3604 1130 3682 Pompeius
1157 3603 1332 3682 saepissime
1352 3602 1496 3676 occurrit,

205 3710 396 3771 collectorum
424 3710 538 3768 nullum
566 3710 608 3767 ad
631 3707 803 3784 Pompeium
825 3710 1044 3768 emendandum
1071 3706 1233 3769 utilitatem
1261 3705 1385 3783 percipi
1408 3721 1499 3782 posse

206 3808 347 3871 asseruit.
394 3809 460 3881 Onu
488 3813 519 3869 tn
542 3828 577 3869 re
597 3809 690 3871 certis
712 3809 900 3885 oronemeutis
920 3811 1140 3886 comprobanda
1167 3825 1225 3869 noa
1252 3826 1361 3869 ncreor
1388 3825 1426 3868 ne
1451 3805 1498 3868 ni-

205 3910 283 3973 mius
301 3909 400 3985 fuisse
420 3910 552 3986 iudicer,
577 3910 720 3989 arcontium
736 3910 910 3987 Pompeius,
935 3910 991 3972 etsi
1012 3910 1169 3971 tritissima
1190 3928 1283 3985 saepe
1304 3918 1393 3985 elque
1415 3907 1498 3970 uilis-

205 4013 284 4075 sima
306 4012 471 4088 lractauit,
502 4022 600 4074 tamen
629 4017 671 4074 ud
693 4012 868 4088 antiquiora
890 4012 984 4075 medii
1005 4016 1077 4074 aeui
1096 4021 1233 4088 tmapora
1255 4022 1284 4072 el
1305 4014 1341 4072 ob
1363 4014 1496 4073 codicum

205 4121 380 4176 uetustatem
403 4124 432 4175 et
454 4118 489 4176 ab
512 4114 682 4176 doctrinam
703 4113 737 4175 in
759 4118 933 4176 uniuersum
954 4118 1040 4176 lmud
1059 4117 1218 4190 iculqmem
1232 4117 1337 4175 merito
1351 4112 1496 4188 refertur.

292 4217 470 4277 Clementi
490 4216 588 4292 initur
609 4218 733 4291 Scala,
764 4221 828 4292 arel
853 4221 965 4292 uutao
992 4215 1154 4291 dicitur,
1189 4218 1266 4277 cod.
1296 4216 1405 4276 Bern.
1432 4221 1499 4273 123

201 4319 231 4393 s.
259 4326 370 4393 1-31,
400 4318 434 4379 in
457 4321 650 4395 excerpendo
673 4318 813 4395 Pompeio
835 4322 970 4379 meliores
991 4318 1065 4380 libri
1087 4326 1213 4395 praesto
1237 4318 1381 4392 fuerunt,
1409 4333 1498 4390 quom

204 4419 298 4483 leodic
318 4428 436 4482 extant.
481 4423 548 4481 lam
569 4429 601 4482 ut
621 4424 803 4482 luculentum
813 4438 986 4497 proponam
1002 4428 1229 4496 itrorcrrienlum,
1253 4438 1284 4496 p.
1305 4426 1367 4487 132,
1387 4426 1420 4475 ts
1436 4436 1496 4493 seo.

205 4527 292 4601 apud
312 4522 445 4585 Keitium
468 4526 543 4584 naec
564 4522 790 4600 corruptissime
811 4526 967 4599 lequnlur:

292 4633 337 4684 est
359 4626 444 4685 etiam
475 4623 680 4705 apostrophos.
706 4648 721 4683 s
750 4624 826 4703 apud
850 4624 968 4686 Latinos
995 4641 1054 4684 nou
1084 4622 1168 4685 facile
1196 4625 1225 4683 in
1255 4621 1423 4684 nominibus
1452 4624 1495 4682 iu·

206 4727 336 4794 uenitur,
366 4727 418 4785 nisi
443 4743 529 4803 cluent
554 4726 588 4786 ad
613 4726 731 4787 moduni
755 4727 931 4789 remanserit
952 4727 982 4786 in
1005 4723 1175 4786 nominibus
1197 4724 1254 4786 hoc
1275 4725 1353 4806 apud
1376 4725 1498 4786 Latinos
