3420 5378
319 292 425 339 CLXVI
836 276 886 327 DE
904 273 1090 325 Funvrnuo

360 464 424 527 Eoo
447 480 565 543 quoque
594 471 719 525 testante
748 464 953 525 Consentio

320 566 612 647 plusquamperfecto
641 573 738 634 curet,
767 566 953 626 Cominio·

319 688 385 730 nus
412 676 511 729 tumen
542 668 661 729 ederam
691 684 756 727 esse
789 666 861 727 uteie
889 667 953 741 (cf.

320 768 488 845 Gainsredi
509 768 562 845 qni
577 767 693 830 dicitur
707 777 855 845 excerpta
871 777 952 830 auct.

325 871 425 933 Vntie.
455 874 483 932 V
497 889 532 949 p.
559 877 615 930 150
635 872 684 930 ed.
709 869 816 946 Mai).

390 991 437 1050 VI
461 990 566 1050 Codex
588 987 793 1050 Einsidlensie
816 996 852 1048 15
872 1006 952 1050 saec.

319 1093 354 1155 X
374 1092 418 1151 ad
440 1089 595 1153 Prisciam
623 1091 661 1150 de
687 1089 860 1152 accentibus
881 1089 955 1151 libri

319 1198 432 1268 locum,
469 1191 523 1269 qui
548 1201 592 1253 est
615 1210 649 1269 p.
674 1199 748 1267 526,
773 1199 792 1252 8
820 1194 867 1267 K,
897 1193 954 1253 hoc

319 1296 409 1357 hahet
440 1291 577 1370 marqini
610 1292 799 1370 adscriptum
822 1312 859 1371 p.
891 1301 954 1367 tou,

319 1415 400 1458 man.
424 1413 504 1457 saec.
528 1397 576 1456 X:

363 1495 512 1579 Siucipul]
532 1497 604 1558 Sine
619 1500 717 1578 capite
731 1496 778 1558 uel
792 1500 857 1559 sine
872 1500 954 1578 prin·
1023 1499 1060 1558 Vt
1087 1506 1129 1559 cst
1157 1498 1301 1577 sinciput,
1330 1515 1397 1557 cunr
1425 1495 1616 1575 intellegatur

320 1601 385 1680 cipe
407 1617 460 1660 seu
483 1601 649 1678 posteriora
675 1601 736 1677 (sic)
759 1617 829 1679 pars
851 1601 955 1680 capitis
983 1607 1125 1661 semotum
1148 1606 1245 1680 caput.

320 1700 368 1762 uel
391 1709 512 1762 senalus
534 1713 632 1781 caput.
670 1701 799 1762 Cicero
822 1719 894 1762 uero
910 1703 954 1762 di·

323 1803 444 1864 midium
468 1802 588 1882 capitis,
619 1803 824 1864 Flauianus
852 1822 954 1865 sonum

322 1912 412 1985 ceput
433 1904 506 1965 dicit
527 1904 575 1965 uel
598 1905 688 1966 semis
710 1912 806 1984 caput.
968 1856 972 1987 Ι

1123 1360 1280 1424 Charisius
1299 1380 1332 1438 p.
1358 1369 1403 1436 17,
1430 1369 1462 1421 2:

405 2109 468 2169 Sed
487 2116 582 2169 restet
603 2107 668 2169 alia
691 2107 827 2183 quaestio
849 2107 1016 2172 litteraria.
1056 2108 1197 2186 Catolopi
1218 2108 1297 2170 enim
1314 2109 1472 2172 Bobiensis
1493 2110 1617 2189 antiqui

321 2209 494 2284 (Muratori
516 2208 720 2285 Antiquitatcs
740 2209 873 2272 italicae
894 2212 963 2286 III,
988 2219 1061 2286 820,
1091 2212 1135 2286 es.
1168 2213 1200 2273 Ο.
1228 2211 1358 2274 Thuroti
1379 2223 1527 2290 excerpta
1548 2217 1570 2275 l.
1595 2218 1617 2275 l.

316 2333 351 2391 p.
377 2320 415 2373 6³
436 2316 517 2387 not.)
540 2310 602 2371 inm
625 2313 737 2373 dudum
752 2310 864 2374 mentio
883 2312 1062 2386 [uetuerat
1084 2315 1143 2373 hac
1165 2317 1196 2374 in
1219 2330 1254 2373 re
1275 2322 1303 2375 et
1324 2312 1620 2388 nIteifferscheidio

322 2413 408 2488 olim,
440 2412 511 2474 dein
534 2430 554 2472 a
576 2412 678 2474 Keilio
707 2422 798 2489 atque
826 2415 990 2492 Muellero,
1019 2414 1072 2490 qui
1099 2432 1166 2476 cum
1193 2414 1259 2476 alia
1286 2423 1347 2476 tum
1375 2417 1451 2476 haec
1479 2414 1618 2478 exhibet:

322 2515 458 2578 ‘librum
481 2517 503 2575 I
523 2513 669 2576 Flauiani
691 2518 729 2575 de
750 2531 894 2576 emesensn
916 2514 1069 2577 nominum
1092 2525 1121 2578 ct
1143 2513 1365 2598 uerbornn’.*)

406 2620 499 2679 Hune
519 2615 618 2692 ipitur
638 2620 735 2678 locum
759 2634 820 2677 uno
841 2633 985 2677 consensu
1007 2633 1115 2688 ornnes,
1138 2616 1192 2693 qni
1215 2615 1247 2678 in
1269 2620 1329 2678 hnc
1350 2617 1527 2693 quaestione
1547 2638 1619 2683 ena

323 2721 428 2781 danda
449 2721 648 2794 cadauerum,
672 2717 750 2780 sutis
768 2717 969 2795 probabiliter
996 2721 1039 2778 nd
1066 2718 1202 2795 quintum
1232 2719 1368 2782 Charisii
1394 2720 1503 2782 tibrum
1525 2730 1619 2784 rettu-

321 2826 433 2884 lerunt.
478 2818 570 2882 Cuius
596 2806 698 2896 operis
725 2819 820 2881 libros
846 2829 987 2896 quattuor
1012 2819 1151 2897 priores,
1187 2840 1262 2897 quas
1289 2839 1309 2880 n
1337 2820 1442 2896 quinto
1467 2821 1621 2887 seiunctos

323 2940 545 2999 nonnumquam
579 2920 746 2999 separatim
780 2941 800 2982 n
833 2920 974 2983 librariis
1006 2921 1137 2999 scriptos
1162 2922 1262 2996 fuisse
1288 2922 1430 2985 conicere
1456 2923 1544 3000 licet,
1580 2945 1620 2987 en

326 3026 416 3085 habes
438 3024 552 3085 diserte
574 3032 763 3086 enumeratos
784 3023 816 3086 in
839 3027 981 3100 catalopo
1002 3023 1272 3101 prommntieorum
1299 3025 1468 3101 Beruensi,
1499 3028 1537 3088 de
1558 3045 1621 3103 quo

323 3126 412 3187 huius
437 3125 539 3202 partis
566 3125 670 3202 cupite
693 3125 795 3202 primo
817 3124 1012 3188 disseruimus
1029 3145 1063 3203 p.
1087 3127 1306 3187 CXXXXIX:
1334 3128 1379 3187 Ite
1400 3127 1496 3190 Itnlia
1518 3175 1615 3192 .....

324 3225 472 3289 Flauiani
492 3225 566 3288 libri
587 3229 670 3287 IIII.

407 3331 517 3405 Itaque
544 3346 647 3389 rernm
676 3337 765 3405 atque
794 3338 958 3407 temporum
986 3329 1098 3391 notitia
1119 3328 1285 3406 paullatim
1308 3328 1470 3407 diffluente
1492 3331 1621 3403 accidit,

324 3441 355 3494 ut
384 3429 520 3492 Charisii
547 3429 667 3492 nomine
694 3430 846 3493 obliuione
872 3435 985 3493 obtecto
1012 3431 1077 3492 eius
1103 3430 1222 3507 scripta
1248 3434 1336 3492 modo
1362 3432 1535 3496 Geminiani
1565 3455 1621 3498 no·

323 3532 405 3594 mine
422 3542 683 3609 propopurentur‚
707 3531 794 3594 cuius
814 3533 861 3594 rei
875 3533 995 3595 Keilias
1011 3532 1205 3595 uerisimilem
1220 3550 1345 3593 eausam
1360 3534 1499 3596 reddidit
1507 3539 1619 3612 prees.

328 3633 448 3696 Chnris.
466 3652 501 3710 p.
525 3635 683 3704 XLVIII,
711 3637 799 3695 modo
822 3634 976 3697 Flauiano
997 3634 1119 3696 cuidem
1142 3633 1365 3709 tribuerentur,
1395 3639 1477 3710 quod
1497 3637 1621 3712 quidem

325 3755 429 3798 nomen
453 3754 492 3797 en
520 3735 618 3812 ipsius
642 3735 777 3798 Charisii
800 3737 1001 3814 praenomine
1027 3739 1185 3810 confictum
1213 3744 1281 3797 erat
1307 3735 1366 3811 ita,
1397 3745 1431 3798 ut
1456 3737 1520 3800 iam
1541 3740 1621 3803 satis

326 3837 448 3900 uetustis
476 3836 659 3914 temporibus
686 3841 746 3899 drao
780 3838 841 3899 ista
873 3838 998 3901 nomina
1030 3838 1120 3914 quasi
1145 3841 1228 3899 nullo
1261 3836 1324 3899 nisi
1352 3837 1485 3912 fortuito
1515 3860 1620 3904 rerum

324 3959 444 4003 conexu
466 3941 509 4000 ad
529 3959 591 4001 sese
613 3939 792 4002 accedentia
819 3944 906 4003 moda
934 3941 1096 4004 coniuncta
1123 3939 1415 4015 circumferrentur,
1445 3945 1534 4003 modo
1558 3962 1621 4020 pro

324 4061 356 4104 se
382 4044 522 4118 quodque
549 4041 734 4104 auctoritate
762 4041 908 4118 eriperent.
962 4045 1023 4116 (luo
1046 4044 1166 4117 suctum
1195 4050 1255 4121 est,
1286 4050 1318 4102 ut
1345 4042 1406 4104 iam
1434 4043 1468 4104 in
1494 4046 1622 4109 scholiis

327 4143 531 4205 Brruensihus
553 4153 582 4203 et
604 4143 799 4205 dominianus
820 4154 850 4207 et
864 4145 1034 4208 Flauianus
1051 4144 1175 4207 seorsim
1198 4145 1409 4219 lrrrrdnrentur,
1433 4145 1622 4209 coniunctim

325 4245 358 4306 iu
380 4256 446 4306 nrte
468 4265 619 4324 anonyma
642 4246 794 4307 Beruensi
809 4265 844 4323 p.
873 4256 941 4323 133,
968 4256 1002 4307 29
1030 4257 1120 4323 utque
1142 4248 1227 4322 opina
1250 4248 1483 4308 Malsnrhnnum
1504 4257 1533 4309 et
1555 4251 1621 4311 Cle-

393 4550 420 4615 *t
440 4553 515 4601 Recte
534 4552 562 4601 H.
582 4551 677 4601 lieillus
702 4552 785 4602 Herm.
804 4554 857 4620 lp.
877 4558 926 4606 333
948 4554 1015 4602 huuc
1040 4554 1138 4602 titulum
1163 4570 1212 4603 nou
1238 4556 1270 4603 tul
1293 4555 1480 4603 celeberrimum
1505 4555 1621 4606 codicem

327 4619 519 4684 Neapolitanum
549 4621 674 4684 pertinere
700 4635 778 4685 posse
801 4623 878 4684 uidit,
906 4624 1003 4687 qrrippe
1026 4624 1069 4684 qui
1092 4623 1165 4671 Bobii
1188 4625 1299 4688 scriptus
1326 4634 1350 4671 et
1377 4638 1464 4671 omues
1492 4624 1622 4674 contiueat

325 4689 437 4749 qrrinque
455 4689 541 4744 libros,
561 4689 584 4734 iu
605 4702 712 4748 quorum
733 4691 921 4741 truluersitutem
940 4690 988 4738 ista
1008 4691 1083 4738 uerba
1102 4691 1205 4739 minime
1228 4692 1368 4752 quadrent,
1387 4701 1412 4740 et
1430 4706 1476 4739 stro
1496 4692 1549 4740 loro
1569 4690 1620 4741 So·

325 4756 414 4820 sipntri
435 4756 535 4803 tremine
553 4757 639 4805 addite
658 4758 682 4806 iu
703 4759 791 4807 eodem
810 4759 851 4808 illo
871 4758 986 4822 catalogo
1006 4768 1164 4805 enumeretur
1183 4775 1208 4823 p.
1227 4760 1285 4808 821.
