3420 5378
538 290 613 343 CVM
632 290 838 344 Excutiens
856 292 1028 347 INBDITIS.

610 479 658 541 ud
686 480 947 543 hlEThPLllSMO.

217 648 266 731 ill.
283 649 371 734 63⁸u
395 653 530 732 Syncope
558 660 603 712 est
624 650 734 712 ahlatio
756 650 793 712 de
817 651 911 712 media
935 652 1063 713 dictione
1085 653 1234 712 contraria
1257 652 1422 732 epenthesi,

132 745 163 796 ut
185 735 349 799 ‘audacter'
373 755 428 818 pro
451 737 626 798 ‘audaciter'
651 745 680 798 et
701 740 809 799 ‘norat’
834 756 889 817 pro
911 740 1070 799 ‘nouerat’.
1116 735 1310 799 Sedulius:

299 822 411 894 Quem
434 832 544 883 norat
567 840 636 883 non
661 841 742 883 esse
765 821 829 883 Oei
853 825 1068 903 passimque
1090 830 1277 884 cateruas.

105 907 269 969 t‘l'orsan'
294 926 349 987 pro
371 906 530 970 ‘rorarunt

300 993 370 1054 'l'er
391 991 415 1075 †
438 1011 570 1054 nomen
592 1012 630 1053 se
653 994 732 1054 suis
754 992 918 1054 redeunt
939 1000 1227 1073 statatempora
1250 994 1361 1055 metis

131 1096 187 1157 pro
209 1081 352 1140 ‘statuta’.
414 1148 419 1159 Ι

300 1163 414 1225 'l'roia
438 1182 535 1225 nune
557 1163 696 1244 placita
718 1172 927 1244 conpostus
949 1181 1039 1243 pace
1061 1163 1227 1242 quiescit

12 1252 22 1281 '
131 1267 187 1329 pro
209 1251 418 1329 ‘conpositus’.

93 1428 119 1469 1⁰
216 1414 264 1500 ssl.
280 1416 343 1481 aab
358 1417 370 1501 11
388 1421 535 1482 Oiaeresis
557 1430 603 1482 cst
625 1422 761 1483 discissio
783 1419 912 1499 syllabae
933 1422 1022 1481 unius
1045 1420 1074 1480 iu
1098 1419 1172 1481 duas
1195 1420 1286 1490 lacta,
1309 1421 1400 1481 sicut:

302 1503 377 1566 Olli
401 1506 602 1587 respondit
623 1525 688 1567 rex
712 1506 817 1567 Albai
841 1505 991 1583 Lougei.

132 1588 214 1650 Vnde
236 1591 349 1668 antiqui
371 1589 497 1652 ‘dlham’
523 1601 549 1651 et
574 1593 740 1670 ‘lionganrss
764 1609 840 1668 quac
862 1598 932 1651 sunt
947 1591 1066 1651 nornine
1083 1589 1196 1668 primae
1212 1589 1423 1660 declinationis,

131 1675 296 1751 genitiuum
320 1674 503 1753 singularem
527 1679 555 1737 in
578 1695 610 1737 as
632 1675 799 1745 mittebant,
822 1676 957 1736 datiuum
979 1673 1158 1753 singularem
1182 1677 1211 1735 in
1235 1677 1272 1735 ai.

301 1760 435 1822 Saulus
457 1760 595 1823 Paulus
618 1762 761 1823 Christi
784 1780 863 1823 cunt
885 1761 986 1821 iacta
1009 1767 1176 1838 negaret.
1200 1795 1238 1805 —

94 1854 119 1895 15
301 1844 507 1907 Laudatur
530 1856 616 1907 ante
640 1846 782 1927 polum,
805 1846 866 1907 lux
890 1843 985 1906 clari
1008 1863 1120 1906 causa
1143 1846 1229 1907 diei.

217 2013 403 2096 synaloephe
434 2026 479 2077 est
506 2035 560 2097 per
590 2020 837 2096 interceptionem
865 2018 1109 2078 concurrentium
1139 2015 1285 2078 uocalium
1307 2016 1423 2079 lubrica

132 2099 277 2178 quaedam
300 2099 433 2182 lenisque
456 2102 589 2172 ecclisia,
614 2109 662 2162 ut:

301 2188 479 2266 Atqueea
503 2188 655 2249 diuersa
680 2187 934 2267 penitnsdnnr
958 2194 1278 2265 perlegerentur

130 2288 185 2349 pre
208 2274 307 2351 ‘atque
329 2274 386 2332 ea’.
434 2273 511 2334 llaec
534 2293 549 2333 a
572 2271 796 2353 qrrihusdanr
818 2273 960 2350 syncrisis
982 2273 1161 2333 nominatur.
1199 2271 1409 2349 Vergilius:

91 2367 118 2407 ω
299 2356 415 2417 hiulta
431 2376 575 2437 quoquc
592 2366 626 2417 ct
642 2356 743 2418 hello
759 2375 906 2435 passus.
929 2357 1010 2418 drrrn
1026 2356 1367 2418 condereturhenr.
1384 2394 1425 2403 -

301 2441 391 2503 Cara
414 2443 505 2504 mihi
528 2451 612 2505 ante
636 2443 744 2504 alias:
769 2461 890 2522 neque
913 2445 1007 2505 enirn
1030 2461 1156 2520 prorius
1174 2444 1246 2504 iste
1270 2442 1422 2504 Dianae.

131 2524 252 2606 Ellipsis
275 2533 319 2587 cst
341 2530 490 2607 superiori
518 2531 668 2589 contraria
696 2530 923 2589 consonantium
951 2546 1017 2589 cunr
1048 2526 1203 2589 ducalibus
1226 2546 1330 2608 aspere
1354 2545 1424 2588 con·

130 2613 315 2672 currentium
339 2615 484 2692 qrraedarn
508 2613 638 2675 dilsreilis
660 2632 694 2674 ac
717 2613 790 2674 dura
813 2612 953 2679 conlisio.
981 2620 1026 2672 ut:

527 2698 682 2760 multum
705 2698 773 2759 ille
796 2707 830 2758 et
852 2699 974 2759 torris
997 2699 1166 2758 iactatus
1188 2705 1223 2757 et
1245 2694 1332 2758 alto.

90 2783 218 2843 ”ltemz

300 2869 380 2929 Stat
402 2869 531 2930 donnus
553 2877 587 2931 et
609 2868 757 2948 scopuli
779 2870 968 2946 ingentem
991 2875 1144 2927 traxere
1167 2869 1324 2927 ruinam.

130 2953 219 3014 ltenr:

300 3036 501 3099 Ornnlturn
525 3046 608 3098 ante
631 3038 725 3099 alias
749 3037 884 3099 infelix
908 3036 1037 3098 littera
1060 3036 1198 3098 tltetta.

130 3123 293 3185 Antithesis
315 3131 358 3184 est
379 3122 495 3183 litterae
517 3142 570 3203 pro
594 3122 691 3185 littera
715 3126 838 3202 positio,
863 3131 895 3182 nt
917 3121 991 3184 ‘olli'
1016 3142 1070 3203 pro
1093 3121 1173 3183 ‘illi’.
1212 3122 1422 3201 Vergilius:

90 3218 117 3259 ³⁰
300 3206 373 3268 Olli
395 3208 599 3269 subridens
621 3207 807 3269 hominum
831 3216 932 3268 sator
954 3215 1064 3287 atque
1089 3208 1252 3268 Deorum.

130 3293 214 3354 Sicut
235 3295 355 3355 ‘tronus'
380 3312 433 3373 pro
457 3292 592 3363 ‘honus';
615 3297 693 3355 sicut
715 3295 878 3374 ‘optumus'
902 3311 957 3373 pro
981 3294 1145 3374 ‘optinrus’.

129 3414 263 3423 .---
275 3414 357 3422 ——-

130 3493 359 3531 amrelmum.

215 3550 233 3608 2
256 3554 390 3609 lulianus
416 3570 446 3624 p.
469 3557 521 3609 33:
554 3554 678 3628 Syncope
701 3551 902 3608 -audaciter
928 3562 956 3608 et
983 3561 1132 3608 commorat
1161 3570 1211 3626 pro
1239 3563 1424 3608 cornmoucrat

130 3646 158 3693 et
181 3645 260 3693 norat
283 3654 333 3710 pro
356 3648 470 3694 rronerat
495 3669 532 3678 -
556 3648 681 3695 cateruas
704 3648 732 3694 et
754 3646 861 3708 cetera,
884 3639 1002 3708 reliquis
1024 3639 1143 3694 omissis.

218 3723 257 3780 10
278 3721 413 3778 Iulianus
426 3724 462 3793 p.
486 3727 523 3778 33
544 3730 673 3779 extremo
694 3725 755 3779 loco
778 3720 858 3779 ‘dux
879 3754 921 3762 —
943 3723 1010 3778 dici’
1032 3728 1140 3779 omisso.

217 3808 255 3865 16
277 3805 410 3863 Iulianus
430 3825 459 3879 p.
484 3812 537 3864 33:
565 3808 735 3883 Synaloeplre
758 3839 800 3847 —
823 3816 964 3882 geruntur.
1010 3807 1079 3863 llaec
1101 3824 1115 3862 a
1138 3807 1298 3880 quihusdarn
1327 3823 1423 3881 synae-

131 3892 201 3950 resis
224 3893 388 3949 nominatur.
436 3892 577 3964 Virgilius:
601 3894 683 3949 llulta
706 3923 747 3932 —
771 3893 880 3961 urbem,
903 3896 1011 3950 omissis
1033 3890 1106 3949 ‘cara
1129 3924 1169 3931 —
1192 3891 1309 3948 Oianae'.

216 3976 255 4033 22
278 3977 412 4034 Italiunus
431 3996 461 4048 p.
485 3981 537 4033 33.-
560 3977 668 4051 Ellipsis
691 3987 733 4035 est
755 3980 888 4034 contraria
912 4008 954 4018 -
976 3986 1004 4033 et
1025 3977 1097 4049 alto,
1121 3979 1224 4033 ceteris
1246 3978 1363 4033 omissis,

216 4062 256 4118 29
277 4062 411 4119 Iulianus
431 4082 460 4136 p.
486 4066 538 4117 33:
561 4064 710 4120 Antithesis
733 4096 773 4103 -
798 4065 921 4120 Ocoruru.
967 4063 1099 4136 Optumus
1122 4079 1172 4136 pro
1196 4063 1325 4136 optimus.

131 4261 243 4297 contere
261 4261 419 4297 sennensis
438 4249 487 4297 207
506 4261 653 4298 varrenas.

198 4315 337 4380 isiacopc
406 4311 572 4379 dserlnlins]
597 4313 638 4363 lid.
659 4313 711 4363 Ill
727 4322 784 4363 tom.
808 4314 849 4363 VI
866 4330 892 4377 p.
913 4315 1060 4363 trader.
1080 4313 1146 4363 Ben.
1222 4316 1329 4374 lquor
1350 4323 1423 4362 norat

132 4398 182 4431 uon
200 4398 258 4432 esse
275 4382 355 4432 Ileunr
375 4381 574 4445 Iulirrauslnon
594 4399 640 4431 orat.
727 4379 848 4447 OTrnia]
874 4382 1145 4446 Verp.tlerr.124d
1232 4383 1264 4430 10
1281 4381 1388 4430 dieresis

131 4449 234 4498 sillabas
305 4448 954 4516 110111]Εηηὶἰιιενειιε.([.θοη.ρ,396,19
1023 4452 1054 4499 13
1073 4450 1097 4497 iu
1117 4466 1145 4497 as
1163 4448 1290 4498 faciehant
1308 4448 1423 4498 Iulianus

134 4519 164 4567 16
182 4518 282 4567 sinalile
351 4519 383 4567 18
402 4515 495 4583 Atque]
519 4519 595 4584 Verp.
617 4520 680 4567 Aea.
701 4518 745 4567 IX
762 4521 777 4567 1
830 4531 888 4583 pate
958 4520 988 4569 19
1007 4518 1122 4567 sinerisis
1191 4520 1224 4566 20
1243 4513 1333 4582 llnlta]
1354 4518 1422 4569 Aen.

131 4584 182 4633 15
249 4588 279 4635 21
300 4583 376 4650 sara]
400 4586 694 4650 Verp.Aen.IX5.37
745 4597 803 4634 aitte
820 4587 913 4647 alionis
964 4585 1038 4634 diane
1115 4587 1147 4635 22
1166 4585 1293 4648 superiori
1312 4602 1358 4634 orn.
1377 4584 1421 4634 Iu·

130 4654 213 4703 lirmus
288 4655 321 4703 24
340 4651 456 4718 multum]
481 4654 559 4717 Verp.
579 4656 646 4704 Aen.
666 4652 718 4702 13
769 4655 802 4703 26
821 4652 887 4718 Stat]
911 4655 987 4717 Verp.
1008 4654 1072 4704 Aen.
1096 4653 1240 4703 11111192
1292 4654 1419 4717 ingentem

130 4721 229 4785 seopeli
275 4719 483 4786 28οηιιιΙιιιηι]
505 4721 828 4787 Cs.1aid.orr'p.13,8
885 4724 917 4773 29
935 4721 1087 4772 arithithesis
1145 4722 1255 4786 possitio
1307 4724 1340 4772 30
1358 4717 1421 4786 Olli]

132 4789 198 4839 Aea.
218 4788 235 4837 1
253 4790 305 4838 254
373 4793 403 4839 31
424 4805 470 4854 pro
490 4791 600 4839 ohtiurus
