3420 5378
544 296 691 350 coo1c1s
710 297 912 351 sunnonem
930 302 972 351 ea.
1345 298 1406 362 185

108 482 308 546 ‘Altiuillare'
336 483 481 565 appellas,
511 504 579 546 curn
603 487 628 545 si
651 493 837 546 constructor
864 487 928 547 eius
957 504 1065 547 nomen
1095 484 1249 546 habuisset
1278 484 1404 556 ‘Altus',

109 593 181 647 tunc
202 585 389 647 solummodo
411 595 512 666 posset
534 588 572 647 ita
596 589 713 658 uocari,
741 595 773 647 ut
796 585 881 647 uerbi
902 589 995 664 gratia
1020 588 1117 648 ‘mons
1139 586 1282 648 Biduini'.
1320 586 1405 648 Nunc

108 695 209 748 auteur
232 688 256 748 si
279 688 381 767 nequit
403 689 441 748 ita
465 690 581 758 uocari,
604 689 682 750 sicut
698 689 908 749 monasterium
922 689 1059 766 ‘Magnus
1074 688 1182 749 Locus'
1198 687 1404 767 ‘Magnilocus’

109 790 213 869 nequit
234 790 412 869 nuncupari,
437 788 490 850 sed
513 791 538 850 si
560 789 680 870 decepit
703 800 730 850 te
752 791 972 851 ‘centimanus'
996 789 1230 850 ‘celsithronus’
1254 788 1403 851 ‘altitlrro

82 893 187 960 snus',
212 890 280 951 uide
304 890 421 953 tandem
445 890 617 971 aliquando,
641 892 720 971 quod
744 890 821 952 ‘alti’
842 890 939 953 ‘celsi’
963 900 992 951 ct
1015 893 1117 951 ‘centi’
1139 910 1199 952 non
1222 900 1292 952 sunt
1314 909 1403 969 gene-

108 994 177 1062 uui,
199 993 251 1054 sed
275 993 436 1054 accusatlui
595 1041 601 1054 .
621 1041 628 1055 .
648 1042 655 1055 .
677 992 878 1054 ‘altithronus’
903 990 1127 1054 ‘celsithronus’
1150 991 1241 1054 altum
1266 992 1403 1053 thronum

107 1093 223 1156 babens
246 1104 276 1155 et
298 1093 408 1154 celsum
432 1093 571 1154 tlrronum
596 1093 722 1164 babens,
747 1103 776 1155 et
792 1097 1002 1156 ‘centimanus'
1026 1102 1145 1155 centum
1161 1112 1265 1155 manus
1281 1093 1404 1154 liabens.

108 1194 179 1256 ldeo
207 1213 280 1256 sane
308 1194 368 1255 dixi
391 1197 504 1256 ‘conti'
528 1215 592 1257 esse
616 1198 831 1269 accusatiuum‚
861 1198 928 1274 quia
959 1198 1023 1257 eius
1052 1194 1169 1257 uidetur
1192 1195 1289 1257 oldcio
1312 1195 1403 1274 tongi,

108 1297 186 1356 sicut
221 1296 453 1378 ‘pennipotens’
492 1305 522 1357 ct
565 1299 785 1378 ‘armipotens'
830 1297 951 1359 ablatiui
987 1297 1035 1359 uel
1073 1299 1166 1376 magis
1208 1298 1339 1377 genetioi
1375 1304 1403 1357 et

71 1412 97 1452 ιο
111 1399 287 1477 ‘armigeri'.

196 1602 208 1680 Ἰ
226 1601 245 1661 l.
263 1598 320 1662 70·
337 1599 351 1684 ll
375 1602 526 1663 ‘Perinde’
551 1605 672 1682 ponitur
694 1605 828 1665 usitatius
851 1621 904 1682 pro
927 1605 1123 1684 ‘propterea’‚
1146 1601 1300 1682 sedsaepe
1316 1620 1402 1681 repe·

108 1703 184 1763 ritur
207 1721 262 1782 pro
282 1702 458 1772 ‘similitcr’,
476 1703 524 1764 uel
547 1705 621 1775 ‘ita’‚
646 1714 678 1767 ut
699 1707 734 1766 in
758 1705 906 1783 dialogo
930 1706 1061 1778 Seueri
1084 1704 1127 1765 de
1149 1705 1402 1770 Postumiann:

108 1803 287 1882 ‘perinde
310 1814 420 1886 atque
443 1824 510 1885 ego
535 1807 743 1887 triumphat
764 1806 928 1884 gaudio'.

195 2037 208 2122 Η
224 2041 246 2102 l.
263 2039 319 2102 tl·
338 2041 350 2123 tl
375 2043 525 2104 lnterdum
549 2043 585 2104 ab
608 2042 778 2106 auctoribus
800 2041 948 2104 difficilior
970 2042 1067 2121 glossa
1098 2043 1225 2120 ponitur,
1255 2061 1343 2123 quam
1366 2043 1405 2103 sit

70 2144 207 2223 reipsum
232 2143 310 2221 qrrod
333 2146 502 2224 exponitur,
527 2153 559 2207 ut
581 2145 838 2224 Hieronymus:
869 2148 1024 2205 ‘terrenus
1046 2143 1123 2204 idest
1144 2141 1288 2205 obolous'
1332 2142 1402 2206 Tale

109 2253 155 2304 est
177 2252 207 2303 et
228 2242 299 2304 illud
323 2245 510 2308 Prisciani
533 2248 563 2307 iu
587 2247 822 2327 praepositione:
853 2246 949 2326 ‘prae’
973 2247 1093 2327 ponitur
1117 2264 1170 2324 pro
1194 2245 1265 2321 ‘ab’,
1290 2254 1336 2306 ut:
1361 2246 1405 2306 ‘tn

109 2346 216 2405 misera
247 2364 318 2426 prae
346 2353 476 2418 amore’,
505 2347 582 2408 idest
603 2347 640 2407 ab
663 2365 779 2417 amore,
801 2343 814 2430 ΙΙ
829 2348 849 2408 t.
868 2344 928 2408 'lll
948 2343 962 2430 ΙΙ
982 2346 1034 2408 ubi
1056 2348 1081 2408 si
1103 2357 1273 2426 quaeratur,
1305 2356 1403 2407 utrum

109 2464 203 2507 necne
231 2446 289 2507 dici
318 2450 411 2528 possit
436 2447 492 2509 alia
520 2452 756 2511 constructione:
786 2452 864 2510 ‘est’
893 2448 940 2509 uel
968 2448 1043 2509 ‘luit
1065 2449 1172 2509 misera
1196 2465 1267 2526 prae
1290 2466 1402 2517 amore,

10 2582 14 2589 ·
107 2548 185 2608 idest
205 2547 243 2609 ab
265 2552 388 2619 amore',
420 2551 467 2611 uel
489 2568 593 2611 omnes
616 2550 662 2611 uel
685 2560 768 2612 certe
790 2570 885 2631 paene
907 2569 1011 2611 omnes
1032 2550 1184 2627 negabunt
1212 2568 1313 2628 posse,
1343 2568 1403 2610 non

69 2658 207 2710 notamen
235 2652 307 2721 rite;
337 2653 382 2712 sic
411 2670 536 2732 namque
564 2660 662 2732 potest
683 2661 713 2714 et
735 2653 835 2715 dicere
858 2663 886 2713 te
910 2660 940 2712 et
961 2649 1033 2711 illud
1063 2651 1150 2713 etiam
1179 2649 1237 2712 dici
1266 2659 1404 2730 potuerat

107 2750 297 2830 regulariter.

192 2955 309 3017 ‘Sodes'
333 2956 508 3019 aduerbium
531 2976 590 3019 non
614 2959 762 3036 significat
784 2956 971 3028 ‘sodaliter'‚
994 2956 1045 3017 scd
1069 2955 1244 3019 minerbium
1268 2964 1314 3018 est
1335 2975 1402 3036 pre·

10 3101 13 3105 -
108 3041 255 3127 catinum,
280 3065 312 3118 ut
334 3057 405 3118 illud
430 3060 576 3120 Auieni:

261 3159 341 3227 uic,
365 3161 489 3230 sodes,
512 3160 683 3238 quidnam
708 3161 856 3242 trepido
880 3159 951 3222 tibi
975 3159 1111 3220 retulit
1134 3178 1232 3221 ursa.

68 3259 173 3320 ts‘So'
197 3259 337 3321 uidelicet
359 3260 518 3341 producta,
542 3281 609 3323 cum
633 3264 721 3324 sitin
745 3263 861 3324 ‘sodali'
885 3270 1032 3342 correpta.

192 3362 274 3424 lnter
295 3360 532 3424 ‘abrenuntiare'
554 3373 584 3424 et
606 3366 804 3427 ‘renuntiare’
829 3364 885 3424 boo
908 3367 1042 3433 interest,
1067 3362 1144 3441 qnod
1161 3362 1402 3424 abrenuntiamus

109 3461 246 3533 inlicitis,
271 3465 475 3525 renuntiamus
498 3464 595 3528 licitis.
640 3466 890 3529 abrenuntiamus
906 3464 1027 3526 lliabolo
1051 3477 1080 3526 et
1102 3463 1238 3525 omnibus
1261 3465 1403 3544 operibus

108 3565 173 3625 eius
196 3573 226 3626 et
248 3564 387 3626 omnibus
409 3567 526 3646 pompis
549 3569 605 3636 eis,
636 3571 843 3630 renuntiamus
866 3568 979 3628 diuitiis
1002 3576 1031 3628 et
1054 3566 1182 3647 propriis
1205 3564 1401 3626 facultatibus.

194 3801 430 3865 ‘Praesctenua’
454 3807 575 3883 ponitur
598 3804 757 3884 aliquando
781 3825 836 3886 pro
858 3805 1165 3886 praedestinatione,
1196 3811 1229 3864 ut
1250 3813 1296 3863 est
1317 3802 1402 3863 illud:

70 3906 189 3962 so‘non
212 3903 343 3984 reppulit
365 3904 442 3966 [leus
466 3905 582 3985 plebem
605 3924 704 3974 suam,
728 3924 815 3984 quam
839 3908 1004 3986 praesciit’,
1028 3906 1105 3967 idest
1127 3905 1402 3984 ‘praedestinante

108 4004 139 4063 iu
162 4004 327 4067 secundo
349 4006 447 4067 libro
470 4007 511 4067 ad
536 4006 771 4090 Prosperuin.
818 4008 877 4069 Nos
899 4016 998 4069 tamen
1021 4009 1079 4069 iarn
1103 4025 1181 4067 nunc
1196 4008 1289 4086 ipsam
1306 4007 1404 4086 potius

108 4115 212 4167 tenere
241 4105 384 4168 debemus
412 4107 609 4169 differentiam
640 4117 762 4190 propter
789 4109 877 4178 illud,
907 4109 986 4189 quod
1016 4110 1104 4170 nimis
1134 4109 1209 4169 male
1240 4111 1274 4169 in
1303 4110 1403 4170 Sma-

179 4290 365 4358 lAltiuillare]
385 4294 427 4358 Cf.
445 4297 659 4360 euprap.178‚7
709 4298 826 4354 tmere,
845 4311 913 4346 corr.
924 4309 998 4344 mons
1051 4295 1158 4354 bidjnini
1217 4293 1403 4345 deelsitrouns

107 4361 124 4410 e
142 4357 295 4426 accusntlui]
315 4361 441 4412 Secuntur
452 4363 532 4413 uerbo
543 4367 662 4413 nonnullo
674 4364 794 4414 obscura:
814 4375 840 4412 et
851 4365 956 4428 insuper
968 4372 995 4412 ut
1007 4364 1133 4426 genetrice
1151 4363 1207 4412 siue
1225 4363 1304 4428 g'ento
1322 4363 1360 4410 ste
1378 4362 1403 4409 in

108 4429 213 4488 ejuertis
226 4429 266 4477 ·i·
280 4429 305 4477 in
319 4431 421 4478 nomine
433 4430 572 4487 bouelaoii,
592 4447 656 4496 quoe
673 4432 787 4492 fortusse
798 4433 836 4481 eie
848 4432 1003 4495 explicando
1014 4438 1085 4480 erent:
1104 4440 1128 4478 et
1145 4431 1252 4495 insuper
1271 4438 1297 4478 nt
1315 4433 1404 4493 ‘gene-

107 4497 179 4545 trice’
198 4497 254 4546 siue
271 4499 424 4562 ‘genetiuo’,
443 4498 481 4547 sio
493 4500 518 4547 in
531 4514 545 4547 e
558 4500 635 4546 uenis
654 4500 660 4546 i
680 4500 705 4547 in
724 4501 826 4548 nomine
839 4498 1002 4559 ‘Bouilacii’;
1023 4515 1079 4547 nam
1097 4499 1129 4548 de
1141 4513 1171 4548 eo
1183 4500 1281 4547 nomine
1299 4499 1340 4546 rtet
1355 4512 1405 4560 per

108 4579 122 4614 e
134 4566 175 4613 oet
185 4580 234 4628 per
245 4566 363 4629 ireripto
375 4567 420 4629 ogi
430 4567 540 4624 uidetur.
583 4566 719 4615 altitroous
731 4566 882 4616 eelsitronns
895 4566 1040 4615 altitronnm
1055 4565 1151 4614 liabens
1163 4577 1188 4615 et
1199 4565 1293 4614 celsum
1308 4565 1403 4614 babens

108 4633 124 4680 e
143 4631 182 4680 uel
201 4647 301 4694 manos,
317 4649 387 4684 corr,
397 4634 481 4698 magis
552 4636 582 4683 12
601 4630 700 4699 Seueri]
720 4636 787 4684 Dt'ot.
806 4632 1073 4687 led.Ben.tom.V1
1089 4650 1117 4697 p.
1130 4634 1215 4684 358A
1286 4634 1317 4682 14
1330 4631 1404 4697 glosa

110 4699 141 4748 16
159 4698 295 4765 Prisciani]
315 4701 349 4751 ΙΙ
366 4718 395 4765 ρ.
413 4704 481 4764 50‚5
533 4716 589 4766 pro,
607 4718 709 4766 semper
761 4704 917 4771 liquaerot
966 4703 1000 4752 20
1017 4712 1117 4767 postest
1179 4702 1212 4751 22
1230 4701 1404 4767 preemtiuum

108 4768 142 4818 23
160 4764 266 4832 dotent]
286 4769 325 4832 Cf.
343 4785 423 4834 snpra
438 4787 466 4834 p.
486 4772 545 4835 tu,
564 4773 596 4820 15
664 4771 698 4822 28
716 4784 795 4837 pomp
871 4771 904 4821 29
922 4769 1059 4834 aliquando
1076 4779 1182 4836 propter
1198 4768 1371 4819 destinatione
