3466 5422
213 320 299 367 xxiv
621 304 671 354 Dte
691 301 813 354 multis
831 299 1092 355 BERNENSIBVS.

213 493 299 554 ribus
322 500 391 553 sunt
411 493 549 552 inuentae
572 523 613 537 —
632 492 754 565 f.127⁰
776 498 828 551 aut
849 490 1077 551 admirationem
1100 497 1132 550 ut
1153 505 1248 569 papae
1270 496 1320 550 aut
1342 495 1453 550 metum
1478 495 1510 549 ut

217 602 247 655 at
270 603 311 655 tat
334 602 362 654 ct
384 596 466 673 siqua
490 603 558 654 sunt
580 595 627 654 his
649 592 771 661 similia,
795 626 837 636 -
858 611 899 653 err
920 609 982 668 quo
1002 593 1078 654 hoec
1096 593 1215 669 plueret
1235 608 1416 668 excerpere:

299 701 317 758 l.
336 698 412 755 112·
435 692 554 756 tttctlll
575 700 614 756 lili
635 697 787 754 Ltttuttt.
818 699 920 770 Genera
937 697 1088 753 liturarum
1104 697 1211 753 diuersa
1227 706 1307 767 sunt,
1332 697 1395 770 quia
1411 695 1468 769 (qui
1484 696 1510 768 a)

214 785 332 842 diuersis
355 785 423 841 lucis
448 796 475 840 et
497 784 657 842 auctoribus
679 791 744 839 sunt
768 784 903 841 inuentae.
939 781 1004 837 llam
1026 791 1088 839 ante
1111 781 1243 838 diluuium
1258 781 1350 839 Enoch
1373 783 1511 838 inuenisse

213 870 321 926 litteras
348 870 500 938 credimus,
533 869 633 942 quibus
663 876 764 924 textum
794 867 956 942 prophetiae
983 884 1048 924 suae
1076 866 1130 923 illis
1158 866 1328 942 temporibus
1357 866 1511 923 ostendisse

214 972 269 1012 nou
292 954 403 1011 dubium
426 963 468 1008 est
492 962 609 1010 testante
625 951 758 1027 epistola,
782 969 852 1026 quae
866 952 998 1010 catholica
1014 953 1176 1010 nominatur.
1214 951 1393 1025 Prophetauit
1408 960 1511 1008 autem:

214 1041 260 1096 nit
281 1041 414 1113 septimus
437 1039 470 1093 alr
493 1039 576 1094 Adam
598 1037 691 1095 Enoch
714 1037 821 1096 dicens:
866 1034 945 1095 ‘Ecce
967 1037 1094 1095 dominus
1116 1036 1220 1094 ueniet'
1242 1045 1269 1092 et
1292 1036 1414 1110 reliqua,
1442 1053 1511 1112 quae

215 1125 252 1180 ihi
281 1123 453 1191 scribuntur3
481 1140 532 1197 per
559 1140 627 1198 quas
655 1124 736 1179 etiam
766 1123 855 1179 studia
883 1139 932 1179 sua
961 1124 987 1179 in
1016 1122 1120 1179 duabus
1148 1121 1283 1179 columnis
1306 1120 1425 1178 scrihere
1448 1130 1512 1197 post

214 1209 346 1265 diluuium
375 1208 497 1264 homiues
531 1217 713 1278 corruerunt3
746 1208 793 1265 sed
822 1216 917 1282 postea
946 1209 1068 1282 repperit
1097 1206 1201 1265 litteras
1228 1206 1309 1262 Gham
1338 1205 1411 1263 lilius
1437 1206 1511 1277 lloc3

214 1294 311 1350 deinde
339 1293 477 1351 hhraham
502 1291 633 1367 Syrorum
656 1301 684 1348 et
710 1292 889 1349 chaldeorum
917 1291 1024 1349 litteras
1052 1293 1165 1349 inuenit.
1212 1290 1379 1348 llehreorum
1407 1292 1513 1348 litteras

215 1379 323 1451 lloyses
346 1377 452 1433 inuenit
474 1378 501 1432 in
525 1378 731 1448 montesium,
760 1377 859 1452 quibus
883 1387 911 1434 et
932 1376 1019 1451 legem
1043 1376 1169 1434 scribtam
1199 1376 1286 1450 digito
1314 1376 1356 1433 dei
1379 1379 1512 1451 suscepit,

214 1465 339 1519 sednon
369 1461 423 1517 illis
452 1462 551 1518 litteris
580 1479 653 1519 nuuc
682 1471 798 1519 utuntur
827 1461 942 1534 hebrei,
970 1470 1086 1518 utuntur
1113 1472 1202 1519 autem
1232 1463 1271 1518 eis
1297 1460 1418 1533 litteris,
1446 1480 1514 1537 quas

216 1549 321 1604 inuenit
337 1547 436 1604 llsdras
459 1548 593 1621 propheta
609 1547 660 1603 sub
675 1545 841 1618 Zorohubel,
864 1546 920 1604 lilio
936 1546 1116 1604 Salathihelis.
1154 1545 1337 1622 Grlalecarum
1360 1546 1512 1603 litterarum

216 1650 295 1689 usum
318 1631 398 1707 primi
421 1631 574 1704 li(o)enices
603 1633 781 1688 inuenerunt:
818 1631 934 1688 Cadmus
957 1628 1100 1707 (chatmus)
1123 1633 1260 1706 Agenoris
1282 1631 1354 1687 filius
1377 1630 1514 1705 tir(a)ecas

216 1719 321 1773 litteras
351 1718 473 1787 inuenit,
502 1733 556 1773 uon
586 1725 675 1773 tamen
704 1733 816 1787 omnies,
843 1717 915 1773 sicut
942 1734 1015 1775 nunc
1043 1724 1107 1773 sunt
1129 1716 1173 1773 llll
1196 1728 1223 1773 et
1245 1715 1304 1788 llll,
1332 1717 1380 1773 sed
1409 1717 1514 1792 aliquae

217 1810 314 1877 postca
331 1801 436 1858 additae
452 1810 534 1872 sunt,
559 1801 708 1875 dequibus
729 1801 872 1858 dicendum
895 1811 946 1858 est.
983 1801 1093 1858 latinas
1109 1802 1214 1858 litteras
1230 1803 1351 1876 repperit
1364 1801 1514 1858 Carmentis

216 1884 390 1958 (carmentes)
412 1885 521 1961 nimphe
544 1886 713 1958 Nicostrata,
736 1894 823 1943 mater
844 1885 975 1958 Euandri,
999 1903 1068 1961 quae
1083 1886 1243 1943 diuiduntur
1265 1887 1291 1942 in
1316 1880 1319 1963 1
1353 1885 1371 1943 l.
1396 1879 1476 1942 112³
1500 1879 1512 1963 ΙΙ

216 1972 284 2028 duas
306 1979 399 2046 partes
422 1971 610 2046 principaliter
634 1981 700 2046 aput
727 1972 847 2028 Latinos.
893 1972 1052 2041 Quomodo?
1089 1973 1117 2027 ln
1140 1970 1250 2029 uocales
1273 1981 1302 2027 et
1323 1980 1515 2028 consonantes.

215 2058 319 2113 lterum
343 2064 528 2112 consonantes
551 2055 712 2114 diuiduntur
734 2059 760 2113 ln
788 2056 865 2112 duas.
909 2054 1071 2124 Quomodo?
1108 2056 1135 2112 ln
1164 2056 1343 2113 semiuoeales
1366 2064 1393 2112 et
1416 2065 1514 2113 mutas.

217 2139 329 2198 Vocales
352 2140 439 2197 dictae
461 2150 542 2211 sunt,
573 2144 635 2215 quin
658 2158 755 2199 uocem
777 2143 911 2212 integram
934 2141 1034 2198 habere
1057 2141 1193 2198 uidentur.
1232 2141 1301 2198 Sunt
1323 2150 1413 2198 autem
1437 2143 1515 2215 quin·
1613 2173 1616 2177 ι

217 2242 270 2300 que
293 2228 440 2282 aelon.
477 2224 742 2283 Semiuocalasuero
763 2233 828 2282 sunt
845 2224 901 2281 llll:
929 2226 1096 2283 llmure
1119 2245 1143 2283 x.
1187 2227 1219 2282 Et
1241 2227 1329 2282 dictae
1351 2234 1415 2282 suut
1436 2226 1516 2282 semi·

216 2309 344 2381 uocales,
373 2310 437 2384 quia
465 2309 579 2367 mediam
602 2327 696 2368 uocem
720 2311 819 2368 hahere
840 2321 1008 2382 cernuntur,
1036 2327 1092 2367 nou
1121 2310 1194 2385 quod
1216 2309 1302 2385 ligura
1324 2311 1428 2368 mediae
1450 2311 1515 2381 sint,

218 2395 266 2452 scd
290 2394 352 2469 quia
375 2394 485 2468 plenum
509 2411 606 2452 sonum
628 2413 682 2452 non
707 2395 806 2452 hahent
828 2404 855 2451 et
877 2399 995 2454 excitant
1017 2412 1114 2452 sonum
1138 2413 1217 2453 suum
1240 2395 1275 2452 alt
1296 2394 1416 2453 euocall
1437 2405 1466 2451 ct
1487 2396 1515 2451 in

218 2488 306 2537 semet
335 2481 402 2553 ipsis
430 2478 546 2550 cadunt,
574 2482 645 2537 sicut
666 2480 783 2537 dicimus
806 2480 967 2538 ‘semideos'
991 2489 1019 2537 et
1041 2479 1222 2552 ‘semiuiros'‚
1249 2497 1304 2537 non
1327 2479 1400 2554 quod
1423 2481 1515 2550 semis,

218 2566 290 2621 idest
317 2563 399 2620 medii
427 2564 463 2620 dii
493 2565 549 2620 sint
578 2565 620 2621 uel
650 2564 731 2621 medii
759 2565 827 2636 uiri,
857 2565 903 2622 sed
932 2565 1005 2641 quod
1028 2565 1141 2640 perlecti
1166 2562 1313 2640 (perlectae
1334 2565 1408 2637 cod.)
1430 2565 1467 2621 dii
1488 2573 1516 2621 ct

217 2649 334 2725 perlecti
354 2648 406 2704 uiri
429 2665 485 2705 uon
508 2651 578 2705 siut:
607 2653 646 2706 sic
668 2659 696 2706 et
718 2648 912 2722 semluocales‚
941 2651 1004 2725 quia
1033 2650 1184 2725 perlectum
1207 2667 1304 2707 sonum
1327 2666 1381 2707 nun
1405 2649 1516 2719 habeut,

218 2736 280 2792 ideo
302 2742 475 2807 nuncupatae
498 2743 569 2790 sunt.
614 2735 703 2792 llutae
724 2735 812 2792 dictae
840 2743 906 2791 sunt
934 2734 1038 2792 duabus
1061 2753 1093 2792 ex
1115 2726 1232 2793 transis.⁸
1258 2734 1418 2804 Quomodo?
1451 2733 1516 2805 lina,

218 2821 281 2895 quia
310 2818 343 2876 ad
372 2819 594 2893 conparationem
624 2819 776 2893 uomitum,
804 2820 876 2877 idest
897 2821 929 2877 ad
952 2820 995 2890 id,
1023 2820 1097 2895 quod
1126 2821 1235 2879 uocales
1262 2836 1360 2878 sonare
1389 2828 1516 2895 possunt,

218 2906 286 2961 istae
309 2912 401 2960 mutae
423 2913 504 2976 sunt,
534 2904 636 2977 altera,
659 2907 722 2975 quia
746 2907 769 2961 si
791 2905 936 2962 subtrahas
957 2904 1012 2961 illis
1034 2905 1162 2962 auxilium
1186 2904 1307 2977 uocalis,
1330 2907 1401 2961 intra
1424 2904 1516 2979 hospi·

217 2992 289 3046 cium
312 2990 368 3045 oris
391 2991 555 3045 moriuntur.
601 2989 669 3046 Sunt
692 2999 783 3048 autem
808 2989 886 3046 llllll:
917 2989 1196 3065 bcdghlpq
1217 3000 1238 3048 t.
1274 2989 1346 3046 Yet
1366 3008 1379 3044 z
1402 2999 1517 3063 propter

218 3072 340 3144 Gr(a)eca
374 3073 483 3128 uomina
515 3073 712 3145 adsumsimus,
750 3092 819 3148 quac
852 3076 1010 3150 frequenter
1043 3078 1070 3132 iu
1103 3075 1196 3131 latina
1232 3073 1326 3146 regula
1360 3083 1516 3130 occurrunt.

218 3157 362 3214 Sciendum
386 3165 443 3228 est,
472 3157 679 3231 quibusmodis
702 3158 793 3216 littera
816 3160 867 3215 dici
890 3168 992 3233 potest.
1037 3159 1172 3232 Quinque.
1218 3156 1379 3225 Quomodo?
1415 3158 1518 3214 llicitur

219 3242 290 3299 enim
313 3251 380 3316 aput
402 3241 525 3298 llcbrcos
553 3245 667 3317 sepher,
697 3253 763 3318 aput
786 3243 925 3317 Gr(a)ecos
948 3261 1084 3319 gramma,
1113 3252 1180 3317 aput
1207 3240 1387 3317 philosophos
1410 3241 1517 3316 (phylo-

219 3325 308 3397 solos)
323 3334 446 3398 atomus,
469 3337 535 3402 aput
559 3338 682 3385 oratores
705 3329 835 3401 legitera,
858 3340 924 3404 aput
939 3330 1050 3386 Latinos
1071 3327 1171 3383 littera.
1216 3326 1246 3383 Et
1269 3327 1339 3384 dicta
1362 3337 1404 3384 est
1426 3328 1516 3383 littera

220 3429 263 3484 eo,
288 3411 361 3485 quud
384 3411 540 3486 legentibus
562 3415 615 3468 iter
637 3413 670 3469 ad
693 3412 837 3486 legendum
862 3415 997 3471 ostendat.
1035 3417 1150 3469 lltomus
1171 3410 1250 3483 (ath-l
1274 3429 1341 3469 uero
1364 3413 1425 3469 ideo
1449 3429 1518 3469 uuu-

220 3505 347 3571 cupatur,
369 3497 432 3571 quia
455 3497 539 3553 diuidi
563 3514 616 3555 nou
639 3506 741 3572 potest.
779 3499 863 3555 Omne
886 3500 973 3568 enim,
996 3497 1069 3572 quod
1092 3497 1259 3553 indiuisihile
1279 3494 1518 3570 (inuisibilccod.)

220 3591 278 3650 cst,
302 3582 373 3656 apud
396 3579 578 3656 philosophos
600 3593 708 3639 atomus
731 3592 921 3657 nuncupatum
945 3599 995 3657 pro
1011 3582 1061 3638 hac
1076 3582 1182 3639 ratione
1198 3593 1224 3638 et
1239 3582 1393 3653 †atlouato
1408 3583 1517 3638 minima

219 3684 283 3741 pars
306 3666 416 3724 dicitur.
461 3666 517 3723 lluc
540 3668 679 3724 sciendum
703 3677 760 3739 cst,
784 3684 870 3742 quare
892 3667 998 3740 antiqui
1021 3666 1127 3724 litteras
1149 3668 1282 3725 elementa
1302 3666 1415 3740 (aelim-l
1439 3684 1517 3723 uoca-

221 3760 336 3808 uerunt:
360 3752 392 3808 ad
416 3752 638 3825 conparationem
662 3752 860 3808 elementorum
883 3752 991 3823 muudi,
1015 3753 1094 3827 quia,
1116 3753 1186 3810 sicut
1208 3753 1325 3809 mundus
1340 3768 1371 3807 cx
1387 3760 1519 3826 quattuor

220 3836 362 3893 elementis
392 3836 555 3909 conpositus
588 3847 647 3908 est,
681 3839 720 3892 sic
748 3845 776 3892 et
805 3835 912 3892 litterae
941 3839 968 3893 in
997 3853 1079 3894 uuum
1105 3837 1214 3894 iunctae
1243 3836 1388 3894 litteralem
1417 3837 1519 3893 iaciunt

220 3936 326 3978 uocem.
371 3922 487 3976 Atomos
510 3918 589 3992 (ath)
612 3922 682 3996 apud
706 3920 886 3995 philosophos
909 3921 970 3979 ideo
993 3923 1092 3980 dicitur
1115 3921 1221 3993 littera,
1244 3924 1323 3997 quia,
1346 3939 1406 3978 ctrm
1430 3923 1517 3978 oratio

223 4005 350 4063 soluatur
373 4004 400 4060 in
424 4004 506 4061 uerba
530 4015 557 4061 et
585 4006 667 4062 uerha
696 4003 839 4063 soluentur
870 4007 895 4063 iu
924 4007 1054 4083 pedihus,
1083 4015 1112 4064 et
1139 4007 1223 4083 pedes
1250 4007 1395 4064 soluantur
1423 4007 1450 4062 in
1473 4007 1518 4062 sil·

221 4090 309 4161 lehis,
332 4089 445 4146 sillabae
468 4088 613 4146 soluentur
635 4092 661 4145 iu
686 4089 802 4165 litteris,
830 4092 921 4149 littera
945 4110 998 4149 non
1021 4091 1120 4164 hahet,
1151 4093 1177 4148 in
1200 4109 1255 4166 quo
1285 4091 1408 4148 soluatur
1431 4107 1519 4167 neque

220 4176 305 4232 diuidi
328 4183 436 4250 potest:
468 4175 528 4230 ideo
557 4182 664 4231 atomus
686 4184 714 4232 et
736 4194 800 4250 pars
823 4178 930 4234 minima
953 4177 1061 4236 dicitur.
1105 4177 1247 4234 Sciendum
1271 4187 1329 4248 est,
1358 4177 1432 4252 quod
1458 4187 1517 4234 ato·

221 4277 329 4318 morum
352 4276 454 4333 genero
483 4268 549 4314 sunt
577 4261 713 4334 quinque,
741 4262 810 4317 idest
833 4273 941 4320 atomus
964 4265 991 4319 in
1014 4263 1089 4332 sole,
1112 4270 1219 4320 atomus
1243 4265 1268 4318 in
1293 4279 1338 4335 re,
1362 4271 1469 4319 atomus
1492 4263 1518 4316 in

222 4341 275 4422 null
292 4345 311 4401 l.
331 4344 411 4400 113⁸
428 4336 530 4422 limem,
554 4353 660 4401 atomus
684 4347 710 4401 in
735 4354 869 4421 tempore,
892 4357 999 4418 atomus
1023 4348 1048 4403 in
1073 4347 1172 4404 littera.
1217 4349 1376 4416 Quomodo?
1405 4351 1518 4402 lltomus

223 4433 249 4485 iu
274 4428 332 4486 sole
355 4437 413 4501 est,
442 4446 502 4486 cum
532 4430 653 4487 uidemus
682 4433 708 4487 ln
732 4431 814 4488 radiis
838 4431 914 4504 (ios)
942 4433 1014 4490 illius
1044 4433 1254 4489 minutissimum
1282 4432 1443 4506 puluerem,
1472 4448 1517 4503 qm

222 4532 273 4571 nec
297 4514 383 4571 teneri
406 4531 457 4570 nec
478 4514 562 4572 diuidi
584 4525 686 4590 potest.
724 4517 767 4573 Fit
789 4525 897 4574 atomus
912 4519 939 4573 in
957 4534 1003 4588 re,
1026 4535 1087 4574 cunr
1110 4535 1224 4591 granum
1247 4518 1350 4588 sinapis
1372 4515 1518 4571 diuidimus

223 4601 249 4655 in
273 4597 372 4656 multas
395 4608 503 4673 partes,
526 4610 553 4656 et
575 4617 639 4675 pars
662 4603 732 4673 eius,
757 4618 825 4676 quae
848 4603 932 4658 diuidi
949 4619 1002 4658 nou
1019 4610 1121 4677 potest,
1144 4613 1251 4657 alonius
1266 4601 1373 4656 dicitur.
1405 4604 1519 4656 Atourus

223 4685 250 4739 iu
274 4700 386 4741 numero
410 4684 450 4755 lit,
473 4703 533 4742 cum
557 4685 640 4757 (sicut
661 4687 733 4761 cod.)
758 4695 889 4761 quattuor
912 4688 1072 4743 diuiduntur
1095 4688 1119 4741 in
1143 4689 1211 4741 duos
1234 4696 1261 4740 ct
1284 4685 1337 4740 dato
1361 4685 1519 4740 diuiduntur

223 4770 249 4825 in
274 4786 372 4843 unum,
402 4788 484 4828 unum
508 4772 571 4846 quia
595 4788 649 4828 nou
674 4772 769 4843 liniret,
798 4770 843 4826 ubi
867 4771 1014 4842 diuiditur,
1037 4781 1144 4828 atomus
1167 4780 1216 4827 est.
1262 4776 1376 4827 lttumus
1400 4770 1426 4825 iu
1451 4780 1517 4825 triu-
