3420 5378
527 259 576 310 nu
595 259 736 311 nouam
753 260 958 314 rnroarnvs.
1165 266 1169 273 ·
1332 260 1391 324 151,

95 450 125 508 in
149 446 243 508 uerbo
266 447 362 508 modi?
405 448 650 509 Pronuntiatiuus
671 447 866 530 imperatiuus
889 448 1107 517 coniunctiuus,
1132 467 1185 528 per
1207 467 1282 527 qrros
1304 467 1393 509 casus

95 557 164 611 sunt
186 546 357 610 uerborum.
403 550 476 609 Sunt
499 556 597 609 autem
620 549 699 609 modi
728 547 862 628 plurimi,
892 550 969 611 idest
996 549 1174 611 indicatiuus
1201 538 1413 628 imperatiuus'

97 652 296 731 promissiuus
311 650 459 730 optatiuus
481 651 690 711 coniunctiuus
712 651 872 710 induitiuus
894 648 1092 729 inpersoualis
1115 659 1145 711 et
1166 651 1305 729 gerendi;
1330 650 1393 712 Viil

98 751 177 811 modi
200 759 283 820 suut,
307 751 359 812 sed
383 749 470 811 modo
493 751 530 811 de
552 750 624 811 solis
647 750 670 808 V
691 759 814 820 tractat,
845 770 905 811 uon
929 752 965 812 de
988 751 1127 813 omnibus
1150 750 1221 812 Vlil.
1267 753 1340 814 Nam
1364 761 1393 814 et

69 854 145 918 sisti
160 855 183 927 †
198 857 228 913 et
248 869 358 930 genera
380 851 428 912 uel
452 859 523 912 sunt
544 853 624 913 modi
648 860 677 913 et
699 871 818 931 semper
840 860 919 913 sunt.

180 953 372 1016 indicatiuus:
396 955 571 1033 peripsum
593 954 773 1022 indicamus,
797 973 873 1032 quae
888 957 1018 1031 agimus,
1044 962 1182 1035 utputa:
1207 955 1276 1034 quid
1301 957 1392 1016 lacis?

97 1074 212 1135 expono
236 1056 352 1116 dormio
375 1053 442 1132 lego
464 1053 564 1115 scribo
588 1063 617 1115 et
639 1053 710 1125 alia;
740 1055 840 1116 indico
864 1055 931 1125 tibi,
947 1056 1033 1135 'quod
1057 1058 1141 1117 facio.
1186 1056 1392 1135 Imperatiuus,

96 1175 150 1237 per
173 1175 260 1236 quem
283 1159 479 1236 imperamus,
503 1164 536 1217 ut
558 1166 643 1236 puta:
667 1154 733 1234 lege
749 1175 873 1237 expone,
890 1155 928 1216 ab
943 1159 1127 1237 imperando.
1159 1156 1325 1237 Optatiuus,
1345 1159 1393 1218 eui

96 1257 269 1320 aduerbium
299 1259 427 1338 optantis
456 1257 603 1319 addimus:
641 1259 754 1319 utinam
782 1257 913 1336 legerem
942 1277 1004 1327 res,
1034 1260 1145 1319 utinam
1174 1259 1305 1320 dicerem
1333 1277 1390 1320 res.

57 1381 84 1423 ro
96 1360 243 1433 Quoniam
267 1360 456 1436 coniungitur
478 1358 571 1419 uerbo
593 1359 647 1419 ista
670 1358 827 1438 particula,
852 1358 920 1419 hiuc
942 1358 1049 1420 dicitur
1073 1359 1177 1420 modus
1200 1362 1358 1440 optatiuns.

181 1461 392 1522 Coniunctiuus
415 1460 520 1520 modus
543 1469 602 1537 est,
626 1479 686 1521 non
708 1459 786 1538 quod
809 1459 867 1520 sibi
891 1465 993 1520 ‘cum'
1016 1460 1170 1539 adiungat:
1200 1480 1268 1522 curn
1291 1460 1392 1538 legero

96 1566 164 1625 eu'm
187 1562 305 1631 dixero,
335 1561 386 1621 sed
410 1562 489 1640 quod
512 1562 607 1639 iungit
630 1560 686 1622 sibi
708 1559 818 1639 aliquid
843 1560 969 1622 uerbum
992 1563 1028 1623 ad
1051 1562 1244 1642 premendam
1268 1561 1392 1643 eloquu-

96 1667 208 1725 tionem
231 1681 330 1731 suam,
354 1671 386 1723 ut
408 1669 477 1742 puta
499 1665 577 1722 ‘cum
599 1660 715 1740 legero,
739 1661 885 1740 indigeo’:
910 1662 1006 1725 adhuc
1029 1664 1151 1743 pendet;
1175 1670 1254 1724 ‘cum
1277 1664 1391 1733 dixero,
1486 1694 1493 1708 ·

95 1767 200 1827 laciam
230 1763 398 1825 dormiam'.
443 1764 521 1840 Ergo
543 1765 600 1824 nisi
624 1763 714 1824 addas
741 1762 819 1824 aliud
850 1763 975 1824 uerbum
1002 1765 1153 1836 ‘laeiam',
1177 1763 1248 1825 illud
1271 1765 1392 1845 pendet.

59 1866 166 1929 raldeu
195 1866 293 1926 dictus
321 1866 544 1936 coniunctiuus,
573 1864 653 1944 quod
681 1863 737 1925 sihi
766 1865 847 1925 addit
875 1864 997 1926 alteram
1021 1867 1241 1945 eloquutiunem
1265 1867 1300 1927 ad
1323 1885 1391 1945 pre·

95 1965 236 2030 mendum
259 1984 393 2034 sensum:
416 1968 442 2026 si
457 1965 514 2026 hoc
529 1984 588 2026 non
604 1972 696 2037 esset,
721 1972 750 2026 et
766 1968 928 2043 optatiuuS,
952 1969 1004 2047 qui
1019 1966 1108 2029 habet
1123 1966 1272 2039 ‘utinam',
1289 1967 1392 2030 debuit

95 2071 211 2150 etipse
233 2067 292 2129 diei
313 2067 530 2128 coniunctiuus.

182 2170 346 2231 infinitiuus
369 2168 488 2238 modus,
506 2165 517 2249 ΙΙ
534 2167 584 2228 tot.
601 2164 682 2228 144b
699 2165 710 2250 ΙΙ
726 2169 804 2248 quud
829 2187 889 2229 non
912 2169 1033 2229 deliniat
1056 2177 1152 2230 certas
1173 2188 1334 2249 personas,
1358 2179 1392 2233 ut

96 2280 165 2352 puta
189 2270 303 2349 legere:
334 2271 445 2338 nescis,
474 2287 562 2348 quam
586 2287 742 2348 personam
766 2271 924 2349 significat,
955 2278 1054 2331 utrum
1078 2272 1203 2350 primam
1226 2290 1263 2331 an
1286 2288 1392 2331 secun·

55 2374 161 2436 nodam
185 2392 222 2434 an
245 2373 377 2440 tertiam;
406 2371 443 2431 de
473 2369 580 2439 uerbo,
610 2372 688 2448 quod
716 2369 807 2432 habet
832 2379 963 2432 secretas
990 2389 1145 2449 personas,
1175 2381 1207 2433 et
1233 2371 1391 2451 intellegis,

94 2472 174 2556 quud
196 2472 257 2533 illic
272 2472 444 2534 diuiduntur
462 2489 605 2550 personae
622 2471 673 2543 ΙΙΙ,
698 2479 730 2533 ut
745 2472 856 2551 ‘legere
873 2472 952 2532 uolo'
969 2472 1082 2551 ‘legere
1102 2475 1161 2534 uis’
1177 2473 1290 2553 ‘legere
1305 2473 1389 2542 uult',

93 2574 162 2637 illae
189 2593 335 2654 personae
363 2572 540 2634 mutuandas
568 2581 646 2634 sunt.
691 2573 761 2634 idco
786 2592 857 2650 ergo
887 2574 982 2634 dictus
1011 2581 1057 2634 est
1083 2576 1246 2637 infinitiuus
1275 2576 1390 2646 modus,

92 2676 172 2758 quod
196 2695 255 2738 nou
278 2675 379 2736 delinit
402 2692 545 2753 personas
567 2683 675 2737 certas.

179 2777 228 2838 isti
251 2783 321 2837 sunt
344 2777 437 2846 modi,
461 2777 498 2837 de
520 2774 628 2855 quibus
652 2778 789 2837 tractauit
804 2775 962 2836 diuidende
978 2775 1142 2836 linuatus
1160 2775 1207 2837 uel
1223 2776 1388 2854 Sergius,

53 2900 81 2942 aa
179 2879 260 2940 luter
281 2879 460 2938 infinitiuum
486 2883 514 2936 et
536 2875 755 2953 inpersoualem
779 2877 835 2937 hoc
851 2877 989 2944 interest,
1012 2877 1091 2956 quod
1111 2878 1278 2939 inimitiuus
1292 2897 1390 2957 neque

94 2999 148 3061 per
171 2980 274 3041 modos
298 2980 390 3040 currit
414 2996 510 3057 neque
533 2995 587 3057 per
610 2984 761 3056 tempora,
792 2985 822 3038 et
843 2976 975 3038 adhibito
999 2976 1091 3037 uerbo
1113 2979 1252 3057 patescit,
1275 2986 1307 3039 ut
1329 2978 1390 3040 dixi

92 3082 206 3161 ‘legere
220 3079 302 3142 uolo'
319 3078 432 3158 ‘legere
447 3081 504 3140 uis’
521 3079 632 3157 ‘legere
649 3078 724 3139 uult’
733 3125 824 3140 .....
847 3078 894 3139 uel
917 3082 948 3139 iu
971 3079 1132 3141 indicatiuo
1154 3083 1239 3141 tertia
1262 3099 1389 3159 persona

91 3184 333 3247 sucinorum
362 3182 425 3241 siue
453 3181 483 3240 in
513 3181 631 3258 passiuu
659 3182 723 3240 siue
751 3182 782 3241 in
806 3181 966 3260 deponenti
988 3183 1052 3242 siue
1075 3183 1105 3242 ln
1128 3182 1319 3242 coniunctius
1341 3180 1390 3244 uel

90 3288 122 3347 in
144 3285 285 3365 optatiuo.

54 3406 81 3447 so
178 3383 380 3465 lupersonalis
403 3392 433 3444 et
454 3401 508 3464 per
531 3381 634 3442 modos
657 3391 687 3444 et
707 3401 761 3462 per
784 3392 917 3462 tempora
941 3382 1088 3452 decurrit,
1118 3391 1150 3445 ut
1178 3382 1287 3461 legitur
1309 3383 1388 3462 lege·

95 3487 180 3548 batur
210 3493 239 3546 et
268 3485 424 3564 deinceps,
454 3492 484 3545 et
510 3484 609 3544 addito
638 3487 814 3562 pronomine
844 3487 981 3564 patescit,
1012 3502 1070 3545 uon
1101 3482 1208 3552 uerbo,
1241 3485 1388 3563 quomodo

93 3588 271 3656 irriinitiuus,
296 3595 327 3647 ut
349 3595 417 3666 puta
439 3585 548 3662 legitur
571 3603 586 3644 a
610 3604 695 3646 mea
718 3595 747 3646 te
769 3584 806 3646 ab
828 3585 889 3647 illo.
934 3585 986 3646 isti
1009 3593 1078 3646 sunt
1100 3587 1123 3645 V
1146 3585 1240 3656 modi,
1264 3584 1301 3645 de
1323 3587 1388 3665 qui·

94 3691 149 3752 bus
171 3690 308 3751 tractauit
330 3687 497 3766 Sergius:
522 3687 701 3748 indicatiuus
722 3688 917 3766 imperatiuus
939 3689 1090 3767 optatiuus
1112 3689 1321 3748 coniunctiuus
1342 3688 1387 3748 in·

93 3793 236 3854 linitiuus.
289 3790 330 3850 lle
360 3788 419 3858 illis
447 3796 545 3849 autem
568 3787 606 3848 lii
632 3787 812 3867 inpersonali
836 3795 866 3848 et
887 3789 1011 3867 gerendi
1035 3796 1062 3849 ct
1086 3790 1264 3868 promissiuo
1287 3795 1388 3868 postea

53 3892 274 3957 seuidebimus.

181 3994 304 4055 Formae
328 4002 411 4052 sunt:
440 3992 568 4070 qualitas
591 3991 732 4053 diuiditur
755 3991 786 4050 in
809 3991 881 4051 duas
904 3998 1019 4070 partes,
1043 3993 1073 4051 in
1096 3991 1200 4051 modos
1223 3998 1252 4050 ct
1274 3992 1304 4051 in
1328 3991 1387 4050 lor·

95 4145 323 4159 ——-·'

161 4261 353 4328 3promisiuus
423 4263 481 4311 oet
499 4276 592 4325 genera
612 4259 664 4325 uel]
684 4272 708 4310 et
725 4260 875 4326 generales?
933 4260 1042 4322 iqrrid,
1061 4275 1130 4311 corr.
1148 4259 1218 4322 quod
1236 4275 1268 4310 m.
1287 4260 1322 4310 II
1372 4263 1388 4311 9

94 4326 219 4400 optantis]
239 4329 365 4379 hortantis
435 4330 612 4393 legeremus
683 4332 714 4380 10
732 4324 802 4394 hinc]
822 4339 882 4378 tunc
968 4329 999 4377 12
1018 4326 1064 4376 sed
1082 4327 1152 4388 qnod
1169 4352 1204 4364 -
1221 4342 1277 4376 cum
1297 4327 1388 4377 dixero

92 4402 153 4454 add,
172 4397 256 4449 nal]
326 4399 357 4448 ts
376 4394 466 4461 pendit
535 4398 567 4447 14
584 4395 661 4444 alium
730 4396 772 4445 illa
791 4395 880 4461 pendit
958 4398 988 4446 l'l
1006 4396 1062 4459 ipse
1080 4392 1142 4459 dici]
1162 4395 1212 4459 ipsi
1231 4394 1285 4444 dari
1357 4397 1388 4445 18

1159 4472 1173 4499 n

1175 4471 1202 4500 un

92 4519 193 4570 diilnint
261 4516 292 4564 19
311 4511 400 4580 quum]
420 4530 486 4576 quac
553 4515 585 4562 21
604 4513 723 4562 diuiduut
790 4515 822 4563 22
841 4514 978 4562 mutandae
1045 4515 1078 4563 23
1097 4514 1165 4574 (ruod
1183 4512 1297 4572 dilluiat,
1317 4527 1386 4565 corr.

91 4587 177 4638 dilinit
243 4585 277 4633 25
295 4583 360 4631 inter
378 4582 476 4630 finitum
546 4581 615 4643 quod
634 4580 748 4631 duitluus
827 4583 861 4631 26
878 4581 988 4631 adhibeo
1057 4582 1089 4630 27
1109 4580 1148 4630 uel
1166 4581 1306 4629 indicatiuo
1324 4577 1386 4645 ete]

92 4656 168 4706 Haec
185 4653 221 4703 ad
237 4651 407 4714 definitionem
423 4650 595 4713 inperaonalt'e
615 4651 758 4713 pertinent,
798 4665 860 4699 uara
883 4651 998 4699 lacunam
1019 4649 1139 4698 indicaui.
1235 4647 1386 4698 aestuem

92 4723 176 4772 actiuo
194 4719 286 4771 addidi
353 4720 386 4768 30
404 4718 493 4778 currit,
510 4733 643 4782 suprascr.
661 4719 693 4767 de
709 4733 741 4769 ru.
759 4667 797 4767 15
861 4716 968 4782 legatur,
984 4732 1116 4780 suprascr.
1136 4716 1165 4765 eb
1183 4732 1214 4769 m.
1233 4715 1268 4765 II
