3420 5378
215 323 257 371 GC
263 324 346 372 XLIV
633 312 682 361 DE
700 311 887 363 suentem
904 311 1009 363 ARTE.

296 496 437 571 infolio
464 500 595 559 seeundo
622 498 660 559 de
683 497 915 575 praepositione
941 504 986 561 ito
1015 499 1130 576 opiter,
1160 509 1193 562 ot
1214 510 1243 562 et
1264 504 1296 562 in
1319 499 1408 562 initio
1430 509 1460 562 et
1481 505 1513 564 in

209 604 271 674 line
291 603 438 662 nonnullo
461 599 680 674 desiderentur,
710 599 764 676 qui
786 609 944 676 tractatus,
977 605 1048 679 puio
1070 601 1217 679 exemplis
1238 621 1278 664 ee
1304 602 1393 664 libris
1414 602 1515 666 saeris

207 705 447 780 potuisssent,
476 705 520 763 od
546 703 762 764 illustroodum
791 703 961 779 Smoropdi
985 722 1098 765 morem
1126 708 1298 782 aptissimus
1322 704 1401 767 sotis
1427 707 1513 768 nobis

212 804 323 878 dipnus
344 803 428 866 uisus
448 814 501 880 est,
525 822 610 881 poem
632 811 725 866 totum
748 807 827 882 typis
847 807 1072 868 mandaremus.

297 955 348 1017 iol.
372 957 433 1018 ll².
447 1006 454 1019 .
468 1005 496 1019 ..
525 959 605 1018 mina
627 967 745 1019 transeo
770 966 799 1018 et
821 957 938 1035 quando
962 977 1011 1019 eas
1039 958 1168 1021 uerbum
1194 960 1338 1039 sequitur,
1367 959 1510 1021 aduerbia

211 1042 294 1102 fiunt.
340 1043 482 1104 ‘Circum'
506 1044 641 1120 quamuis
664 1045 702 1104 sit
723 1045 916 1123 praepositio,
946 1052 991 1103 est
1019 1052 1116 1105 tamen
1146 1052 1175 1104 et
1198 1062 1315 1106 nomen.
1361 1043 1507 1106 ‘Circum’

213 1136 241 1187 et
265 1128 369 1188 ‘eirca’
393 1130 627 1208 praepositiones
649 1145 738 1188 unum
768 1129 935 1204 significant
957 1137 987 1188 et
1009 1147 1109 1189 casum
1132 1128 1254 1189 trallunt
1276 1147 1395 1209 semper
1418 1148 1507 1191 aeon·

212 1213 338 1273 setinum
362 1212 418 1274 hoe
441 1212 543 1274 modo:
568 1213 702 1274 ‘circum'
727 1210 774 1273 uel
798 1214 889 1273 ‘eirea
913 1212 995 1290 (ergo
1016 1214 1103 1293 cotti
1119 1217 1330 1294 propinquum’
1353 1213 1506 1294 uel‘pro·

212 1298 340 1376 pinquos
362 1296 509 1360 humanus
531 1302 618 1358 sum’.
664 1297 773 1358 ‘Circa’
798 1305 841 1357 est
863 1300 1060 1376 praepositio;
1083 1307 1128 1358 est
1143 1307 1173 1359 et
1187 1298 1314 1360 uerbum
1330 1300 1504 1379 imperatiui

211 1383 305 1453 modi,
330 1392 374 1444 est
397 1391 427 1444 et
448 1383 622 1444 minerbium
644 1381 711 1451 looi,
734 1382 785 1442 sel
816 1381 933 1461 quando
961 1384 1141 1463 praepositio
1169 1394 1228 1453 est,
1257 1403 1360 1445 casum
1387 1402 1508 1464 semper

211 1467 302 1528 trahit
316 1470 527 1541 aecusatiunm,
551 1475 584 1528 ut
604 1466 693 1528 illul:
717 1468 808 1529 ‘eirea
832 1466 915 1528 illum
938 1485 1047 1528 corona
1070 1469 1216 1539 fratrum’.
1263 1471 1397 1531 ‘Contra'
1422 1486 1508 1547 prae-

212 1552 319 1630 positio
341 1571 460 1632 semper
483 1553 664 1614 eontrarium
687 1552 832 1630 significat
860 1561 889 1612 et
919 1571 1018 1613 casnm
1041 1572 1160 1633 semper
1181 1552 1271 1613 trahit
1291 1555 1506 1624 accusatiuum,

214 1637 418 1716 singulariter,
454 1647 485 1699 ot
513 1637 600 1699 illud:
636 1639 677 1697 ‘at
706 1655 759 1697 uos
787 1646 890 1697 contra
919 1658 966 1698 me
996 1639 1172 1716 erigimini:
1200 1637 1370 1718 pluraliter:
1398 1638 1506 1699 ‘multo

104 1785 107 1791 ,
212 1729 346 1800 tempore
368 1726 512 1803 pugnauit
533 1723 615 1785 lesus
638 1732 741 1783 contra
764 1721 866 1783 hostes
893 1725 988 1785 istos'.
1034 1724 1147 1784 ‘Extra’
1177 1725 1356 1802 praepositio
1383 1741 1506 1785 accusa·

211 1807 304 1867 tinum
329 1807 417 1868 trahit
440 1827 558 1887 semper
587 1824 705 1876 casum,
735 1805 937 1885 singulariter:
967 1808 1009 1868 ‘et
1037 1808 1197 1869 educentes
1225 1826 1291 1869 eum
1322 1816 1407 1869 extra
1434 1810 1507 1871 eiul-

209 1898 301 1952 tatem
324 1891 521 1972 lapidabant';
545 1892 713 1973 pluraliter:
737 1893 832 1952 ‘extra
849 1909 1013 1972 synagogas
1037 1894 1145 1954 lacient
1166 1895 1243 1953 uos'.
1288 1892 1393 1954 ‘lutra’
1416 1912 1504 1974 prae-

210 1979 321 2054 positio
345 1986 390 2038 est
413 1977 539 2039 uerbum
561 1979 732 2058 imperatini
754 1976 834 2037 modi
857 1985 886 2037 et
908 1977 1083 2040 aduerbium
1106 1976 1177 2048 looi,
1206 1987 1251 2038 ut:
1280 1979 1369 2039 ‘intra
1392 1978 1505 2041 sedeo’.

210 2059 334 2130 Quando
357 2070 456 2124 autem
478 2064 661 2143 praepositio
683 2071 736 2132 est,
760 2079 860 2122 castini
883 2063 973 2123 trahit
988 2064 1188 2125 accusatiuom
1210 2061 1269 2123 hoo
1290 2062 1392 2125 modo:
1416 2064 1504 2124 ‘intra

212 2164 315 2208 muros
338 2157 367 2208 et
389 2149 466 2209 intra
496 2149 611 2208 moenia
636 2148 752 2226 (menia)
781 2146 863 2208 urbis
891 2151 1017 2208 uersor'.
1063 2148 1167 2209 ‘lnira’
1189 2149 1369 2227 praepositio
1391 2159 1423 2209 et
1443 2150 1505 2209 sio·

105 2297 106 2300 ,
208 2230 340 2309 gularem
371 2231 418 2312 (m.
443 2234 464 2294 I
489 2232 690 2311 singulariter)
720 2242 749 2293 et
777 2230 922 2308 pluralem
949 2232 1039 2293 trahit
1066 2250 1166 2293 casum
1195 2234 1252 2294 hoe
1280 2233 1380 2294 motio:
1416 2234 1504 2295 ‘inira

209 2322 332 2378 tectum’
356 2327 386 2378 et
406 2319 495 2378 ‘inira
518 2326 594 2378 teota
618 2320 706 2378 suni'.
757 2316 863 2377 ‘lotor’
892 2316 1035 2397 pluralem
1064 2327 1178 2379 tantum
1208 2316 1298 2378 trahit
1325 2336 1441 2393 casum,
1472 2327 1505 2379 nt

208 2401 362 2475 illudzl‘et
385 2405 463 2463 inter
485 2400 620 2463 homines
643 2410 838 2463 conuersatos
861 2407 929 2472 est',
953 2404 1010 2463 nisi
1032 2402 1109 2463 lorte
1131 2403 1188 2463 duo
1212 2405 1333 2463 nomina
1355 2420 1450 2483 ponas
1474 2414 1505 2465 et

208 2487 301 2547 dicas:
331 2491 424 2549 ‘inter
452 2486 565 2548 eaelum
594 2489 667 2564 (oe-l
701 2495 731 2548 et
764 2497 873 2548 terram
907 2487 1037 2548 habito’.
1088 2488 1208 2549 ‘lanta’
1242 2495 1286 2548 est
1318 2490 1501 2568 praepositio

207 2574 407 2634 accusatiuom
431 2590 532 2633 casum
554 2570 675 2634 trahens
697 2571 753 2632 hoc
775 2572 877 2633 modo:
902 2573 992 2633 ‘iuxta
1015 2573 1120 2634 altare’
1143 2582 1173 2632 et
1194 2573 1288 2633 ‘iuxta
1303 2572 1407 2633 altaria
1422 2576 1500 2635 ero'.

206 2655 258 2716 Est
288 2665 317 2717 et
344 2657 517 2719 aduerbium
546 2657 604 2719 loci
632 2675 687 2737 pro
715 2659 831 2737 ‘prope'
861 2659 1002 2737 positum.
1048 2656 1117 2718 ‘Ob’
1147 2659 1328 2737 praepositio
1351 2668 1378 2719 et
1400 2660 1503 2738 singu·

206 2739 307 2802 lariter
332 2749 361 2802 et
383 2741 540 2822 pluraliter
563 2743 762 2804 aecusatiuum
785 2742 875 2803 trahit
903 2761 1002 2802 casum
1031 2743 1088 2803 hoe
1117 2741 1217 2802 modo:
1248 2742 1298 2803 ‘ob
1320 2742 1504 2807 defensionis

206 2829 336 2887 causam'
360 2838 390 2888 et
412 2827 461 2886 ‘on
485 2828 666 2890 defensionis
687 2844 792 2889 causas
814 2824 851 2887 ad
874 2827 1025 2907 publicum
1048 2829 1145 2892 exeo’.
1190 2828 1294 2889 ‘lone'
1318 2830 1503 2908 praepositio

205 2931 298 2992 prope
320 2916 372 2988 (on
393 2915 453 2988 lep.
477 2913 600 2992 probel)
625 2912 805 2991 intellegitur
835 2921 959 2973 accentu
982 2920 1108 2983 mutato,
1138 2930 1175 2971 ne
1204 2911 1329 2974 uerbum
1359 2931 1426 2974 esse
1444 2915 1501 2976 im·

205 2997 332 3076 peratiui
355 2997 435 3058 mooli
458 2999 651 3067 existimetur,
682 3008 712 3059 et
734 3016 833 3058 casnm
857 2996 947 3057 trahit
968 2998 1168 3058 accusatiuum
1191 2999 1248 3058 hoo
1276 2997 1376 3058 molo:
1408 3000 1500 3078 ‘pone

206 3081 347 3144 tribunal'
372 3091 400 3142 et
421 3084 511 3162 ‘pone
528 3081 684 3144 tribunalia
706 3081 820 3143 setleo’.
861 3081 941 3142 ‘Per'
966 3084 1146 3161 praepositio
1161 3100 1280 3162 semper
1296 3085 1497 3145 aecusatiuum

205 3166 295 3227 trahit
323 3186 422 3228 casum
451 3166 655 3245 singulariter,
687 3175 730 3227 ut:
760 3170 827 3246 ‘per
854 3175 965 3229 memet
992 3169 1088 3247 ipsum
1115 3169 1217 3228 iurans
1244 3167 1316 3229 dicit
1337 3168 1499 3238 dominus',

205 3248 375 3329 pluraliter:
405 3253 446 3311 ‘et
475 3254 638 3313 reeensiuit
667 3272 717 3312 eos
745 3271 799 3330 per
826 3251 929 3312 domos
958 3260 987 3312 et
1014 3250 1162 3314 iarnilias'.
1208 3252 1357 3332 ‘Propter'
1382 3262 1427 3314 est
1447 3253 1501 3314 ad-

205 3334 343 3396 uerbium
372 3334 445 3405 loei,
480 3346 512 3397 nt
540 3336 626 3397 illud:
661 3337 753 3396 ‘inrita
780 3335 921 3413 angulum
951 3345 981 3396 et
1008 3346 1131 3416 propter
1165 3338 1243 3397 uiam
1276 3339 1382 3399 domos
1416 3337 1499 3400 illius

204 3420 360 3497 graditur'.
404 3421 455 3481 Est
478 3431 506 3481 ot
528 3423 708 3501 praepositio
731 3423 931 3481 aecusatiuum
955 3438 1074 3499 semper
1089 3423 1210 3483 trahens
1226 3441 1326 3483 casum
1343 3424 1500 3501 utriusque

205 3503 341 3588 (utrique)
373 3509 504 3576 numeri,
534 3516 567 3567 ut
596 3507 683 3569 illud:
714 3511 850 3585 ‘propter
879 3507 987 3566 iratres
1015 3525 1097 3568 meos
1126 3516 1155 3568 et
1177 3509 1327 3585 proximos
1349 3526 1432 3569 meos
1454 3506 1499 3570 lo·

202 3592 315 3671 quelsar
344 3610 446 3670 pacem
475 3591 511 3652 de
540 3596 591 3662 te’,
621 3595 755 3672 ‘propter
783 3590 903 3651 domum
932 3590 1043 3651 domini
1071 3592 1118 3654 dei
1140 3594 1234 3652 nostri
1258 3595 1389 3671 quaesiui
1418 3592 1499 3654 hona

204 3677 276 3737 tihi’.
324 3676 518 3737 ‘Secundum’
541 3679 722 3757 praepositio
745 3693 863 3757 semper
886 3677 1088 3737 aecusatiuum
1112 3675 1201 3737 trahit
1217 3695 1316 3738 casum
1339 3680 1498 3758 utriusque

202 3764 327 3830 numeri,
352 3759 492 3821 utillud:
524 3761 698 3823 ‘secunlum
722 3779 828 3822 nomen
853 3771 935 3821 tuum
958 3760 1033 3821 deus
1056 3762 1094 3822 ita
1116 3770 1146 3822 et
1168 3760 1232 3823 laus
1255 3765 1328 3832 tua',
1352 3772 1383 3823 et
1404 3762 1497 3824 illud:

162 3916 165 3921 ¹
202 3845 320 3907 ‘reddet
343 3845 417 3906 ‹leus
441 3848 600 3925 unicuique
621 3848 785 3908 secunlum
808 3864 897 3924 opera
920 3848 994 3910 soa!
1039 3845 1132 3907 ‘Post’
1155 3848 1335 3926 praepositio
1358 3847 1496 3908 similiter

201 3934 357 4012 utriusque
385 3933 499 3993 numeri
530 3932 619 3994 trahit
648 3949 745 4001 casus,
776 3929 972 4008 singularem,
1001 3941 1034 3991 ut
1061 3929 1149 3992 illud:
1181 3937 1230 3992 ‘en
1258 3934 1314 3992 iste
1342 3942 1400 3993 stat
1429 3940 1497 4012 post

201 4018 343 4096 parietem
369 4021 526 4086 nostrum’,
551 4017 717 4095 pluraliter:
741 4018 819 4095 ‘post
842 4015 912 4074 ‹leos
928 4015 1041 4076 alienos
1056 4034 1115 4076 non
1137 4016 1243 4077 ibitis?
1287 4017 1407 4078 Transit
1422 4036 1496 4078 uero

201 4102 356 4182 aliquoties
384 4104 413 4162 in
442 4100 579 4162 aduerbii
606 4102 851 4180 significationem
880 4100 936 4160 hoe
969 4099 1072 4160 modo:
1106 4103 1184 4180 ‘post
1211 4103 1328 4162 currit’
1372 4102 1494 4164 ‘Trans’

201 4205 319 4267 semper
342 4187 541 4248 aecusatiuum
566 4205 664 4247 casum
688 4185 777 4246 trahit
803 4187 958 4262 utriusque
987 4188 1117 4256 numeri,
1150 4185 1321 4265 slogularis,
1349 4195 1383 4247 ut
1403 4186 1493 4248 illud:

115 4304 121 4311 ·
200 4272 284 4333 ‘abiit
307 4272 388 4333 lesus
410 4279 493 4332 trans
517 4290 598 4332 inane
621 4269 778 4339 Galileae’;
808 4269 962 4350 pluraliter
986 4270 1120 4332 similiter
1150 4271 1249 4332 (liuere
1272 4271 1380 4332 debes:
1410 4271 1495 4333 ‘abiit

201 4366 281 4417 trans
304 4358 406 4436 maria,
427 4364 509 4417 trans
524 4364 627 4435 portus
643 4353 778 4436 (portos)’
801 4364 830 4416 et
845 4354 960 4416 similia.
977 4352 988 4437 ss
1005 4356 1024 4415 l.
1042 4352 1085 4415 llb
1102 4353 1112 4436 ΙΙ
1129 4355 1378 4435 Frequentissime
1394 4365 1493 4419 autem

200 4440 295 4503 uerbo
318 4442 472 4510 adhaeret,
497 4450 528 4501 ut
557 4449 709 4502 transnato
738 4450 856 4501 transeo
886 4440 1049 4501 transuolat
1077 4442 1182 4502 transit
1211 4451 1338 4502 transeo.
1384 4442 1492 4504 ‘Vltro’

201 4545 267 4588 oum
292 4527 472 4606 praepositio
496 4535 548 4593 est,
573 4528 771 4586 accusatinum
796 4543 914 4603 semper
937 4524 1028 4585 trahit
1049 4545 1149 4587 casum
1171 4528 1327 4606 utriusque
1359 4529 1491 4595 numeri:

198 4611 387 4689 singulariter
402 4611 501 4673 (licere
516 4610 621 4672 debes:
646 4612 733 4672 ‘ultra
750 4612 884 4678 llumon',
909 4608 1061 4689 pluraliter
1082 4611 1170 4672 ‘ultra
1188 4610 1330 4682 llumina‘,
1354 4621 1387 4671 ut
1402 4611 1490 4672 illul:

198 4697 286 4756 ‘ultra
309 4696 429 4756 llumina
451 4694 623 4774 Aethiopiae
647 4695 794 4775 (etliiopie)
818 4693 887 4755 inde
910 4695 1059 4774 supplices
1081 4697 1160 4756 inei’.
1200 4696 1321 4756 Ponitur
1343 4705 1442 4758 autom
1460 4706 1490 4757 et

197 4798 250 4859 pro
273 4779 415 4840 aluorlno
430 4780 557 4848 inllnito;
574 4782 693 4860 ponitur
709 4788 737 4841 ot
750 4800 805 4859 pro
821 4779 877 4841 loci
894 4779 1051 4851 aduorbio;
1068 4782 1187 4860 ponitur
1203 4792 1232 4841 et
1247 4800 1302 4860 pro
1320 4781 1488 4861 ‘arnplius’;
