3420 5378
209 292 272 357 226
602 292 836 346 couneurvra
855 293 1097 346 smsmmerrsn

209 481 305 543 littera
335 499 385 542 sex
414 481 546 561 adusque
574 483 729 561 peruenit,
759 488 827 542 uta
850 482 887 543 ab
910 482 963 542 abs
986 500 1071 543 mous
1095 492 1177 545 stans
1199 484 1302 563 stirps.
1346 484 1508 564 Tempo-

208 602 287 644 rum
310 601 441 662 capax,
465 585 484 642 i·
508 583 665 662 receptrix.
711 582 819 644 Breuis
842 585 920 643 enim
936 581 1046 663 syllaba
1061 601 1152 645 uuum
1169 593 1287 664 tempus
1302 584 1403 655 habet,
1419 584 1507 664 longa

208 702 282 744 nero
305 683 373 744 duo.
419 676 491 745 Cum
516 702 587 763 ergo
610 684 681 745 dicit
703 687 807 765 ‘capax
827 686 1072 764 temporum',‘.iu
1095 685 1150 747 hac
1171 687 1345 748 delinitione
1369 704 1509 767 compre·

208 785 311 848 lreudit
333 794 362 846 et
386 803 450 854 eas,
474 802 549 862 quae
573 787 660 846 unius
683 787 826 865 temporis
849 795 917 847 suut
939 804 1063 866 capaces
1086 788 1133 848 uel
1156 788 1256 848 duum.
1302 789 1341 850 Et
1363 795 1411 848 est
1433 799 1508 848 tern-

207 907 263 967 pus
291 891 321 947 in
349 885 459 966 syllaba
493 888 619 965 spatium
648 886 813 965 quoddam,
851 886 990 948 uidelicet
1020 888 1163 968 quaedam
1201 888 1315 950 morula
1347 891 1442 950 uocis.
1466 909 1532 947 —s

105 1007 154 1055 sco,
168 1007 193 1045 er
207 990 385 1051 Communes
413 997 483 1049 suot
510 987 598 1048 modo
620 987 741 1063 longae,
765 987 852 1047 modo
879 988 997 1076 breues.
1042 989 1079 1049 ln
1107 991 1117 1050 i
1144 990 1228 1051 loco
1257 993 1509 1052 consonantis

207 1091 382 1170 positam,
408 1100 440 1150 ut
454 1091 525 1149 ‘aio'
541 1109 556 1149 a
573 1088 747 1168 producitur
771 1091 800 1149 in
823 1090 919 1167 prima
941 1108 1083 1169 persona,
1107 1093 1137 1152 in
1161 1091 1289 1153 secunda
1312 1111 1389 1153 uero
1411 1093 1508 1154 corri-

104 1194 301 1272 sse,sspitur,
333 1193 401 1271 quia
421 1192 434 1249 i
456 1193 513 1250 iam
543 1189 654 1251 uocalis
683 1198 737 1250 est.
787 1190 995 1261 Positioue,
1025 1193 1049 1250 i·
1074 1193 1228 1262 missione,
1259 1195 1329 1272 quia
1359 1193 1402 1254 ibi
1435 1194 1507 1255 duas

206 1299 404 1353 consonantes
435 1293 584 1355 mittimus.
635 1290 718 1351 Dicta
752 1309 823 1368 ergo
856 1293 965 1370 positio
993 1311 1008 1352 a
1038 1293 1193 1372 ponendo,
1226 1310 1260 1353 eo
1289 1295 1370 1373 quod
1398 1305 1507 1375 poetae

206 1394 388 1454 artificaliter
417 1401 663 1472 composuerunt,
692 1401 724 1451 ot
745 1391 848 1452 breuis
878 1392 1004 1461 uocalis,
1034 1412 1109 1472 quae
1139 1413 1193 1474 per
1215 1413 1247 1456 se
1270 1414 1362 1455 uuum
1386 1404 1540 1476 tempuso

206 1495 309 1565 habet,
340 1513 376 1554 ex
405 1493 535 1561 duabus,
569 1511 644 1571 quae
673 1502 845 1572 sequuntur,
875 1495 1105 1558 consonantibus
1135 1495 1241 1558 babeat
1262 1495 1450 1577 alterumret
1472 1515 1507 1558 ex

104 1617 154 1664 aes,
168 1616 193 1655 se
207 1603 345 1676 correpta
368 1604 457 1676 queat
480 1613 545 1656 esse
567 1594 721 1674 producta.
767 1594 1008 1666 Producitur,
1031 1598 1051 1657 i·
1075 1596 1250 1675 protelatur.
1287 1597 1331 1657 Vt
1354 1616 1418 1658 ao.
1452 1597 1508 1659 let

206 1718 224 1759 o
248 1698 373 1766 dimisit,
397 1699 465 1776 quia
488 1715 548 1758 non
571 1714 689 1774 semper
712 1705 781 1755 suot
803 1693 929 1757 uocales.
960 1691 1074 1779 ll201ll
1098 1698 1325 1778 lunguutur,
1348 1701 1368 1759 i·
1387 1702 1507 1761 socian-

205 1807 263 1861 tur.
295 1798 578 1879 diphthongum,
594 1800 614 1857 i·
631 1797 748 1858 dualem
764 1814 878 1868 sonum,
895 1796 948 1856 ‘di’
965 1797 1032 1867 duo,
1049 1798 1244 1878 ‘phthongus'
1267 1817 1359 1860 sonus
1382 1799 1505 1864 dicitur.

103 1902 259 1972 rastelli,
287 1900 487 1980 diphthongus
515 1900 644 1976 antiquis
673 1899 729 1959 luit
750 1899 780 1957 iu
804 1917 872 1974 usu,
902 1899 954 1959 sed
984 1899 1071 1960 modo
1100 1918 1133 1960 ea
1155 1918 1216 1961 non
1237 1902 1360 1971 utimur,
1392 1902 1456 1962 nisi
1476 1903 1539 1962 ins

204 2004 266 2082 ipsa
294 2000 455 2082 particula,
484 2001 561 2061 idest
583 2001 805 2068 interiectione,
835 2010 867 2060 ut
895 2002 940 2060 ‘ei
965 2001 1065 2072 mihi’,
1093 2002 1260 2062 interiectio
1287 2000 1428 2063 dolentis
1456 2012 1509 2065 est

103 2124 193 2172 scama
208 2103 336 2163 ‘idibem'
353 2104 382 2162 in
391 2149 504 2164 ......
526 2104 659 2182 posuisse
675 2100 818 2170 creditur,
842 2103 909 2180 quia
933 2101 970 2162 ab
994 2121 1047 2163 usu
1071 2105 1203 2164 recessit.
1248 2102 1468 2182 Excipitur,
1489 2107 1509 2164 i·

205 2212 371 2284 separatur.
416 2205 460 2262 Vt
487 2221 600 2272 arma,
631 2221 738 2263 nomen
768 2202 902 2264 neutrale
931 2211 976 2264 est
1005 2211 1034 2264 et
1055 2223 1174 2284 semper
1201 2201 1328 2283 plurale.
1375 2207 1510 2276 Arcus,

205 2306 242 2366 ab
266 2304 395 2365 arcendo
418 2304 534 2372 dicitur,
559 2322 594 2365 eo
617 2304 695 2381 quod
718 2303 820 2365 hostes
842 2322 857 2364 a
881 2305 968 2383 longe
990 2313 1140 2375 coerceat,
1170 2307 1194 2365 i·
1217 2304 1355 2383 repellat
1405 2309 1511 2379 Axis,

205 2407 301 2468 tribus
323 2405 498 2482 intelligitur
520 2404 630 2473 modis;
660 2406 723 2483 ipsa
747 2404 886 2466 uidelicet
909 2424 993 2486 pars,
1022 2406 1073 2467 uhi
1095 2406 1259 2487 plaustrum
1281 2405 1424 2478 uehitur,
1448 2411 1544 2470 axissr

205 2507 385 2589 appellatum
409 2515 453 2566 est
476 2507 562 2567 etiam
586 2523 656 2586 pars
678 2505 766 2576 caeli,
789 2508 808 2566 i·
831 2509 1003 2586 septentrio,
1029 2506 1075 2568 nel
1092 2507 1168 2568 linea
1191 2505 1394 2585 intelligibilis
1411 2530 1429 2572 a
1445 2511 1513 2592 polo

104 2630 152 2680 soe,
166 2631 191 2671 se
205 2628 299 2688 usque
322 2609 356 2671 ad
380 2607 497 2688 polum,
520 2603 599 2668 circa
624 2624 710 2685 quam
734 2605 864 2669 uoluitur
887 2608 1011 2669 caelum.
1057 2609 1233 2677 l'ositam,
1256 2609 1277 2667 i·
1295 2612 1440 2675 missam.
1474 2612 1515 2675 Vt

205 2720 240 2774 at
262 2712 350 2772 luno
373 2718 407 2770 at
430 2712 558 2770 Venus.
604 2709 703 2769 Venus
725 2726 741 2769 a
763 2716 918 2771 uerrnstate
941 2710 1059 2780 dicitur,
1083 2710 1107 2769 i·
1130 2728 1145 2770 a
1169 2707 1412 2788 pulchritudine.
1460 2715 1516 2778 Vc·

115 2836 164 2883 se,
180 2838 189 2873 1
204 2822 324 2875 nostum
348 2813 427 2872 euim
450 2811 576 2871 dicimus
598 2811 747 2871 hominem
770 2808 938 2889 pulchrum.
984 2811 1194 2880 Gemiuant,
1222 2812 1248 2871 i·
1272 2811 1461 2893 duplicant,
1485 2827 1517 2880 ut

205 2915 298 2975 ‘aiio’.
343 2911 401 2972 Sed
424 2915 491 2991 quia
515 2912 612 2972 hiatus
632 2909 828 2972 intolerabilis
850 2921 913 2972 erat
935 2914 1012 2973 inter
1035 2919 1078 2972 tot
1101 2910 1233 2980 uocales,
1266 2913 1442 2994 expulsum
1472 2928 1548 2981 ests

206 3033 297 3074 unum
327 3015 335 3073 i
364 3034 380 3074 a
409 3011 677 3092 perspicacioribus
704 3011 798 3072 altero
830 3020 1002 3074 remanente
1030 3030 1085 3091 pro
1114 3012 1227 3073 duabus
1255 3020 1519 3084 consonantibus.

114 3118 246 3175 ³oe‚2l't
274 3117 331 3175 aio
362 3122 395 3173 te
423 3114 579 3174 Aeacida
608 3113 792 3174 Romanos
821 3115 973 3174 uincere
1001 3133 1120 3194 posse.
1164 3114 1309 3175 Aeacides
1337 3118 1452 3183 dictus
1473 3131 1520 3184 cst

205 3215 349 3296 Pyrrhus,
378 3216 428 3294 qni
456 3234 523 3274 cum
551 3213 675 3274 deberet
702 3216 745 3274 ire
774 3213 811 3273 ad
840 3200 949 3275 bellum
978 3222 1081 3277 contra
1109 3216 1274 3283 Romanos,
1305 3219 1520 3302 interrogauit

203 3314 385 3396 Apollinem,
420 3325 517 3376 utrunr
551 3316 648 3376 uictor
679 3316 829 3375 existeret.
873 3315 927 3376 Coi
960 3314 1041 3377 dedit
1074 3316 1195 3378 dubium
1230 3335 1443 3396 responsum,
1479 3335 1519 3395 ut,

203 3419 336 3498 quisquis
358 3418 505 3485 uinceret,
528 3419 593 3496 ipse
615 3435 685 3478 uera
708 3415 819 3478 dixisse
841 3415 1002 3477 uideretur.
1047 3418 1120 3479 Nam
1143 3417 1285 3500 diceudo:
1311 3423 1343 3479 ‘o
1369 3410 1550 3497 Aeaciw

203 3521 250 3579 aiu
279 3529 308 3578 te
336 3537 422 3598 posse
450 3520 569 3578 uincere
597 3518 769 3586 Romanos’,
799 3516 883 3594 quasi
911 3519 1065 3579 uictoriam
1095 3521 1122 3578 ei
1150 3521 1301 3598 promisit.
1349 3523 1388 3584 Si
1415 3536 1518 3590 auten

202 3620 327 3680 dixeris:
359 3618 389 3678 ‘0
413 3617 552 3686 Aeacida,
576 3620 622 3678 aio
645 3619 794 3680 Romanos
816 3637 903 3698 posse
925 3621 1047 3681 uincere
1070 3622 1122 3693 te',
1147 3622 1159 3699 l}
1175 3616 1268 3700 20211
1294 3628 1394 3701 quasi
1421 3631 1519 3691 uiato-

202 3725 276 3783 riam
299 3720 440 3780 Romanis
463 3719 622 3798 promittit,
647 3719 725 3781 unde
747 3729 777 3780 et
799 3714 895 3794 λοξός
916 3719 1023 3782 dicitur
1045 3719 1161 3799 Apollo,
1184 3722 1204 3780 i·
1225 3719 1373 3786 lubricus
1400 3737 1434 3790 et
1456 3740 1519 3792 tor·

203 3831 319 3890 tunsus,
343 3839 378 3880 eo
402 3820 479 3898 quod
504 3819 593 3880 dubia
616 3819 703 3880 dabat
726 3838 877 3900 responsa.

287 3923 329 3982 lle
352 3920 558 3981 communibus
580 3919 710 4001 syllabis.
754 3921 888 4002 Syllabas
917 3941 1106 3990 communes,
1136 3942 1212 4002 quae
1240 3929 1362 4005 corripi
1389 3942 1424 3994 et
1447 3949 1547 4015 pro-s

202 4025 271 4084 duci
299 4031 439 4101 possunt,
468 4022 632 4082 secundum
656 4022 834 4083 [innatum
858 4023 920 4083 Vlll
943 4023 1038 4084 modis
1065 4026 1153 4091 frunt,
1183 4025 1235 4083 sed
1265 4028 1356 4089 iuxta
1392 4032 1516 4097 henam

202 4124 334 4185 Bedam
359 4121 433 4183 Vllll
458 4130 602 4182 constant.
648 4123 765 4183 Primus
788 4123 893 4184 modus
916 4134 976 4185 est:

556 4223 665 4283 Vasto
688 4225 862 4305 Cyclopis
885 4227 920 4286 in
943 4238 1052 4288 antro

269 4479 388 4543 'lposita
458 4480 487 4525 ll
506 4483 644 4538 sequ'ntur
713 4479 744 4527 12
763 4490 854 4527 ntae
929 4482 961 4529 14
978 4481 1139 4546 dyptougum
1191 4480 1225 4544 dy
1282 4496 1415 4556 ptongus
1486 4497 1516 4544 15

200 4546 350 4611 dyptongus
420 4546 452 4593 16
469 4545 544 4592 michi
615 4547 645 4595 l'l
665 4545 762 4605 Eibam,
780 4562 912 4611 suprascr.
931 4544 974 4612 eo]
999 4550 1063 4598 Post
1080 4550 1144 4598 haec
1161 4552 1300 4601 acredine
1320 4559 1440 4612 rium
1458 4579 1516 4614 ε..

200 4622 317 4664 uerunt.
369 4607 444 4676 quia]
462 4614 505 4660 Aa
523 4613 610 4674 quod?
661 4616 695 4664 20
714 4615 794 4663 ueitur
844 4615 878 4664 26
896 4631 973 4664 uuum
992 4617 1008 4668 i.
1026 4632 1041 4664 a
1059 4612 1279 4681 perspicatoribus
1359 4630 1399 4679 27
1419 4632 1514 4681 affl

200 4679 239 4731 dis
288 4681 323 4732 28
339 4695 433 4746 pyrrus
500 4681 535 4730 ³0
551 4680 648 4743 saeida,
665 4681 705 4730 br's
754 4683 788 4733 33
804 4680 878 4731 loxos
930 4685 963 4734 37
980 4681 1100 4748 baedam]
1118 4702 1146 4748 p.
1165 4687 1237 4733 23⁵2
1255 4687 1284 4735 P
1361 4697 1400 4750 33
1420 4694 1514 4765 vm]

196 4748 237 4821 r(-
254 4748 324 4801 Bon.
336 4764 368 4817 p.
381 4748 471 4815 36θῴ
486 4761 543 4799 αι
557 4748 646 4803 am.
664 4748 744 4799 Keilii
795 4747 925 4818 ,ciclopis]
948 4751 1026 4818 Verp.
1044 4753 1111 4804 Aea.
1129 4751 1181 4802 111
1198 4754 1248 4801 ⁶17
