3420 5378
493 301 532 351 1u
550 301 635 355 nou.
655 301 782 352 rursu
798 300 980 352 umonnu.
1065 346 1067 350 ,
1220 303 1221 308 ’
1326 297 1390 362 235

95 489 166 550 boc
199 507 392 550 scamnum.
439 489 598 549 Scamnum
626 488 740 549 dicitur
767 508 783 549 a
811 487 981 549 scandendo
1009 487 1086 564 quod
1122 486 1276 548 altioribus
1304 486 1389 547 lectis

96 589 300 673 apponebatur
324 600 353 650 et
375 589 412 649 de
434 608 555 651 scamno
577 591 606 650 in
631 590 738 651 lectum
762 588 985 650 ascendebatur.
1024 589 1233 655 Commune,
1256 607 1280 648 s.
1295 605 1389 665 genus

96 701 156 761 est;
181 692 274 770 quod
299 691 423 761 simul,
446 691 524 752 idest
538 690 594 751 sub
611 709 668 752 una
685 689 848 751 litteratura
871 689 1097 770 comprehendit
1118 707 1229 750 marem
1253 697 1283 748 et
1304 689 1388 750 lemi-

95 812 180 863 naur,
204 801 241 853 ut
264 793 322 853 bic
345 801 379 853 ct
401 793 490 854 haec
512 792 700 853 sacerdos.
745 792 890 853 Sacerdos
913 810 928 851 a
947 792 1041 852 sacris
1055 791 1161 852 dandis
1177 791 1281 852 dictus
1320 789 1387 851 Sed

68 911 137 954 sex
162 895 234 962 bis,
257 913 281 954 s.
305 893 466 970 generibus
488 893 547 954 duo
562 902 630 954 sunt
646 893 819 973 principalia
842 893 920 955 idest
941 895 1139 973 principatum
1155 893 1295 954 tenentia.
1325 890 1388 951 Vei
1402 909 1450 951 ars,
1466 908 1491 948 ao

95 995 193 1064 sola,
216 997 236 1055 i.
261 994 420 1063 naturalia;
444 995 486 1055 de
508 1003 685 1074 utroque,
709 981 786 1056 idest
807 994 843 1054 de
866 977 1028 1056 masculino
1048 1002 1077 1054 et
1098 994 1239 1055 feminino
1263 1011 1389 1054 uasrun-

95 1104 154 1157 tur.
201 1097 424 1164 Praeterea,
448 1099 467 1156 i.
491 1105 610 1176 praeter
638 1097 691 1157 ista
722 1115 831 1175 genera
854 1115 941 1157 casus
964 1098 1052 1156 trium
1075 1113 1228 1174 generum.
1268 1093 1490 1160 vibicem

95 1207 131 1259 et
159 1199 248 1259 baec
272 1206 306 1257 et
328 1197 396 1257 boc
433 1198 536 1258 lellx.
581 1197 662 1258 Felix
691 1197 800 1259 dicitur
823 1198 926 1258 beatus
949 1197 995 1257 uel
1019 1198 1177 1276 propitius,
1202 1197 1252 1275 qui
1276 1196 1388 1256 Gracco

22 1320 37 1335 ’
95 1292 237 1380 εὐτυχής
265 1297 387 1373 dicitur,
418 1308 447 1359 et
474 1299 550 1378 apud
579 1318 634 1360 nos
662 1307 706 1359 est
732 1299 872 1378 simplex,
903 1298 980 1378 apud
1010 1299 1141 1360 Graecos
1169 1315 1242 1358 uero
1270 1315 1389 1377 semper

58 1401 311 1480 incompositum,
335 1407 367 1460 ut
390 1399 585 1477 Virgilius:

579 1502 603 1562 0
627 1502 794 1580 felixque
818 1503 890 1561 tuis

95 1606 119 1663 i.
144 1604 297 1682 propitius.
349 1603 566 1683 Epiloenon
594 1609 621 1665 i.
652 1605 910 1682 promiscuum.
962 1602 1135 1682 Epiioenon
1165 1603 1387 1682 perictoe

90 1703 301 1783 diphthongon
325 1703 468 1765 debemus
490 1704 635 1772 scribere;
660 1705 738 1783 quod
763 1712 858 1765 autem
882 1703 955 1765 dixit
970 1705 1100 1764 Donatus
1116 1704 1294 1782 epilroenon,
1310 1702 1388 1784 apud

94 1806 226 1868 Graecos
240 1805 349 1866 dicitur
361 1824 625 1884 supercommune:
642 1805 714 1884 ‘epi’
731 1806 809 1866 enim
822 1823 919 1882 super,
937 1807 1080 1867 ‘koenon'
1097 1823 1254 1866 commune
1270 1805 1387 1866 dicitur.

58 1906 255 1978 uOuaoritur
288 1909 381 1975 euim,
416 1907 485 1984 quid
514 1906 603 1968 distat
630 1910 708 1968 inter
736 1908 902 1986 epikoenon
932 1916 961 1968 et
987 1925 1145 1969 commune
1178 1923 1286 1984 genus,
1321 1923 1387 1966 cum

95 2017 255 2088 utrumque
278 2009 336 2070 duo
357 2028 467 2087 genera
490 2008 736 2088 comprehendat,
761 2009 955 2070 masculinum
985 2008 1124 2069 uidelicet
1151 2015 1180 2069 et
1203 2008 1387 2068 femininum.

96 2111 154 2172 Sed
177 2110 346 2179 sciendum,
370 2112 439 2188 quia
462 2127 619 2171 commune
641 2127 735 2188 genus
757 2110 874 2171 duobus
895 2109 1027 2171 articulis
1048 2108 1243 2172 masculinum
1259 2114 1289 2169 et
1303 2107 1388 2169 lomi·

95 2213 198 2274 ninum
222 2211 463 2291 comprehendit,
488 2219 521 2272 ut
542 2211 605 2271 ‘bic
628 2219 658 2272 et
674 2210 753 2284 ,baec
775 2211 941 2286 sacerdos',
966 2212 1132 2293 epilmenon
1155 2229 1229 2272 uero
1251 2208 1307 2270 sub
1330 2227 1388 2270 uno
1417 2273 1426 2287 ,

95 2312 220 2375 articulo
248 2313 385 2374 similiter
414 2331 525 2374 marem
550 2320 579 2372 et
600 2314 740 2374 feminam
770 2313 999 2395 comprehendit
1021 2320 1053 2374 ut
1075 2313 1136 2374 ‘hic
1157 2313 1278 2375 miluus’
1302 2310 1388 2374 ‘baec

57 2416 216 2494 eoaquila'.
255 2417 327 2477 Cum
345 2416 422 2474 enim
446 2415 521 2476 dicis
543 2415 556 2496 ΙΙ
576 2412 635 2477 157
654 2411 665 2496 ll
690 2415 750 2476 ‘bic
765 2415 894 2484 miluus',
918 2415 1058 2494 intelligis
1081 2414 1243 2477 masculum
1259 2421 1289 2476 et
1302 2413 1387 2475 lemi-

95 2533 174 2577 nam.
218 2515 281 2577 Alio
303 2515 392 2576 modo
413 2516 566 2586 differunt,
590 2517 657 2595 quia
680 2535 838 2578 commune
860 2535 955 2595 genus
976 2519 1006 2577 in
1030 2515 1193 2578 maioribus
1214 2513 1389 2576 animalibus

95 2619 141 2686 lit,
165 2619 242 2679 sicut
263 2619 295 2676 in
318 2615 487 2678 bominibus
510 2626 539 2677 et
560 2619 590 2678 in
614 2617 871 2698 quadrupedibus,
895 2618 1061 2698 epikoeoon
1078 2637 1151 2679 uero
1166 2619 1197 2677 in
1214 2613 1387 2681 minoribus,

95 2720 172 2779 sicut
193 2720 223 2779 ln
247 2717 417 2779 uolatilibus
439 2726 469 2779 ct
490 2713 655 2796 reptilibus.
702 2719 803 2779 Tertio
834 2719 921 2779 modo
950 2718 1106 2787 dillerunt,
1134 2719 1201 2798 quia
1230 2733 1388 2776 commune

94 2837 190 2898 genus
211 2820 276 2880 uisu
299 2818 451 2880 oculorum
474 2828 571 2899 potest
593 2819 735 2893 discerni,
759 2819 923 2899 epilmenon
948 2839 1020 2880 uero
1043 2837 1102 2880 non
1118 2827 1223 2899 potest.
1261 2819 1293 2879 Si
1309 2819 1387 2878 enim

55 2920 209 2981 cultoris
232 2920 357 3000 aquilam
382 2921 531 2981 uolantem
555 2930 605 2981 aut
627 2940 742 2981 murem
765 2929 948 2990 currentem,
973 2922 1070 2982 nescis
1093 2928 1190 2982 utrum
1214 2921 1251 2980 sit
1273 2938 1388 2981 mascu-

93 3020 187 3083 linum
216 3040 253 3082 an
281 3022 465 3082 femininum.
512 3022 620 3083 lterum
649 3024 802 3100 quaeritur
830 3041 884 3082 cur
913 3022 1021 3083 miluus
1044 3033 1073 3083 et
1095 3039 1197 3104 passer
1226 3021 1389 3082 masculino

95 3140 206 3202 genere
229 3124 427 3202 proterantur,
451 3122 547 3201 aquila
570 3141 643 3182 uero
667 3131 695 3183 et
717 3123 840 3185 mustela
864 3125 1016 3186 lemiuino,
1060 3122 1103 3185 nd
1126 3123 1183 3184 hoc
1205 3122 1387 3202 responden·

94 3223 179 3293 dum,
203 3226 271 3303 quia
294 3233 434 3303 quattuor
458 3225 555 3284 modis
576 3242 685 3302 genera
708 3223 913 3286 dinoscuntur:
945 3233 1065 3293 natura,
1090 3227 1166 3285 sicut
1181 3224 1343 3286 ‘masculus
1358 3233 1390 3285 ct

94 3326 226 3394 lemina';
250 3323 389 3393 articulis,
407 3327 482 3386 sieut
496 3325 556 3385 ‘bic
572 3334 602 3385 et
617 3325 716 3387 baec’:
740 3343 806 3385 cum
823 3328 901 3386 enim
918 3326 992 3405 legis
1007 3326 1054 3388 uel
1071 3326 1155 3387 audis
1171 3326 1231 3387 ‘bic
1247 3333 1276 3384 et
1291 3324 1387 3393 baec’,

56 3425 251 3505 cointelligis,
282 3434 379 3488 utrum
403 3428 441 3487 sit
464 3427 611 3488 masculus
638 3447 674 3488 an
704 3428 828 3496 iemioa;
857 3431 1045 3496 auctoritate,
1076 3429 1152 3489 sieut
1175 3428 1203 3486 in
1226 3427 1272 3487 bis
1295 3427 1387 3487 nomi-

96 3527 199 3597 nibus,
228 3545 304 3605 quae
333 3529 439 3588 incerti
467 3537 538 3590 sunt
565 3531 700 3607 generis,
735 3537 767 3588 ut
794 3537 863 3588 sunt
891 3528 963 3590 silex
993 3537 1023 3588 et
1050 3536 1167 3598 cortex,
1201 3546 1276 3604 quae
1309 3528 1386 3607 apud

95 3627 237 3706 quosdam
267 3628 430 3689 masculiuo
456 3647 566 3708 genere
594 3632 835 3707 pronuntiantur,
858 3629 935 3709 apud
964 3628 1039 3691 alios
1068 3647 1142 3691 uero
1171 3629 1326 3698 lemiuino,
1357 3638 1388 3689 ut

95 3730 291 3808 Virgilius:

383 3815 431 3875 nu
454 3814 562 3875 silice
585 3817 620 3875 in
645 3816 738 3875 nuda
761 3818 892 3876 conixa
915 3814 1073 3895 reliquit

56 3933 238 3992 utemintno
261 3949 333 3991 uero
355 3950 465 4008 genere
488 3932 623 4009 protulit,
648 3935 730 3993 cuius
753 3936 958 3994 auctoritatem
976 3934 1005 3994 lu
1021 3932 1078 3994 hoc
1094 3936 1258 4010 sequimur.
1303 3934 1387 3995 Clau·

95 4033 169 4106 sulis
191 4032 387 4093 dinoscuntur
409 4051 533 4110 genera,
558 4036 625 4111 quia
650 4034 848 4094 decreuerunt
869 4043 1018 4103 auctores,
1043 4044 1074 4094 ut
1097 4053 1130 4094 ea
1154 4037 1288 4104 nomina,
1313 4054 1388 4114 quac

95 4135 126 4194 in
149 4152 184 4195 us
206 4132 253 4193 uel
278 4135 308 4193 in
331 4151 346 4191 r
369 4142 491 4200 exeunt,
523 4136 617 4213 magis
645 4133 810 4195 masculino
838 4153 947 4212 genere
976 4137 1216 4215 pronuntientur,
1248 4155 1281 4198 ea
1304 4155 1387 4205 uero,

99 4388 102 4393 .
162 4353 271 4415 Sgrece
339 4349 522 4404 9ΕΥΤΙΚΗ(
626 4353 658 4403 10
676 4350 813 4418 Virgilius]
836 4353 867 4401 E.
890 4355 916 4403 V
931 4357 964 4403 05
1068 4350 1388 4416 12ΕΠΙΚΟΕΝοΝ,ὺίε

96 4420 128 4468 13
145 4418 307 4483 dipthongon
396 4422 427 4468 14
445 4434 535 4484 grecos
621 4422 654 4468 24
672 4431 757 4483 potest
773 4418 895 4484 discerni]
920 4420 954 4470 Iu
971 4438 1051 4487 marp.
1069 4424 1141 4487 rtpno
1158 4423 1280 4486 apposito
1297 4424 1388 4471 addita

94 4494 151 4535 sunt
170 4487 245 4535 boec:
264 4497 291 4534 ut
310 4487 399 4535 uidens
418 4487 546 4536 bominem
565 4498 639 4553 potes
657 4488 722 4537 seire
740 4499 823 4537 utrum
842 4489 877 4537 sit
894 4489 1023 4539 masculus
1040 4505 1073 4538 eu
1090 4490 1199 4553 semina,
1222 4490 1339 4539 similiter
1356 4490 1388 4539 de

95 4569 162 4615 aquo
181 4566 205 4602 et
223 4569 295 4615 equa.
367 4556 573 4604 reanimarem
592 4564 733 4604 currentem
751 4571 832 4619 supra
852 4558 944 4606 lineam
1022 4559 1054 4606 27
1073 4557 1181 4607 mustela
1199 4552 1335 4622 feminino]
1354 4556 1388 4606 In

95 4637 172 4684 morp.
195 4623 267 4684 cipro
290 4625 420 4685 opposito:
449 4623 534 4683 aquila
555 4623 587 4671 ab
610 4623 726 4672 acumine
749 4624 879 4672 oculorum
903 4624 1006 4682 dicitur,
1031 4638 1121 4688 passer
1144 4638 1205 4673 uero
1229 4639 1243 4672 a
1262 4626 1388 4688 paruitate

96 4689 219 4753 corporis.
306 4693 339 4740 33
358 4687 493 4754 Virgilius]
514 4690 546 4743 Ε.
565 4691 631 4740 115
709 4692 741 4742 at
761 4689 844 4740 uetur
913 4689 1118 4757 pronuntiamur]
1138 4691 1198 4742 Cum
1215 4693 1334 4742 hocloco
1352 4690 1387 4754 (rc

98 4755 214 4820 27-37)
238 4759 360 4822 conferas
381 4760 439 4819 illo,
463 4773 528 4823 quae
545 4774 572 4823 p.
591 4761 655 4821 237,
674 4761 707 4810 16
724 4761 785 4810 adn.
803 4775 839 4810 ex
855 4759 944 4810 codice
960 4757 1090 4810 Bernenei
1107 4761 1160 4812 386
1175 4765 1304 4825 excerpta
1319 4765 1387 4812 runt.
