3420 5378
488 288 528 340 m
545 286 776 342 nonomen
792 287 974 344 aaronem
1266 359 1270 373 ,
1322 291 1385 356 233

90 478 250 556 significat,
273 477 293 536 i.
317 477 490 541 nouitatem.
534 476 693 555 Hucusque
716 477 753 538 de
775 477 929 539 delectiuis
952 479 1033 540 dixit.
1078 478 1162 539 Nunc
1183 478 1220 538 de
1241 475 1385 541 anomalis

90 582 109 641 i.
133 577 340 656 inaequalibus
363 579 529 657 exequitur.
573 579 684 640 Extra
717 579 811 640 hanc
843 581 1010 650 lormam,
1033 581 1054 640 i.
1078 587 1160 640 extra
1184 567 1309 641 lormam
1333 581 1487 645 de-amn

90 681 285 748 lectiuorum,
322 695 398 756 quae
426 680 456 739 in
484 682 704 758 comparatione
735 679 885 741 deficiunt.
930 681 1023 742 Sunt
1050 680 1168 741 honus
1197 689 1231 742 et
1254 682 1383 752 malus,

90 784 158 862 quia
179 801 235 863 per
263 798 366 843 omnes
391 780 502 858 gradus
529 787 738 861 comparantur
760 788 789 842 et
812 788 893 842 extra
917 783 1042 842 immam
1071 801 1174 843 eorum
1197 792 1280 853 sunt,
1309 801 1384 862 quae

64 893 173 947 crecta
207 890 432 963 comparantur,
465 885 532 963 quia
566 882 732 945 anomalam
766 881 877 944 habent
907 884 1170 960 comparationem.
1220 884 1385 945 Dicimus

90 988 187 1062 euim
216 985 335 1046 bonus
364 982 495 1045 melior
523 987 693 1063 optimus.
738 984 914 1062 inaequales
941 984 1050 1062 gradus
1078 984 1203 1054 habent,
1232 987 1384 1064 quianon

88 1089 200 1149 iaciunt
223 1086 332 1146 ‘honus
355 1085 462 1146 bonior
486 1085 685 1146 bonissimus’.
736 1087 975 1165 Comparatio
1010 1087 1196 1147 nominum
1229 1088 1487 1167 propriosne
1536 1072 1541 1079 ⁵

89 1189 126 1248 in
155 1187 412 1266 comparatiuo
435 1185 734 1265 etsuperlatiuo
765 1196 821 1247 est
857 1187 1073 1247 constituta.
1118 1185 1188 1248 ldeo
1216 1187 1274 1249 lroc
1302 1189 1383 1258 dicit,

89 1291 157 1370 quia
186 1290 235 1348 isti
262 1287 321 1349 dno
348 1290 470 1368 proprie
498 1288 636 1350 dicuntur
664 1287 782 1367 gradus.
827 1288 900 1349 Nam
929 1288 1076 1367 positiuus
1105 1307 1165 1349 nou
1193 1296 1238 1350 εει
1263 1288 1383 1368 gradus,

53 1393 160 1470 ¹⁰quia
182 1390 333 1469 perlectus
357 1397 385 1450 et
407 1389 559 1452 absolutus
588 1398 645 1450 est:
675 1389 825 1468 perlectus
853 1398 912 1458 est,
941 1390 1010 1468 quia
1039 1387 1146 1468 plenus
1167 1391 1198 1449 iu
1221 1410 1254 1452 se
1276 1400 1383 1462 manet,

89 1490 257 1562 absolutus,
282 1494 349 1569 quia
374 1511 433 1552 non
456 1498 524 1569 eget
545 1490 601 1551 alia
624 1510 761 1570 persona.
805 1491 1030 1571 Comparatiuus
1054 1509 1127 1552 uero
1143 1498 1173 1553 et
1187 1491 1385 1571 superlatiuus

90 1595 275 1673 reciprocam
291 1610 448 1673 personam
464 1593 625 1669 inquirunt.
664 1593 781 1672 Saepe
803 1601 923 1652 autem
947 1595 1228 1670 comparatiuus
1250 1593 1486 1671 graduarium

90 1697 342 1776 praeponitur
369 1693 621 1772 superlatiuo,
651 1696 670 1754 i.
700 1693 765 1773 plus
792 1694 952 1770 significat,
987 1693 1065 1754 idest
1092 1714 1157 1755 cum
1186 1693 1385 1774 superlatiuus

11 1832 17 1847 .
90 1797 157 1876 plus
185 1795 308 1857 deberet
336 1795 518 1873 significare,
542 1813 558 1854 e
582 1804 683 1856 contra
711 1795 932 1873 companaticus
960 1794 1118 1872 aliquando
1145 1794 1211 1875 plus
1241 1798 1385 1875 significat

50 1909 76 1950 1⁵
90 1916 178 1976 quam
202 1897 421 1976 superlatiuns,
445 1895 530 1956 uerbi
562 1897 669 1973 gratia:
709 1896 954 1975 ‘sapientissimus
981 1898 1160 1957 rusticorum
1194 1897 1312 1959 stultior
1341 1906 1386 1959 εει

88 1998 264 2062 stultissimo
292 2000 572 2076 grammaticorum'
600 1999 835 2057 eta‘minimus
867 1997 1019 2074 gigantum
1051 1999 1145 2059 maior
1179 2006 1225 2060 ost
1258 2000 1384 2061 maximo

90 2098 309 2181 pumilionum',
333 2101 351 2159 i.
374 2118 531 2161 uanorum.
576 2099 692 2177 Saepe
721 2097 831 2168 idem,
861 2117 884 2158 s.
909 2100 1144 2178 comparatiuus,
1174 2101 1292 2163 minus
1320 2118 1488 2180 po·ou.ea

89 2203 208 2263 sitiuo
237 2202 453 2279 significat,
483 2202 624 2262 iminica
651 2201 798 2278 significat
824 2217 912 2277 quam
934 2201 997 2279 ipse
1020 2202 1171 2280 positiuus.
1216 2204 1259 2264 vt
1286 2219 1486 2267 marcemus

91 2303 287 2364 Ponticum
312 2302 461 2363 dulcius
483 2309 536 2364 est
559 2319 660 2379 quam
684 2309 820 2363 cetera.
865 2302 946 2362 litare
961 2301 1118 2364 Ponticum
1134 2302 1273 2365 dicitura
1290 2305 1385 2365 Ponto

51 2405 198 2467 aninsula.
244 2406 323 2465 llare
346 2412 443 2464 autem
467 2420 571 2481 aquam
594 2420 724 2466 amaram
748 2402 823 2464 solet
845 2402 971 2472 lrabere,
1000 2402 1054 2464 sed
1082 2404 1138 2464 hoc
1166 2423 1247 2466 mare
1269 2404 1385 2466 dulcius

92 2525 157 2568 esse
179 2506 305 2574 dicitnr,
328 2507 348 2564 i.
373 2523 476 2584 parum
506 2502 606 2573 dulce,
636 2522 723 2583 quarn
752 2513 850 2565 cetera
874 2501 887 2584 ll
906 2501 967 2565 154
984 2501 1013 2578 l,
1043 2507 1113 2584 quia
1142 2505 1231 2568 multa
1261 2506 1385 2568 llumina

91 2611 122 2669 in
137 2627 174 2669 eo
190 2607 313 2675 cadunt,
337 2624 412 2686 quac
428 2606 654 2666 amaritudinem
677 2605 755 2666 illius
778 2613 954 2684 temperant.
985 2606 1135 2667 ‘liulcius’
1151 2608 1250 2684 itaque
1274 2609 1305 2666 in
1327 2606 1385 2666 hoc

70 2709 157 2770 loco
173 2710 271 2769 minus
286 2709 444 2784 significat,
469 2725 557 2785 quam
574 2709 727 2785 positiuus,
751 2707 829 2786 quod
853 2715 898 2766 εει
913 2703 1008 2770 dulce.
1053 2707 1127 2767 Nam
1151 2706 1263 2768 ‘dulce'
1287 2714 1384 2773 estex

92 2820 154 2871 toto
169 2808 357 2870 dulcedinem
373 2807 499 2878 habens,
523 2807 661 2869 ‘dulcius’
679 2827 752 2870 uero
767 2827 873 2887 parum
889 2805 1054 2869 dulcedinis
1070 2810 1235 2870 continens.
1265 2808 1382 2887 Saepe
1397 2826 1447 2876 aar,
1461 2827 1487 2866 oo

53 2911 203 2980 raidem,
233 2931 257 2972 s.
281 2913 518 2988 comparatiuus,
555 2928 620 2988 pro
649 2912 817 2989 positiuo
848 2912 996 2988 positus
1024 2909 1145 2969 minus
1173 2909 1384 2987 significat,

92 3032 116 3073 ε.
140 3031 227 3091 quam
250 3014 313 3090 ipse
335 3013 496 3095 positione,
529 3019 564 3069 ει
592 3010 688 3072 nulli
722 3019 974 3091 comparatur,
1005 3012 1075 3090 quia
1107 3009 1259 3072 absolutus
1287 3017 1387 3072 manet

92 3115 156 3175 sine
179 3112 237 3175 ulla
261 3132 402 3194 persona,
427 3120 459 3173 ut
481 3111 662 3189 Virgilius
685 3113 722 3173 de
745 3113 894 3173 Charone:

245 3215 315 3276 lam
340 3215 466 3275 senior
489 3213 551 3274 sed
574 3212 685 3273 cruda
709 3213 775 3274 deo
799 3212 1010 3293 uiridisque
1033 3221 1226 3283 senectus,

92 3319 117 3378 i·
142 3335 229 3377 noua.
275 3317 572 3393 Significatione
607 3315 846 3382 diminutiua,
878 3317 903 3378 i.
932 3313 1111 3384 litteratura,
1147 3317 1198 3407 sed
1228 3334 1287 3377 non
1316 3324 1486 3382 santarem

53 3418 267 3480 audiminutiua
291 3417 343 3478 sed
366 3419 583 3497 comparatius,
609 3418 675 3493 quia
693 3414 829 3477 similiter
852 3419 1033 3496 reciprocam
1058 3434 1217 3496 personam
1239 3418 1387 3496 recipiunt

92 3538 116 3580 ε.
140 3520 217 3581 εἰευι
238 3519 449 3598 comparatiua,
475 3526 506 3578 ut
529 3517 743 3578 Terentius:

408 3619 519 3680 Thais
543 3619 746 3680 maiuscula
770 3626 827 3679 εει
849 3638 953 3698 quam
976 3637 1055 3698 ego,

92 3721 170 3783 idest
199 3739 303 3801 parum
334 3722 437 3782 maior.
465 3754 507 3764 -
534 3720 764 3781 Maiusculus
792 3729 837 3781 est
867 3739 970 3798 parum
999 3722 1102 3781 maior.
1152 3719 1386 3782 Minusculos

94 3824 111 3882 i.
137 3840 240 3901 parum
265 3824 372 3881 minor.
418 3820 716 3883 Grandiusculus
743 3822 1018 3901 parumgrandior.
1058 3822 1473 3883 l‘ositiuotantum³⁷⁵‚¹
1585 3824 1589 3831 '

54 3924 326 3988 madiciuntum
367 3923 527 3984 dicimus
566 3925 659 3982 enim
698 3930 764 3983 tam
801 3921 933 3992 bonus,
971 3931 1017 3998 est
1049 3925 1105 3984 iste
1140 3941 1227 4002 quam
1260 3922 1324 3992 ille,
1359 3925 1384 3983 i·

94 4024 245 4103 aequalem
278 4023 458 4103 qualitatem.
510 4025 628 4084 illinus
661 4023 792 4090 bonus,
822 4028 846 4081 i·
876 4024 985 4093 malus,
1023 4025 1164 4084 minus
1198 4022 1328 4093 malus,
1359 4027 1385 4085 i·

95 4125 207 4194 bonus,
237 4124 385 4185 minime
416 4124 531 4186 bonus
554 4126 572 4184 i·
596 4127 753 4203 pessimus
798 4125 952 4185 ‘Minime’
980 4123 1181 4202 superlatiuus
1208 4133 1254 4186 est
1280 4134 1310 4187 et
1333 4145 1386 4204 per

95 4225 220 4287 alterum
249 4226 386 4286 soluitur:
419 4229 541 4287 minime
570 4224 664 4287 malus
687 4227 706 4284 i·
730 4227 871 4305 optimus,
904 4227 1029 4288 maxime
1057 4224 1152 4287 malus
1182 4229 1202 4287 i·
1227 4228 1382 4307 pessimus,

95 4329 222 4388 maxime
250 4327 346 4388 bonus
368 4329 387 4386 i·
412 4330 552 4406 optimus,
584 4327 677 4404 magis
705 4326 800 4387 malus
823 4329 842 4386 i·
867 4328 959 4405 peior,
988 4328 1080 4404 magis
1110 4327 1206 4388 bonus
1229 4329 1248 4387 i·
1270 4328 1385 4388 melior.

56 4430 381 4507 roComparatiuus
411 4427 545 4505 gradus
582 4427 754 4488 ablatiuo
791 4429 895 4487 casui
931 4427 1152 4506 adiungitur
1189 4430 1474 4508 utriusqueara,4

163 4684 195 4732 27
215 4680 350 4747 Virgilius]
371 4682 436 4732 Aea.
459 4681 500 4730 VI
518 4683 570 4731 304
638 4683 669 4730 31
688 4696 709 4728 a·
728 4681 794 4729 sieut
811 4682 986 4746 comparatius
1001 4696 1082 4744 supra
1098 4682 1190 4732 lineam
1241 4677 1386 4746 Terentius]

98 4749 165 4803 Eun.
183 4749 237 4799 III
254 4753 279 4808 3,
298 4753 331 4799 21
399 4752 431 4799 32
450 4745 522 4813 Tnis]
541 4764 621 4813 cupra
638 4749 739 4798 ducam:
759 4764 782 4798 s.
799 4763 864 4799 uxor
881 4762 938 4798 men
1005 4749 1039 4800 ab
1055 4748 1169 4799 adiciunt
