3420 5378
694 281 905 334 subuertere.
1154 325 1160 333 ,,
1407 278 1449 342 89

153 472 260 542 rltur,
293 471 378 551 quid
409 471 460 530 sit
486 472 587 531 inter
615 468 910 532 indeclinabilia
937 478 975 530 et
1004 476 1130 548 aptota
1159 477 1194 530 et
1222 476 1447 549 monoptota.

154 574 200 633 Et
219 574 410 636 sciendum
437 581 493 633 est
520 576 619 648 quod
639 581 674 633 et
700 580 834 650 aptota
856 579 891 633 et
912 579 1128 649 monoptota
1157 570 1448 633 indeclinabilia

152 683 252 744 sunt,
276 673 454 735 similiter
477 674 574 734 enim
596 693 668 735 non
689 675 840 736 uariant
862 674 1181 744 terminationem,
1205 673 1267 734 sed
1290 670 1448 733 inmobi-

116 853 120 861 .
152 775 223 837 lem
251 795 328 838 eam
356 784 521 837 seruant.
565 777 698 856 llptota
722 786 841 838 tamen
871 782 961 838 sunt
988 778 1140 855 proprie
1163 774 1334 845 dicenda,
1358 793 1449 855 quae

125 879 425 940 suomiuatiuum
455 877 573 939 solum
596 877 746 948 habeut,
777 880 839 957 qui
867 878 1087 957 plerumque
1111 886 1147 938 et
1170 879 1369 938 uocatiuus
1391 878 1449 937 iu·

151 980 304 1041 uenitur
327 988 360 1040 et
383 998 453 1040 non
476 981 663 1059 accipitur
685 982 797 1040 ctiam
831 998 896 1059 pro
930 978 1096 1058 obliquis
1128 978 1291 1053 casibus,
1323 985 1361 1038 ut
1388 978 1450 1039 bic

150 1080 322 1162 luppiter
344 1088 381 1141 et
401 1100 420 1141 o
444 1081 632 1161 luppiter,
654 1080 713 1142 bic
737 1079 1229 1161 lliespiteretobiespiter.
1268 1080 1449 1141 Neutrum

152 1201 257 1252 uero,
281 1183 314 1243 si·
332 1184 382 1243 sit
404 1190 592 1262 aptotum,
616 1185 837 1246 necessario
861 1185 969 1243 etiam
992 1201 1058 1261 pro
1081 1183 1303 1244 accusatiuo
1325 1190 1363 1243 et
1384 1201 1447 1243 uo·

151 1282 1448 1362 catiuoaccipiturbuiusnomiuetiuus,quodgeneraleestomnium

113 1395 383 1455 roneutrorum,
407 1394 445 1447 ut
467 1386 534 1448 boc
557 1387 612 1447 las
634 1386 700 1448 boc
723 1388 829 1449 netas
851 1388 920 1448 boc
943 1388 1000 1447 las
1021 1385 1088 1447 boc
1110 1387 1217 1448 riolas
1238 1405 1256 1446 o
1279 1386 1333 1449 les
1356 1403 1447 1448 one·

147 1488 223 1563 sus.
255 1487 468 1567 blouoptota
492 1507 581 1550 uero
604 1495 704 1558 sunt,
722 1506 812 1567 quae
834 1509 900 1570 pro
923 1489 1022 1550 omni
1044 1507 1130 1549 casu
1153 1506 1223 1548 una
1246 1488 1448 1566 eademque

151 1591 423 1651 terminatione
457 1591 681 1669 iunguntur,
713 1591 837 1671 qualia
871 1599 958 1652 sunt
989 1591 1135 1651 nomina
1169 1589 1383 1652 litterarum
1410 1597 1448 1652 et

150 1710 388 1754 numerorum
412 1709 428 1751 a
450 1700 628 1772 quattuor
651 1711 768 1773 usque
791 1692 832 1752 ad
855 1701 1018 1761 centum;
1049 1692 1151 1753 mille
1173 1711 1319 1773 qnoque
1340 1693 1448 1754 inde·

151 1792 333 1856 elinabile
361 1803 417 1855 est
443 1802 478 1855 et
497 1797 606 1869 siqua
628 1797 881 1856 inueniuntur
902 1797 1064 1874 similia,
1092 1802 1130 1855 ut
1152 1793 1220 1854 lroc
1242 1814 1257 1855 a
1282 1794 1392 1856 huius
1415 1816 1446 1871 a,

113 1895 219 1958 rclroc
242 1897 312 1957 alla
335 1894 557 1965 holusculis,
593 1896 628 1957 lri
653 1904 836 1974 quattuor
858 1896 985 1957 borum
1014 1904 1208 1976 quattuor,
1242 1896 1278 1956 111
1301 1906 1390 1978 quot
1412 1907 1449 1959 et

151 1997 280 2059 borum
303 2007 405 2080 quot,
430 1999 466 2059 bi
489 2006 543 2061 tot
565 1999 693 2060 borum
716 2008 786 2068 tot,
816 2001 903 2059 etsi
927 2016 994 2076 qua
1017 1998 1269 2059 inueniuntur
1292 2000 1446 2071 similia,

152 2108 191 2161 ut
219 2100 286 2162 boc
308 2103 443 2179 gummi
473 2101 583 2161 buius
605 2103 754 2179 gummi,
785 2099 853 2161 boc
881 2101 1005 2179 sinapi
1032 2100 1143 2161 buius
1172 2104 1312 2179 sinapi.
1357 2102 1447 2163 ltern

151 2201 210 2264 bic
232 2212 269 2263 et
291 2202 383 2263 baec
405 2209 441 2263 et
455 2202 521 2264 boc
537 2220 699 2281 nequam.
731 2203 805 2264 Sunt
820 2220 891 2281 ergo
905 2201 1018 2263 iormae
1032 2201 1165 2263 casuales
1176 2222 1244 2264 sex:
1267 2213 1448 2285 monoptota,

151 2322 227 2383 quae
258 2323 314 2365 una
347 2305 557 2365 terminatione
585 2323 639 2383 per
667 2324 770 2366 omnes
803 2303 1090 2383 casuslunguntur,
1119 2313 1152 2365 ut
1180 2323 1307 2384 nequem
1335 2309 1448 2385 gummi

112 2404 238 2486 coalpha
256 2406 322 2467 beta
339 2424 432 2467 cornu
458 2413 597 2483 quattuor·
619 2424 685 2475 sex,
709 2415 739 2466 ct
761 2406 834 2468 baec
857 2408 976 2467 nomina
1000 2408 1130 2478 numeri,
1156 2426 1230 2486 quae
1253 2415 1323 2469 sunt
1344 2427 1448 2470 mono·

150 2515 230 2589 ptota
252 2506 300 2569 uel
321 2506 556 2578 indeclinabilia,
580 2511 747 2570 communia
763 2517 832 2570 sunt
855 2511 944 2570 trium
968 2527 1122 2587 generum,
1146 2517 1179 2569 ut
1201 2509 1249 2570 bic
1272 2491 1397 2572 ethaeo
1420 2518 1449 2572 et

150 2612 209 2674 boc
230 2618 379 2691 quattuor:
402 2611 445 2670 sic
468 2611 597 2689 qrtinque
620 2629 670 2672 sex
693 2619 723 2671 et
745 2610 886 2689 deinceps
909 2611 1053 2689 usquead
1070 2619 1204 2678 centum;
1228 2609 1308 2672 mille
1331 2630 1449 2691 quoquc

150 2730 308 2775 commune
324 2722 368 2772 est
383 2713 471 2774 trium
487 2729 641 2791 generum.
686 2713 739 2773 His
763 2712 907 2792 quidam
931 2713 1041 2773 addunt
1063 2713 1112 2774 illa
1135 2715 1266 2783 nomina,
1290 2723 1447 2791 questam

152 2832 243 2894 uoco,
268 2813 359 2895 'quam
387 2816 602 2893 significatione
633 2832 724 2875 unum
752 2831 852 2875 casum
882 2813 1006 2882 babent,
1037 2822 1068 2874 ut
1090 2814 1260 2875 huiusmodi
1282 2815 1448 2877 istiusmodi

112 2926 183 2979 ieet
205 2916 419 2978 huiuscemodi.
465 2916 538 2978 ltem
561 2915 606 2977 las
633 2915 716 2977 nelas
743 2934 835 2993 nugas
863 2925 968 2995 sponte
1000 2914 1068 2976 tabo
1101 2926 1171 2977 natu
1205 2915 1317 2977 ditione
1347 2936 1447 2996 caepe.

151 3020 269 3100 biptota
298 3026 380 3088 sunt,
409 3021 438 3079 iu
462 3018 569 3096 qrribus
591 3018 650 3078 duo
673 3036 761 3079 casus
781 3028 851 3078 sunt
872 3026 999 3090 tontum,
1030 3024 1062 3077 ut
1084 3018 1145 3077 lors
1168 3018 1257 3086 torte,
1287 3017 1347 3079 tabi
1371 3019 1448 3089 tabo,

152 3123 249 3184 uicem
271 3123 346 3183 uice.
384 3120 447 3182 ttia
471 3122 607 3200 triptota,
631 3122 660 3179 iu
684 3120 791 3196 quibus
814 3128 874 3181 tres
896 3138 983 3180 casus
1006 3119 1209 3189 irriteniuntur,
1233 3128 1265 3181 ut
1287 3122 1364 3200 irugi
1386 3123 1448 3183 tru-

151 3242 219 3304 gem
241 3224 335 3302 leuge.
382 3223 577 3283 Vetustissimi
606 3229 704 3281 tamen
727 3230 758 3282 et
779 3222 846 3282 trux
876 3222 976 3301 lruges
1005 3223 1221 3283 nominatiuum
1249 3224 1448 3303 protulerunt.

152 3325 186 3388 ln
208 3344 266 3407 qus
288 3327 382 3387 torma
406 3333 474 3386 snut
496 3326 594 3384 omnia
618 3334 723 3385 neutra
753 3325 871 3385 nomina
895 3325 1043 3411 secundae
1066 3323 1273 3386 declinationis
1295 3327 1326 3386 in
1349 3326 1449 3405 singu-

114 3427 209 3489 oleri
224 3446 351 3490 numero
372 3429 401 3488 in
418 3446 468 3487 urn
492 3422 539 3486 uel
560 3429 591 3486 in
614 3428 675 3488 ium
700 3435 729 3487 et
751 3428 781 3486 in
798 3444 864 3487 eum
888 3426 1065 3502 desinentia,
1089 3434 1121 3486 ut
1142 3426 1284 3504 templum
1307 3427 1449 3506 goudium

152 3531 293 3609 ligneum.
339 3528 417 3590 llaec
440 3529 519 3588 enim
542 3536 602 3589 tres
625 3529 735 3590 formas
763 3526 887 3598 habent,
918 3529 975 3589 boc
1003 3536 1049 3590 est
1070 3530 1100 3588 in
1124 3547 1187 3599 11111,
1211 3530 1241 3589 in
1265 3530 1284 3604 i,
1308 3530 1339 3589 in
1363 3548 1395 3600 0,
1420 3537 1451 3590 et

153 3633 252 3694 omnia
275 3632 391 3692 nomina
414 3636 520 3691 neutra
543 3632 649 3692 tertiae
665 3629 870 3692 declinationis
892 3632 922 3690 in
939 3650 955 3690 e
971 3630 1146 3700 desinentia,
1171 3649 1247 3711 quae
1262 3639 1324 3692 tres
1339 3632 1450 3693 formos

152 3732 271 3804 babent,
295 3733 352 3793 hoc
374 3740 419 3793 est
441 3733 506 3792 ine
530 3734 559 3792 in
582 3733 608 3792 is
630 3735 660 3793 in
677 3734 696 3801 i,
720 3741 753 3793 ut
769 3724 901 3793 mirabile
925 3731 1071 3794 mirabilis
1093 3732 1228 3803 mirabili,
1253 3741 1283 3794 ot
1297 3734 1327 3794 in
1343 3733 1450 3813 plurali

152 3844 212 3898 tem
234 3837 266 3896 iu
290 3833 428 3903 secunda,
450 3831 461 3914 ΙΙ
478 3834 498 3894 1.
516 3830 575 3896 93·
591 3832 603 3915 ΙΙ
627 3854 715 3915 quam
737 3837 767 3895 in
791 3836 876 3895 tertia
900 3841 929 3895 et
950 3835 981 3893 in
1003 3842 1108 3914 quarta
1132 3834 1330 3897 declinatione
1353 3837 1449 3897 omnia

113 3945 258 3999 urientra
282 3934 404 4016 pluralia
428 3937 547 4017 triptota
564 3945 642 4006 sunt,
667 3945 699 3998 ut
714 3935 821 4016 templa
838 3934 1015 4016 templorum
1038 3938 1172 4016 templis,
1196 3939 1239 3998 sic
1254 3937 1353 3997 sidera
1374 3936 1450 3997 side-

153 4058 219 4101 rum
237 4037 385 4099 sideribus
401 4041 431 4098 iu
448 4040 534 4098 tertis
558 4037 770 4107 declinatione,
795 4046 823 4098 et
838 4041 877 4099 ita
901 4057 1011 4098 cornua
1028 4057 1172 4099 cornuum
1188 4038 1338 4099 cornibus
1375 4038 1448 4100 Nem

152 4144 184 4203 in
205 4143 308 4219 quinta
330 4137 526 4201 declinatione
550 4149 654 4201 neutra
676 4159 737 4201 nou
757 4140 914 4201 habentur.
958 4141 993 4201 Et
1013 4142 1043 4201 in
1064 4140 1120 4201 hac
1142 4142 1237 4202 iorma
1261 4148 1329 4201 sunt
1351 4141 1449 4202 omnia

153 4277 387 4289 ..-----

223 4358 414 4430 ldeclinobilia
495 4362 709 4411 2Etsciendum
728 4387 758 4396 -
779 4371 992 4426 morroptotaom.
1063 4361 1159 4412 3siml
1226 4361 1366 4426 4propria
1435 4365 1451 4411 5

154 4430 300 4480 crocotiuum
352 4429 478 4479 60bliuis
531 4430 1252 4496 'liupiter,bicdiospiteretodiospator,corn—pitu
1305 4427 1450 4477 idoneins
1495 4453 1497 4457 ·

155 4501 184 4548 ll
204 4508 327 4547 uersuut
380 4498 549 4559 requeratur
601 4500 633 4547 14
651 4509 675 4547 et
688 4499 762 4559 siqua
775 4498 937 4547 inueniuntur
950 4497 1042 4547 similia
1055 4514 1102 4550 om.
1158 4499 1189 4547 15
1201 4495 1236 4545 liii
1249 4507 1368 4558 quattuor
1420 4498 1450 4547 17

153 4566 230 4616 liuius
248 4566 333 4630 sinapi
351 4581 397 4615 om.
452 4568 484 4617 18
502 4565 581 4614 lorme
599 4565 729 4615 cossunles
802 4567 832 4615 19
851 4581 906 4614 oms
925 4581 1015 4615 cossus
1084 4567 1118 4615 20
1135 4566 1182 4613 bec
1234 4564 1273 4613 uel
1291 4564 1450 4614 declinabilio

153 4633 341 4685 ercammarus
392 4634 536 4696 23quidem
591 4648 653 4683 uoce
671 4649 721 4696 «prae
772 4635 804 4683 24
822 4648 924 4683 cessum
975 4635 1008 4685 25
1021 4642 1113 4699 sponte
1126 4630 1197 4697 tubo]
1215 4633 1250 4694 ef.
1264 4632 1413 4682 Consentius
1425 4649 1451 4698 p.

154 4705 259 4763 35⁷‚id
293 4699 460 4817 caepe]cnpe
504 4703 638 4751 accessos
681 4704 813 4752 ilcassus
865 4703 1081 4752 2811etustissime
1115 4700 1245 4767 protuller.
1297 4702 1452 4766 291secuude

154 4769 333 4821 30desinonsa
385 4772 416 4820 31
438 4767 492 4819 rubi
536 4771 652 4821 biterris
704 4770 828 4822 3311111111
879 4771 912 4822 36
925 4782 949 4820 et
961 4767 1007 4837 ita]
1023 4772 1080 4822 Aa:
1098 4770 1160 4820 etin
1172 4769 1280 4832 queste?
1316 4768 1451 4822 athabeos
