3420 5378
695 274 906 327 sennensis.
1317 340 1320 345 Ι
1410 270 1451 336 73

153 459 274 525 Tbebae
296 470 438 533 uocatur,
459 471 491 523 et
513 459 646 524 urbanus
668 460 704 523 ab
726 461 801 523 urbe
823 463 1001 530 nominatur,
1026 468 1056 522 et
1077 462 1174 525 ciuilis
1196 481 1213 523 a
1235 462 1354 523 ciuitate
1376 478 1452 523 nun·

153 573 288 645 cupatur.
333 561 397 626 Alia
418 571 488 626 sunt
510 565 642 634 numeri,
665 572 698 624 ut
719 581 797 625 unus
818 563 876 625 duo
899 570 973 624 tres:
1001 563 1076 625 baec
1098 581 1170 643 ergo
1192 565 1311 625 uomina
1333 565 1453 625 numeri

152 665 191 729 ab
216 684 278 728 uno
307 683 399 746 usque
426 664 464 726 ad
490 673 552 727 tres
581 663 783 736 declinantur,
812 684 829 727 a
857 673 996 745 quattuor
1025 673 1123 728 autern
1152 684 1245 746 usque
1272 664 1309 726 ad
1331 673 1451 727 centum

153 786 213 831 non
241 766 444 837 declinantur,
473 786 490 829 a
518 766 653 829 ducentis
680 786 753 829 nero
779 785 873 847 usque
895 767 932 828 ad
955 766 1035 829 mille
1057 766 1255 830 declinantur.
1299 767 1376 829 Sunt
1396 767 1451 830 alia

125 870 281 940 eordinis,
304 877 339 931 ut
360 869 474 949 primus
495 867 645 932 secundus
667 870 781 930 tertius.
828 869 904 930 Sunt
925 869 981 930 alia
1003 869 1040 932 ad
1062 868 1172 947 aliquid
1195 868 1289 937 dicta,
1317 886 1393 948 quae
1415 867 1451 930 ad

152 970 240 1034 aliem
262 989 421 1051 personam
444 972 634 1041 reseruntur,
662 979 695 1033 ut
716 973 858 1050 magister
880 970 1019 1033 dominus
1041 979 1140 1052 pater,
1165 988 1241 1049 quae
1262 971 1385 1034 relatiua
1408 969 1452 1030 di·

152 1081 277 1143 cuntur,
307 1074 375 1150 quia
402 1071 439 1134 ad
468 1071 540 1134 alias
567 1089 710 1153 personas
738 1075 926 1142 reioruntur,
955 1074 985 1134 id
1008 1082 1055 1134 est
1076 1073 1112 1134 ad
1135 1090 1294 1152 personam
1317 1070 1452 1152 discipuli

153 1182 184 1237 et
210 1176 292 1237 serui
321 1180 349 1236 et
369 1172 440 1243 iilii;
469 1173 586 1255 quando
609 1176 690 1237 enim
713 1177 854 1254 magister
877 1175 997 1245 dicitur,
1027 1172 1209 1254 intellegitur
1231 1183 1261 1236 et
1282 1173 1451 1256 discipulus,

153 1285 184 1339 et
205 1275 323 1356 quando
346 1275 484 1337 dominus
505 1278 686 1346 nominatur,
710 1275 891 1356 intellegitur
914 1284 942 1338 et
964 1294 1085 1345 seruum
1108 1277 1205 1337 sicet
1226 1284 1311 1356 pater
1332 1275 1452 1359 quando

114 1377 278 1450 iudicitur,
311 1376 462 1439 reueletur
496 1384 526 1438 et
558 1376 646 1439 iilius.
696 1377 758 1440 tria
782 1378 826 1448 ‚ad
856 1377 965 1457 aliquid
998 1377 1217 1458 quodammodo
1244 1397 1276 1440 se
1303 1377 1451 1448 habentia,

152 1499 229 1562 quae
244 1499 260 1542 a
278 1480 427 1541 contraria
449 1480 664 1557 significatione
686 1478 762 1541 dicta
786 1486 864 1549 sunt,
889 1488 921 1542 ut
943 1478 1047 1541 dexter
1068 1480 1198 1550 sinister,
1222 1477 1271 1541 lux
1293 1479 1457 1549 tenebrae:

152 1581 271 1664 quando
294 1584 372 1644 enim
394 1581 497 1642 dexter
520 1580 641 1653 dicitur,
670 1581 852 1660 intellegitur
876 1588 905 1641 et
927 1583 1059 1652 sinister,
1089 1589 1118 1643 et
1145 1581 1262 1661 wando
1285 1581 1334 1643 lux
1356 1584 1451 1644 nomi·

152 1692 256 1756 natur,
284 1681 496 1762 intelleguntur
524 1692 554 1744 et
581 1681 737 1753 tenebrae,
767 1682 820 1745 sed
843 1701 859 1744 a
883 1685 1031 1746 conuaria
1052 1683 1276 1761 significatione.
1320 1684 1357 1746 Et
1378 1684 1453 1747 baec

152 1786 379 1867 conparatiuum
412 1782 537 1863 gradum
567 1784 741 1865 admittunt,
777 1792 808 1847 ut
836 1784 986 1846 dexterior
1013 1786 1178 1846 sinisterior
1205 1782 1341 1847 lucidior.
1392 1786 1451 1848 Sed

113 1886 278 1951 mrelatiua
305 1895 335 1948 et
362 1885 447 1948 aliter
474 1904 506 1947 se
533 1885 673 1948 habentia
701 1887 758 1950 boc
789 1886 939 1949 diiierunt.
991 1887 1023 1949 iu
1049 1886 1182 1949 relatiuis
1210 1889 1288 1950 enim
1316 1888 1453 1949 trininitas

151 1997 277 2053 ιιιιιιιιιι
304 1972 509 2069 inseparabilis
538 1988 718 2075 ostenditur,
747 1990 778 2050 in
806 1986 871 2050 aliis
892 2006 966 2049 uero
990 1990 1186 2050 contrarietas
1207 1998 1265 2060 est,
1294 1998 1327 2052 ut
1347 1989 1453 2052 dexter

153 2093 283 2161 emistro,
307 2092 393 2153 uiuus
415 2096 542 2161 mortuo,
567 2089 707 2154 tenebrae
728 2090 798 2152 luci.
835 2089 899 2153 Alia
920 2099 990 2152 sunt
1012 2088 1170 2170 generalia,
1194 2109 1271 2170 quac
1292 2090 1452 2154 multarum

152 2211 253 2257 rerum
281 2201 350 2255 eunt
376 2191 536 2264 uocabula,
567 2200 599 2253 ut
627 2191 750 2271 angelus
771 2194 915 2272 sapientia
937 2195 1046 2272 pictam
1068 2191 1190 2272 angelus
1212 2194 1292 2255 enim
1313 2191 1454 2271 generale
1554 2180 1557 2185 ⁴

152 2312 261 2358 nomen
291 2302 336 2356 est
364 2295 400 2355 ad
429 2312 533 2355 ornnes
560 2292 698 2373 angelos,
728 2304 757 2357 et
785 2295 926 2373 sapientia
957 2303 986 2356 et
1014 2297 1109 2375 pietas
1131 2295 1248 2375 quando
1271 2294 1395 2371 dieitur,
1425 2304 1454 2356 et

114 2396 256 2460 rediuiua
278 2405 308 2459 et
329 2395 457 2458 bumana
481 2395 710 2459 demonstratur.
754 2396 826 2459 item
850 2396 998 2476 generalia
1021 2398 1141 2458 nomina
1164 2399 1285 2459 suntin
1308 2399 1454 2460 creaturis

154 2496 376 2580 corporalibus,
411 2507 445 2559 ut
472 2516 579 2578 corpus
607 2505 637 2558 et
665 2496 788 2568 animal,
824 2500 909 2579 quia,
938 2499 1079 2578 quicquid
1109 2499 1228 2562 uidetur
1255 2508 1286 2561 et
1313 2500 1452 2578 tangitur,

154 2617 264 2681 eorpus
290 2608 343 2663 est
387 2599 459 2662 item
488 2598 597 2662 animal
619 2600 740 2671 dicitur,
771 2600 909 2681 quicquid
932 2602 1060 2663 animam
1084 2609 1114 2662 et
1136 2603 1227 2663 uitam
1249 2599 1354 2669 habet:
1384 2619 1454 2663 nam

154 2711 185 2767 et
210 2701 301 2767 bomo
329 2709 359 2764 et
386 2719 480 2780 equus
507 2710 537 2764 et
562 2702 616 2764 bos
639 2709 668 2765 et
690 2703 756 2764 ouis
779 2711 809 2764 et
830 2705 929 2764 asinus
951 2702 1087 2764 animalia
1109 2702 1255 2765 dicuntur.
1299 2701 1362 2767 atta
1385 2709 1455 2765 sunt

136 2802 310 2886 ‚spaciatim
334 2808 367 2866 ut
388 2804 478 2865 bomo
502 2821 597 2881 equus
619 2803 692 2883 lapis
714 2803 826 2884 lignum
849 2805 958 2865 humus
981 2811 1011 2865 et
1032 2810 1141 2865 cetera.
1180 2804 1260 2865 ilaec
1283 2805 1362 2866 enlm
1384 2822 1452 2884 par-

115 2913 216 2972 ntetn
236 2903 443 2986 poenalitatis
465 2905 677 2967 demonstrant.
723 2905 786 2966 Alia
809 2904 965 2975 uerbiaiia,
993 2912 1027 2965 ut
1049 2904 1154 2967 doctor
1174 2903 1188 2988 ΙΙ
1204 2907 1223 2968 1.
1240 2902 1327 2989 84Ἶι
1348 2905 1454 2980 lector,

154 3026 232 3090 quac
259 3008 328 3071 ideo
355 3007 497 3070 uerbialia
525 3007 677 3079 dicuntur,
707 3009 774 3087 quia
798 3026 814 3070 a
837 3007 940 3071 uerbis
962 3006 1056 3068 doceo
1078 3014 1108 3068 et
1129 3006 1195 3086 lego
1218 3008 1369 3079 oriuntur,
1396 3008 1454 3070 boc

156 3120 202 3175 est
226 3128 243 3174 a
271 3109 397 3191 gerendi
425 3110 527 3180 modo,
558 3117 590 3170 ut
617 3109 743 3172 docendi
771 3109 905 3171 docendo
933 3108 1099 3171 docendum
1122 3108 1243 3172 doctum
1271 3110 1360 3173 doctu
1383 3128 1459 3172 eterr-v

156 3230 244 3277 uersa
258 3232 278 3275 u
293 3214 323 3274 in
340 3230 358 3273 o
374 3220 404 3275 et
425 3211 523 3273 addita
539 3230 554 3272 r
569 3211 641 3272 lacit
662 3210 781 3280 doctor;
810 3213 853 3272 sic
876 3211 994 3290 legendi
1015 3209 1142 3290 legendo
1164 3210 1322 3290 legendum
1344 3211 1453 3275 lectum

154 3314 235 3381 lectu
256 3312 360 3376 lector.
404 3314 574 3376 Eutitius
595 3313 682 3375 dicit:
712 3313 760 3374 Ex
789 3312 912 3375 tribus
940 3314 1046 3394 quasi
1075 3312 1244 3376 lontibus
1267 3312 1454 3376 uerbialia

117 3418 305 3483 onomius
328 3414 520 3484 oriuntur,
543 3415 640 3476 idest
661 3414 705 3476 ab
728 3413 939 3477 indicatiuo
961 3417 1172 3495 praesenti,
1201 3417 1454 3496 epraeterito

155 3519 338 3602 perlecto,
362 3517 405 3581 ab
428 3518 631 3580 intinitiuo
654 3518 780 3579 t'uturo
803 3535 869 3579 seu
890 3536 906 3578 a
930 3519 1160 3598 participiis.
1205 3516 1329 3578 Nomina
1345 3522 1454 3586 autem,

157 3638 233 3703 quae
261 3619 298 3683 ab
325 3619 485 3682 indicatiuo
513 3620 663 3703 praesenti
690 3619 829 3688 ueniunt,
857 3627 929 3699 quot
956 3620 1182 3683 terminationes
1204 3617 1332 3680 babenti
1376 3616 1456 3680 ldest

156 3722 262 3802 uiginti
283 3723 524 3784 terminationes:
547 3722 577 3782 in
601 3740 632 3790 a,
656 3723 686 3781 in
711 3739 741 3791 e,
764 3722 794 3781 in
811 3740 843 3791 o,
867 3722 898 3782 in
912 3740 978 3791 um,
1002 3723 1033 3785 in
1048 3723 1126 3792 ium,
1150 3722 1180 3782 in
1195 3719 1314 3796 bulum,
1338 3721 1369 3782 in
1391 3721 1454 3782 icu-

156 3823 234 3894 lum,
264 3825 295 3885 in
317 3824 412 3893 lmen,
442 3824 473 3884 in
495 3840 544 3892 or,
574 3824 603 3883 in
627 3840 659 3884 es
681 3829 740 3883 tam
764 3821 887 3884 breuem
910 3841 999 3904 quam
1023 3824 1155 3903 longam,
1183 3824 1213 3883 in
1237 3821 1318 3892 bilis,
1343 3819 1455 3890 iuliis,

118 3929 188 3989 asin
212 3944 282 3996 uus,
305 3925 337 3985 in
359 3923 492 3995 bundus,
515 3927 548 3986 r'n
570 3927 652 3994 idus,
675 3926 706 3986 in
731 3923 812 3994 ulus,
836 3926 867 3986 in
889 3943 940 3995 ax,
963 3927 994 3985 in
1011 3944 1061 3995 ex,
1085 3926 1201 4005 ineps,
1223 3926 1255 3986 in
1271 3942 1342 3993 cen,
1365 3925 1395 3985 iu
1411 3941 1456 3985 os.

157 4029 191 4090 ln
214 4046 245 4096 a,
268 4034 302 4088 ut
323 4025 422 4087 scribo
444 4024 557 4097 scriba,
582 4026 661 4104 lugio
683 4028 766 4105 iuga,
790 4044 846 4087 ruo
869 4028 970 4098 ruina,
994 4025 1120 4087 aduenio
1143 4027 1272 4095 aduena,
1295 4027 1366 4087 uiuo
1385 4044 1457 4088 eou-

227 4162 372 4211 lorbenus
407 4160 489 4210 cibiiis
526 4171 687 4226 noncupatur
754 4163 902 4225 3usquca
971 4161 1037 4211 bad
1055 4157 1136 4209 aliti*d
1189 4164 1221 4213 to
1237 4161 1373 4211 habentica
1425 4162 1456 4211 11

158 4230 268 4282 sinixter
301 4230 404 4279 tenebre
456 4231 487 4278 te
505 4230 614 4279 sinister
666 4232 697 4280 13
717 4230 819 4280 tenebre
873 4232 904 4280 14
921 4230 1066 4278 sinisterior
1119 4231 1151 4281 15
1169 4230 1308 4279 reuelatiue
1343 4239 1368 4278 et
1385 4228 1458 4278 aliter

159 4315 188 4350 se
205 4293 336 4363 babentia]
360 4297 484 4347 Fortasse
505 4297 617 4347 acribus:
646 4307 670 4346 ct
692 4298 725 4346 nd
747 4297 845 4360 aliquid
867 4297 1058 4358 quodammodo
1076 4313 1105 4347 se
1123 4297 1241 4347 babentia
1292 4295 1410 4346 delerant
1431 4297 1457 4345 in

158 4365 305 4417 meletiuis
375 4366 406 4415 16
425 4375 513 4415 nature
564 4366 653 4414 dextro
673 4366 781 4415 sinistro
851 4366 967 4416 latebre
985 4364 1033 4414 loci
1085 4367 1119 4415 23
1136 4380 1199 4427 equs
1218 4374 1244 4416 et
1262 4378 1325 4415 oues
1343 4365 1458 4414 etesius

159 4436 193 4485 24
210 4440 288 4497 equis
357 4433 471 4484 assuto
514 4433 648 4497 legendnm
717 4436 750 4483 29
769 4431 885 4498 eutitius]
904 4434 937 4495 cf.
951 4432 1377 4499 Eutpct.p.452,51s.(drmm,
1394 4433 1457 4483 Lot.

163 4502 221 4554 Vct.
238 4502 273 4564 V)
343 4504 377 4552 30
393 4502 508 4550 criuntur
559 4496 698 4565 praesenti]
718 4500 802 4550 iuturo
872 4511 977 4567 spreto
1031 4502 1063 4551 32
1081 4501 1150 4563 qrtod
1219 4502 1252 4552 83
1270 4497 1374 4566 uiginti]
1394 4499 1459 4551 Sunt

157 4571 244 4637 m
260 4571 351 4634 uiginti
366 4586 425 4620 aaa.
445 4585 501 4620 num
519 4569 600 4618 ‘idus'
619 4570 774 4632 terrainctio,
793 4586 847 4619 cum
859 4571 885 4619 ic
896 4570 1020 4634 exemplis
1031 4570 1142 4619 mnatre
1159 4572 1238 4619 tecm
1250 4567 1350 4630 babent,
1368 4569 1460 4633 uiplntr‘

159 4638 347 4690 iliieuddendu
364 4645 411 4689 eat.
464 4638 489 4684 in
508 4634 573 4703 ium]
593 4637 619 4686 in
637 4651 697 4686 uum
750 4640 782 4688 36
801 4639 825 4687 in
845 4638 903 4688 idus
921 4654 967 4690 ona.
1037 4633 1228 4702 361naete.]
1250 4635 1459 4687 Terminuttomca

160 4708 316 4758 matio
334 4706 365 4756 cb
383 4705 508 4771 Eutychis
525 4705 615 4757 ordine
633 4707 671 4769 (p.
690 4707 754 4765 ⁴52,
774 4709 807 4756 10
823 4705 891 4773 req.)
909 4706 1046 4763 abborret;
1064 4721 1211 4773 quamquem
1228 4713 1254 4755 et
1271 4706 1347 4755 mlta
1364 4705 1416 4755 etia
1432 4709 1458 4755 et

159 4776 269 4841 placiano
284 4774 423 4838 formarum
441 4776 559 4838 exemplu
576 4774 635 4824 inde
649 4776 734 4838 petita
751 4780 817 4837 sunt,
836 4781 919 4825 tomen
935 4782 994 4824 sunt
1011 4776 1131 4826 nonnullo
1148 4774 1250 4826 αἱίιιιιάι
1267 4774 1382 4828 collecta,
