3420 5378
520 326 570 380 ps
589 328 727 381 nonam
745 328 951 383 rruoruuvs.
1324 327 1386 391 145

171 517 388 598 conparatiuus
416 518 464 577 cui
494 518 574 578 casui
602 518 713 578 seruit?
756 515 892 578 Ablatiuo
930 517 993 576 sine
1030 517 1260 595 praepositione.
1305 515 1384 577 Raro

87 619 136 680 hio
159 619 324 680 Donatus
347 619 492 679 tractauit.
537 619 615 679 Dicit
637 621 715 680 enim
739 619 966 698 conparatiuum
986 623 1049 678 tres
1071 637 1158 679 casus
1180 617 1306 679 habere:
1335 627 1386 679 aut

86 719 249 783 ablailuum
272 728 324 781 aut
345 722 503 799 septimum
519 739 620 780 casum
637 729 687 782 aut
702 721 933 787 nominatiuum;
957 728 1007 780 aut
1025 719 1200 790 ablatiuum,
1224 728 1257 781 ut
1272 722 1386 782 doctior

87 822 125 883 ab
146 821 213 891 illo;
238 830 292 883 aut
313 824 489 901 septimum,
513 831 546 883 dt
568 821 684 882 doctior
706 821 765 882 illo.
811 821 891 882 lnter
914 820 1073 882 ablatiuum
1098 829 1128 882 et
1149 823 1307 900 septimum
1330 821 1386 883 hoc

60 926 226 994 simenem,
256 922 335 1003 quod
364 922 509 984 ablaticus
538 922 629 984 habet
656 924 921 1003 praepositionem,
958 925 1101 1000 septimus
1129 941 1188 983 non
1217 923 1323 994 habet,
1353 933 1386 984 ut

87 1023 204 1085 ‘melior
220 1043 237 1084 a
254 1026 295 1085 te’
311 1023 472 1093 oblatiuus,
491 1024 609 1086 ‘melior
625 1027 667 1084 te'
682 1025 834 1105 septimus.
863 1029 921 1086 dut
935 1025 1149 1085 nominatiuum
1173 1025 1220 1084 cui
1243 1042 1385 1105 conpara·

88 1127 167 1187 tiuus
190 1144 249 1186 non
273 1126 414 1204 iungitur,
438 1128 495 1186 nisi
518 1128 692 1205 interposita
717 1129 830 1203 ‘quam'
852 1125 1004 1205 particula,
1028 1134 1060 1186 ut
1076 1127 1205 1187 ‘doctior
1227 1126 1275 1186 hic
1297 1146 1385 1207 quam

86 1226 157 1298 ille',
174 1227 301 1288 ‘doctior
317 1228 421 1290 Cicero
445 1246 532 1307 quam
555 1228 724 1306 Vergilius'.
755 1227 813 1289 Sed
831 1229 887 1289 nisi
901 1230 1072 1307 interponas
1087 1230 1209 1307 ‘quam',
1226 1246 1286 1289 non
1302 1238 1387 1308 potes

86 1331 211 1406 iungere
240 1330 433 1390 nominatiuo.
484 1329 564 1389 Haec
594 1337 638 1389 est
666 1331 739 1390 mira
769 1329 916 1406 loquutio,
946 1336 978 1388 ut
1006 1330 1231 1409 conparatiuum
1260 1332 1387 1411 septimo

51 1445 158 1492 rocasu
180 1448 342 1509 ponamus,
367 1440 398 1490 ut
421 1430 535 1490 doctior
558 1429 617 1489 illo.

173 1528 442 1614 Superlatiuuslll.
463 1528 633 1612 llllllcui
655 1532 807 1608 iungitur?
852 1531 996 1592 Genetiuo
1024 1539 1136 1591 tantum
1165 1531 1283 1611 plurali.
1327 1535 1385 1595 Sed
1420 1583 1427 1596 .

87 1633 112 1693 si
136 1634 228 1712 possit
250 1634 389 1711 genetiuo
413 1631 554 1711 singulari
583 1634 679 1710 iungi,
704 1651 740 1693 au
765 1651 839 1701 nou,
864 1633 901 1691 in
924 1632 1091 1692 secunda
1114 1641 1193 1694 arte
1216 1634 1387 1696 considera·

89 1733 194 1795 bimus.

173 1836 289 1897 Genera
314 1837 465 1897 nominum
489 1843 562 1915 quot
583 1836 670 1896 suut?
715 1833 873 1905 Quattuor,
898 1833 1092 1896 masculinum
1115 1837 1291 1898 lemiuiuum
1315 1856 1387 1899 neu·

53 1952 78 1992 m
92 1945 169 1997 trum
193 1954 364 2005 commune,
388 1943 421 1997 ut
443 1937 489 1996 iric
512 1938 652 2014 magister
674 1935 750 1996 lraec
772 1936 853 1997 Musa
877 1935 933 1996 lroc
956 1955 1118 1999 scamnum.
1154 1938 1316 2000 Commune
1332 1947 1386 2010 est,

91 2038 208 2115 quoties
229 2038 424 2099 masculinum
448 2047 478 2097 et
501 2037 676 2098 femininum
694 2056 785 2098 unum
803 2054 903 2097 casum
920 2036 1045 2106 habeut,
1070 2039 1145 2098 idest
1160 2041 1385 2108 nominatluum,

92 2138 229 2200 similem.
273 2137 368 2200 Omne
389 2157 483 2217 genus
507 2149 565 2209 est,
595 2141 717 2214 quando
745 2139 946 2199 nominatiuus
973 2157 1059 2199 casus
1081 2141 1137 2200 tria
1161 2158 1270 2218 genera
1294 2144 1387 2203 susci·

91 2241 149 2318 pit,
178 2247 211 2300 ut
237 2239 285 2300 hic
308 2249 337 2301 et
359 2240 432 2301 haec
454 2247 484 2301 et
506 2240 562 2301 hoc
591 2240 670 2301 lelix.
715 2240 886 2320 Epicoenon
915 2249 974 2310 est,
1003 2242 1080 2302 idest
1108 2243 1325 2321 promiscuum,
1355 2251 1389 2304 ut

91 2341 188 2419 aquila
210 2359 334 2411 coruus,
358 2342 436 2421 quod
461 2341 587 2402 duorum
603 2359 747 2420 generum
764 2348 817 2402 est.
856 2341 992 2401 ‘Canem'
1008 2359 1127 2422 quoque
1142 2343 1166 2402 si
1182 2339 1306 2405 dixerim
1323 2363 1388 2406 esse

51 2459 78 2499 so
91 2441 218 2503 duorum
241 2460 400 2521 generum,
424 2446 543 2522 generis
566 2452 664 2505 tamen
679 2445 846 2505 communis
862 2453 920 2513 cst,
945 2444 1023 2522 quod
1039 2443 1157 2505 articuli
1173 2445 1386 2508 demonstrant.

37 2608 41 2619 ,
91 2543 168 2616 Quid
191 2561 263 2623 ergo
286 2546 423 2607 intererit
444 2547 522 2606 inter
544 2562 703 2606 commune
726 2553 756 2604 ot
778 2546 960 2623 epicoenon?
984 2545 1045 2606 Hoc
1068 2547 1205 2607 interest:
1229 2565 1387 2609 commune

89 2644 119 2705 id
144 2644 213 2715 erit,
237 2644 288 2705 ubi
312 2647 377 2708 uisu
400 2645 614 2708 discernuntur
641 2664 744 2716 sexus,
774 2653 805 2705 ut
828 2645 876 2705 lric
899 2653 928 2705 et
950 2644 1024 2706 llaec
1051 2649 1146 2708 canis:
1171 2666 1225 2726 pro
1248 2647 1388 2726 qualitate

90 2748 211 2824 generis
239 2747 366 2826 adiungo
393 2746 443 2809 illa
471 2749 661 2826 pronomina,
692 2764 781 2826 quam
809 2749 874 2806 uisu
904 2745 1049 2807 discerno.
1095 2747 1267 2824 Epicoenon
1289 2757 1387 2811 autem

91 2849 162 2920 erit,
197 2847 276 2928 quod
310 2849 375 2908 uisu
410 2849 541 2910 discerni
572 2867 632 2910 nou
659 2856 766 2929 potest.
812 2848 885 2908 Nam
908 2849 933 2908 si
955 2849 1073 2909 uideam
1103 2857 1153 2908 aut
1181 2849 1308 2926 aquilam
1339 2861 1389 2912 aut

51 2938 216 3011 sscoruum
245 2957 296 3010 aut
323 2951 433 3029 piscem
463 2958 513 3010 aut
540 2950 714 3019 mustelam,
745 2949 917 3010 discernere
947 2968 1006 3010 non
1036 2968 1171 3028 possum:
1203 2951 1315 3013 idcirco
1338 2951 1389 3014 ubi

91 3053 159 3113 uisu
180 3069 240 3112 nou
264 3051 460 3112 discernimus
481 3070 599 3122 sexum,
624 3053 788 3131 epicoenon
810 3052 943 3112 dicimus.

176 3152 333 3214 Praeterea
358 3160 386 3213 et
408 3151 478 3214 illud
503 3160 548 3215 est
570 3154 772 3222 discretionis,
796 3152 889 3232 quod,
914 3153 938 3213 si
955 3152 1066 3214 luerint
1081 3154 1199 3214 nomina
1222 3159 1388 3218 communis

89 3255 225 3332 generis,
254 3253 390 3315 diuersos
419 3254 530 3316 liabent
557 3255 710 3323 articulos;
743 3257 768 3315 si
792 3256 927 3334 epicoeni
948 3255 1081 3333 generis,
1111 3272 1203 3316 unum
1231 3257 1388 3319 articulum

90 3363 215 3426 mnium,
239 3364 272 3416 ut
293 3355 342 3416 iric
365 3364 394 3417 et
415 3355 489 3417 haec
511 3358 607 3417 canis:
638 3358 801 3436 epicoenon
825 3373 883 3416 uon
906 3373 1026 3436 possum
1050 3355 1159 3426 dicere,
1183 3358 1341 3435 quomodo,
1364 3361 1389 3419 si

51 3475 80 3516 so
93 3455 217 3536 ‘aquila'
240 3464 292 3517 aui
313 3456 468 3517 masculini
491 3464 542 3518 aut
562 3458 699 3518 feminini
715 3458 802 3518 luerit
817 3460 946 3536 generis,
969 3464 1082 3518 tautum
1098 3457 1196 3518 ‘llaec’
1212 3460 1308 3538 aquila
1324 3460 1390 3520 dico

93 3566 123 3619 et
155 3575 215 3618 non
249 3556 318 3619 licet
351 3558 423 3618 milri
454 3567 569 3621 mutare
608 3557 774 3621 articulum.
829 3558 902 3619 liam
933 3561 959 3619 si
990 3566 1159 3631 mutaucro,
1189 3562 1295 3641 incipit
1324 3579 1390 3622 esse

90 3676 259 3721 commune.

162 3933 175 3979 1
195 3929 263 3978 Raro
281 3929 322 3979 lric
340 3927 466 3994 Donatus]
489 3931 538 3981 Hic
556 3931 640 3981 uerbis
658 3938 748 3981 auctor
765 3933 910 3994 sipndircre
923 3934 983 3991 uult,
997 3930 1122 3980 Donatum
1139 3933 1214 3982 mallio
1225 3933 1302 3996 plura
1311 3948 1389 3997 prce-

92 3999 205 4062 cepisse,
224 4013 296 4062 quam
315 4014 378 4063 quae
397 4000 460 4062 ipsis
477 4000 528 4048 iilis
546 4000 630 4049 cerdic
648 3998 685 4061 (p.
707 4002 771 4059 355,
791 4001 834 4060 12)
854 4000 980 4049 contineri
1001 4000 1150 4054 uideantur:
1176 4003 1257 4063 primo
1276 4002 1341 4050 enim
1358 4002 1390 4051 de

91 4065 205 4118 atroam
223 4067 280 4129 ipso
298 4070 352 4116 cine
368 4069 570 4130 praepositione,
589 4067 636 4116 doc
653 4073 691 4116 eet
709 4069 742 4117 de
758 4069 874 4130 septimo,
892 4082 946 4117 eum
963 4068 1098 4130 copitusce,
1115 4070 1279 4131 ρ.355,12,·
1298 4069 1389 4118 deinde

92 4134 126 4184 de
143 4133 254 4183 ahialim
273 4149 327 4183 cum
342 4136 536 4198 praepositione
554 4138 648 4198 iuncto,
666 4135 713 4184 lloc
732 4142 771 4184 est
788 4137 820 4183 de
838 4150 867 4183 eo
885 4150 955 4196 cusu,
970 4140 1014 4199 put
1022 4136 1130 4198 proprie
1143 4136 1244 4184 dicotur
1255 4135 1389 4194 ablaticus,

92 4217 147 4252 eum
165 4203 256 4266 cpiam,
275 4217 302 4264 p.
317 4203 377 4260 375,
391 4205 421 4256 4;
440 4204 547 4268 denique
566 4204 597 4251 de
615 4203 777 4265 nominatiuo,
794 4218 821 4264 p.
835 4204 896 4264 375,
910 4205 949 4251 11.
1019 4204 1034 4252 3
1052 4202 1138 4251 docior
1206 4205 1222 4251 4
1240 4214 1284 4252 aut
1301 4205 1392 4253 addidi

161 4280 189 4319 ut
205 4270 298 4319 addidi
364 4269 508 4318 dablatino
579 4267 958 4332 antenominatiuum]autnr'n
1019 4269 1120 4319 snaed
1138 4279 1176 4319 est
1195 4271 1257 4319 mira
1275 4270 1390 4344 loqrmtio

92 4339 153 4395 ete]
171 4337 286 4387 Miratur
304 4344 401 4399 auctor,
421 4339 447 4386 m'
461 4339 550 4399 fultor,
578 4338 704 4387 Donatum
721 4340 748 4386 in
765 4344 822 4386 arte
841 4336 858 4384 I
875 4339 907 4386 de
925 4339 1044 4400 septimo,
1072 4341 1116 4402 qui
1132 4339 1233 4400 dicitnr,
1256 4341 1390 4388 casuacio

91 4419 184 4468 apere,
203 4421 257 4454 cum
273 4406 300 4453 in
318 4412 375 4454 arte
392 4404 427 4453 II
445 4404 550 4455 ablatiur‘
565 4406 670 4468 insuper
688 4411 712 4454 et
731 4405 877 4453 nominatim
893 4407 985 4455 mentio
999 4407 1057 4466 fiat.
1144 4408 1174 4454 11
1192 4401 1282 4471 poliuti
1359 4408 1390 4455 12

92 4473 240 4537 genetirrum
259 4472 415 4538 singularem
486 4472 705 4521 considoranimus
787 4474 819 4521 15
837 4484 956 4530 comune,
975 4474 1013 4522 sic
1029 4473 1088 4531 sere
1105 4488 1205 4537 semper
1275 4474 1306 4522 16
1324 4473 1391 4522 idest

92 4541 184 4590 addidi
270 4542 300 4590 17
320 4541 422 4602 quaudo
442 4541 532 4590 addidi
600 4540 774 4588 nominatiuus
793 4535 879 4602 casus]
899 4554 992 4589 nomen
1011 4539 1037 4588 id
1056 4537 1099 4589 cai
1185 4543 1216 4591 18
1234 4554 1388 4607 epoecenou,

92 4674 194 4724 semper
262 4658 328 4708 idest
346 4660 436 4709 addidi
505 4660 535 4707 lll
554 4652 650 4722 tumeo]
670 4655 704 4705 nir
783 4605 912 4723 23ssil1mgo
966 4654 1053 4722 quam]
1073 4673 1139 4720 quae
1223 4660 1255 4709 27
1274 4670 1391 4724 preterea

149 4726 264 4859 ]comuni
349 4727 383 4776 28
401 4726 549 4776 arorticulos
602 4725 718 4775 crisenon
774 4725 800 4774 id
820 4740 897 4776 ouum
966 4722 1223 4793 diquomodo]qri1
1283 4729 1317 4778 30
1335 4737 1390 4777 ton·

94 4807 147 4845 lilm
181 4805 209 4843 ul

118 4892 214 4937 ilum
226 4903 279 4936 ur.
292 4893 375 4937 suren.
643 4862 655 4882 ⁰
1157 4883 1189 4932 10
