3420 5378
206 206 267 273 100
729 203 797 256 aas
815 203 989 258 auouuuu

407 396 496 470 Quis
518 414 574 457 me
595 396 765 457 miseram
790 400 825 456 et
847 399 881 456 te
902 392 1085 474 perdidit,
1108 389 1242 457 Orleul

205 501 363 563 Vocatiuus
392 509 490 561 autern
511 496 535 580 †
557 498 587 558 in
610 497 658 559 dai
681 517 699 557 o
722 516 756 559 ee
786 497 961 558 terminatus
987 497 1155 567 inuenitur,
1184 498 1263 561 sicut
1289 499 1322 560 in
1349 498 1505 563 Setlulio

203 603 326 681 iegitur:
375 603 506 679 lignee
541 599 642 678 ligna
680 617 806 678 rogas,
846 598 972 661 surdis
1008 599 1170 662 clamare
1206 598 1364 663 uideris.
1432 601 1504 665 item

204 707 358 765 nccatiuus
380 704 410 765 in
435 721 470 765 us
498 704 599 764 imitus
627 703 793 772 inuenitur,
823 702 901 762 sicut
927 703 1195 780 grammaticus
1223 700 1310 763 dicit:
1346 701 1505 766 Veteres

202 806 383 868 dicebant
410 824 427 864 o
456 803 545 864 deus
571 821 659 864 reus
687 804 786 882 pius,
815 822 882 884 pro
903 823 921 865 o
944 803 1009 865 dee
1037 821 1100 865 ree
1123 803 1192 882 pie.
1235 802 1317 877 Quot
1338 806 1526 883 generarint

202 927 235 968 er
258 909 453 968 terminantur
475 907 506 965 in
530 903 659 966 secunda
682 903 899 967 declinatione?
930 907 1025 966 Vnum
1041 923 1135 984 genus
1158 912 1271 967 tantum
1294 905 1502 969 masculinum.

202 1010 307 1071 Omnia
332 1011 409 1069 enirn
434 1007 553 1068 nomina
576 1008 606 1066 in
630 1025 663 1067 er
684 1009 842 1069 terminata
865 1006 1027 1068 masculina
1050 1014 1133 1077 sunt,
1156 1015 1190 1068 ut
1204 1005 1346 1069 lricliber
1365 1007 1418 1071 iric
1439 1007 1502 1089 prd-

201 1112 274 1172 cher
303 1111 350 1170 bic
378 1128 454 1190 puer
482 1106 644 1169 Menander
673 1107 839 1171 Alexander
862 1106 1037 1189 etreliqua.
1082 1108 1233 1180 Quaedam
1262 1117 1363 1173 autem
1393 1129 1432 1172 ex
1458 1110 1503 1173 lx'u

203 1211 214 1294 J
240 1214 260 1272 i.
284 1208 369 1294 98¹1!
386 1209 555 1272 nominibus
577 1212 607 1271 in
631 1229 664 1270 er
686 1210 891 1271 desinentibus
911 1211 943 1271 in
965 1211 1095 1272 secunda
1119 1209 1318 1274 declinatione
1339 1210 1502 1275 obseruant

201 1317 269 1375 ein
293 1312 421 1393 obliquis
444 1312 576 1382 casibus,
605 1321 638 1373 ut
666 1321 750 1374 tener
774 1313 867 1373 teneri
890 1317 994 1373 tenero
1019 1320 1155 1375 tenerum
1177 1320 1265 1376 tener
1284 1332 1302 1375 a
1324 1320 1448 1384 tenero,
1472 1320 1534 1377 etr·

200 1415 357 1495 pluraliter
380 1416 475 1476 teneri
498 1422 669 1476 tenerorum
699 1414 809 1475 teneris
832 1422 952 1476 teneros
976 1417 1070 1476 teneri
1093 1433 1109 1476 a
1131 1416 1253 1479 teneris.
1297 1415 1349 1477 Sic
1370 1415 1502 1478 declina-

201 1527 249 1578 tur
271 1515 320 1577 laic
342 1535 432 1596 puer,
455 1515 503 1577 hic
526 1534 619 1596 gener
642 1523 671 1577 et
693 1516 790 1577 omnia
819 1519 938 1577 nomina
967 1518 997 1576 in
1025 1517 1071 1578 ier
1094 1518 1175 1578 etin
1197 1533 1253 1594 ger
1278 1520 1421 1581 exeuntia
1449 1518 1500 1581 ult·

199 1625 320 1680 seruant
335 1636 352 1678 e
367 1620 398 1678 in
414 1616 544 1699 obliquis
565 1618 699 1688 casibus,
723 1626 756 1679 ut
778 1618 826 1678 hie
848 1617 986 1679 iructiler
1007 1616 1131 1696 belliger
1153 1630 1183 1680 et
1205 1627 1314 1683 cetera.
1347 1620 1499 1692 Quaedam

199 1740 273 1782 trare
303 1738 363 1780 non
392 1718 552 1782 obseruant
574 1739 590 1782 e
613 1723 643 1781 in
673 1719 803 1800 obliquis
831 1718 962 1790 casibus,
992 1727 1023 1781 ut
1050 1737 1134 1782 sacer
1161 1723 1238 1794 sacri
1265 1739 1352 1785 sacro
1381 1741 1498 1785 sacrum

200 1841 285 1885 sacer
308 1842 323 1883 a
347 1840 446 1891 sacru,
477 1829 507 1882 et
532 1822 687 1903 pluraliter
714 1824 791 1883 sacri
820 1839 974 1884 sacrorum
1002 1823 1095 1882 sacris
1123 1840 1225 1884 sacres
1251 1825 1331 1885 sacri
1353 1842 1369 1886 a
1393 1827 1533 1887 sacrisiil

201 1924 438 2011 Sic'declinatur
461 1923 544 1985 labet·
571 1924 663 1994 labri,
694 1942 766 2003 aper
789 1924 868 2003 apri,
897 1940 989 2003 caper
1008 1925 1106 2003 capri,
1136 1942 1246 1986 cancer
1266 1927 1386 1998 caneri,
1415 1944 1500 1989 socer

199 2029 293 2096 socri,
317 2025 481 2089 Alexander
497 2025 670 2096 Alexandri,
693 2025 856 2087 Menander
871 2025 1034 2086 Menandri.
1064 2025 1118 2087 Est
1139 2008 1238 2089 autem
1262 2044 1355 2089 uuum
1378 2046 1499 2099 nomeu,

199 2128 278 2209 quod
301 2129 411 2189 elicitur
433 2125 519 2198 liber,
543 2127 621 2207 quod
644 2127 717 2187 duas
740 2127 971 2205 significationes
992 2125 1105 2189 habere
1127 2128 1256 2190 uidetur.
1288 2129 1500 2193 liiclturenim

199 2230 277 2291 liber
298 2233 459 2308 ingenuus,
484 2228 541 2289 hoc
565 2237 609 2289 est
630 2247 646 2288 a
668 2227 821 2299 libertate,
846 2235 876 2289 et
898 2228 1007 2290 dicitur
1028 2228 1104 2290 liber
1126 2230 1267 2292 uolumen
1289 2248 1305 2292 a
1329 2230 1420 2303 libro,
1443 2230 1500 2295 lxoc

200 2340 246 2394 est
268 2333 378 2393 cortice
406 2329 536 2400 arboris,
565 2332 596 2391 in
620 2347 678 2409 quo
701 2330 828 2409 antiqui,
858 2338 1015 2409 antequam
1045 2331 1165 2393 chartae
1192 2333 1335 2394 inuentae
1362 2332 1534 2409 luissent,¹⁹

199 2432 335 2494 solebant
356 2431 502 2507 scrihere,
527 2439 557 2492 et
578 2431 634 2492 hoc
657 2449 783 2501 nomen,
808 2431 927 2509 quaudo
949 2432 986 2493 de
1008 2432 1145 2494 libertate
1172 2432 1294 2504 dicitur,
1318 2432 1502 2498 obseruate

199 2538 231 2596 in
254 2533 385 2613 obliquis
407 2534 526 2595 casibus
549 2544 578 2594 ct
599 2535 641 2594 sic
664 2532 845 2594 declinatur:
873 2532 951 2593 liber
966 2532 1054 2596 liberi
1077 2542 1107 2595 et
1129 2544 1242 2606 cetera;
1265 2536 1386 2623 quando
1402 2544 1501 2600 autem

200 2636 237 2697 de
259 2637 411 2699 uolumine
434 2635 551 2707 dicitur,
575 2653 635 2697 non
658 2633 798 2695 obserbat
820 2653 836 2694 e
856 2634 1041 2715 iu-obliquia
1064 2636 1182 2699 casibus
1204 2645 1234 2699 et
1256 2640 1300 2700 sic
1322 2637 1502 2701 declinatura

200 2738 276 2800 liber
299 2737 367 2800 libri
391 2745 421 2799 et
443 2745 551 2803 cetera.
595 2735 844 2815 interrogandum
868 2745 913 2797 est
934 2745 1044 2805 autem.
1068 2738 1176 2818 quibus
1199 2739 1296 2802 modis
1318 2738 1503 2805 discernun-

200 2848 249 2902 tur
271 2842 390 2901 nomina
413 2840 561 2901 secundae
584 2836 790 2900 declinationis
813 2844 843 2898 et
864 2839 970 2899 tertiae
993 2838 1197 2902 declinationis
1218 2842 1250 2901 in
1266 2841 1534 2906 ardescerent*

206 2989 298 3005 .....
320 2942 397 3023 apud
421 2944 552 3004 Graecos
575 2948 604 3002 et
626 2948 694 3002 ante
716 2958 767 3002 ros
790 2938 901 3000 habent
923 2943 1056 3022 quinque
1079 2950 1291 3011 consonantes,
1315 2940 1376 3005 hoe
1391 2943 1502 3007 ested

201 3061 219 3121 g
240 3063 259 3122 p
281 3052 306 3113 t,
336 3050 369 3104 ut
387 3045 529 3110 ,Terrenus
556 3043 740 3105 Alexandros
767 3041 944 3104 Menandros
973 3061 1061 3123 agros
1090 3060 1197 3124 capros
1218 3043 1388 3125 Thymbros
1411 3050 1501 3109 Ante·

96 3150 100 3159 '
201 3154 315 3225 patrcs;
344 3145 418 3205 haec
440 3144 517 3224 apud
541 3145 662 3205 Latinos
684 3163 735 3205 ros
757 3146 787 3204 in
811 3162 845 3206 er
866 3154 1045 3208 conuertunt
1068 3155 1097 3206 et
1117 3145 1267 3208 secundae
1290 3144 1501 3211 declinationis

200 3253 278 3308 sunt.
324 3245 366 3307 lta
389 3247 504 3308 Teucer
526 3246 649 3315 leucri,
673 3246 836 3307 Menander
857 3246 1022 3316 Menandri,
1046 3245 1213 3309 Alexander
1234 3246 1405 3320 Alexandri,
1430 3266 1503 3329 aget·

200 3351 278 3427 agri,
302 3367 391 3427 caper
414 3351 511 3429 capri,
534 3347 685 3428 Thymber
708 3347 865 3426 Tlrymbri,
889 3350 1042 3428 Antipater
1063 3349 1218 3428 Antipatri.
1252 3349 1424 3429 ¹Excipitur
1444 3352 1536 3413 im·³⁰

202 3450 286 3512 bros:
316 3450 393 3532 apud
424 3452 554 3512 Graecos
577 3452 619 3510 sic
642 3448 758 3518 dicitur,
789 3449 866 3528 apud
894 3450 1015 3511 Latinos
1038 3457 1134 3511 autem
1159 3449 1264 3520 imber,
1288 3451 1369 3528 quod
1392 3454 1501 3515 tertiae

201 3554 406 3614 declinationis
429 3561 487 3621 est;
511 3553 582 3613 lacit
605 3552 682 3612 enim
702 3549 798 3611 imber
812 3550 925 3611 imbris.
957 3551 995 3612 Et
1009 3560 1078 3613 suni
1092 3552 1146 3613 alia
1164 3553 1219 3613 dura
1236 3555 1359 3614 nomina
1374 3554 1499 3625 Graeca,

200 3674 274 3734 quae
298 3656 368 3716 drus
391 3665 421 3716 et
442 3673 512 3733 gros
534 3672 594 3715 non
610 3655 639 3714 in
657 3672 699 3723 er,
723 3652 774 3713 sed
790 3654 820 3713 iu
837 3672 873 3714 us
888 3661 1069 3715 conuertunt
1083 3654 1160 3732 apud
1176 3653 1306 3724 Latinus,
1330 3663 1365 3718 ut
1387 3653 1501 3718 Cedros

270 3863 282 3908 1
301 3859 421 3909 miserum
440 3856 499 3908 iecit
516 3868 540 3908 te
591 3861 607 3909 2
626 3866 732 3908 uocatur
749 3867 831 3906 autem
850 3857 876 3905 iu
895 3855 937 3906 dai
951 3871 965 3905 o
979 3853 1018 3923 aa]
1038 3857 1162 3908 Fortasse
1179 3856 1352 3910 scribendum:
1371 3858 1499 3909 interdum

200 3928 225 3977 iu
240 3944 268 3977 ee
320 3932 336 3978 3
348 3926 443 3976 sorotis
456 3926 565 3990 quedam
578 3941 594 3975 a
606 3941 632 3977 re
645 3920 750 3990 uideris]
764 3925 799 3988 cf.
809 3923 907 3975 Sedalir'
914 3923 956 3977 tib.
969 3926 1000 3975 1.·
1018 3927 1044 3975 ia
1053 3941 1097 3976 eos
1110 3927 1153 3991 qui
1164 3928 1245 3975 lunum
1257 3933 1283 3975 et
1294 3926 1348 3977 atta
1359 3926 1501 3979 detmari

199 3999 282 4047 colunt
299 4013 324 4045 u.
337 3998 368 4044 11
428 3997 568 4046 Auocatur·
585 3994 610 4044 in
629 4009 659 4044 us
712 3993 866 4059 gramaticus
918 3992 1021 4055 equod
1072 3994 1239 4044 iiminauder
1307 3995 1369 4044 sia
1388 3995 1501 4047 secunde

199 4063 376 4123 declinationis
446 4064 478 4114 10
497 4074 607 4113 tenerum
626 4072 699 4112 tenes
785 4063 816 4110 11
835 4060 976 4110 declinatus
1064 4062 1095 4111 13
1114 4061 1293 4112 obseruantin
1383 4064 1416 4113 14
1433 4062 1500 4114 sacri

200 4133 266 4181 sacri
325 4133 356 4182 17
376 4132 509 4182 minander
523 4130 650 4181 minaudri
720 4131 889 4193 mingentem
958 4131 992 4180 20
1010 4129 1109 4178 corticis
1127 4130 1227 4191 arbore,
1245 4131 1347 4180 mutatis
1364 4130 1499 4182 uerbum

197 4200 297 4264 finibus.
351 4200 456 4263 antiqua
507 4199 593 4248 charte
610 4199 713 4248 iuuante
792 4199 823 4246 21
844 4198 964 4246 obserant
981 4195 1004 4260 e]
1024 4198 1200 4247 obseruanteru
1277 4197 1468 4250 accusemne

198 4269 357 4317 declinantur
425 4269 459 4317 25
477 4268 502 4316 iu
522 4284 549 4317 er
565 4268 707 4319 desinentia
725 4263 768 4330 ap'
781 4262 882 4330 grecus]
902 4266 972 4315 Ante
989 4265 1058 4330 apud
1077 4264 1185 4316 Graecos
1204 4282 1269 4332 qaue
1286 4267 1451 4331 exciderunt,
1468 4282 1500 4317 eu

197 4338 332 4386 secundum
349 4336 473 4386 rationem
491 4337 517 4386 ia
534 4334 694 4402 sequentibus
712 4333 872 4384 obseruatum
889 4333 937 4383 doc
951 4334 1010 4396 fere
1028 4334 1101 4384 morlo
1119 4336 1235 4399 suppleri
1248 4340 1386 4400 poterunt:
1413 4334 1499 4385 Prima

198 4404 288 4469 regula
306 4414 346 4453 est
363 4405 495 4453 nominum
514 4403 640 4453 secundae
658 4400 836 4452 declinationis
855 4403 879 4450 in
899 4416 927 4449 er
949 4402 1110 4465 exeuntium,
1135 4401 1201 4452 idest
1223 4402 1268 4450 iiia
1291 4403 1408 4462 nomina,
1434 4417 1500 4467 quae

198 4474 223 4520 iu
243 4487 285 4521 ros
304 4482 399 4521 exeunt
415 4473 484 4538 apud
498 4471 607 4523 Graecos
621 4481 667 4521 etc.
738 4470 771 4519 26
783 4467 907 4533 quinque]
920 4468 984 4519 Sunt
996 4486 1089 4520 reuera
1100 4487 1159 4535 aex,
1176 4472 1225 4520 aed
1236 4469 1380 4534 fertaaaeb
1395 4468 1500 4537 (Tipa-

197 4537 269 4605 bros)
288 4541 431 4590 addendum
449 4548 516 4595 erat.
571 4542 603 4590 27
621 4550 722 4590 teucros
774 4537 924 4586 minandros
977 4539 1082 4587 timbros
1135 4550 1283 4603 untepatrus
1351 4540 1387 4590 28
1404 4538 1500 4589 latinus

197 4611 230 4659 29
249 4619 333 4658 teucer
351 4610 462 4659 teocrius
512 4609 644 4659 minander
662 4605 788 4656 minandri
839 4608 873 4656 30
891 4605 981 4656 timber
998 4607 1081 4655 timbri
1134 4617 1266 4671 nutepnter
1282 4609 1411 4671 uutepatri
1468 4608 1501 4659 32

199 4676 286 4737 quibes
355 4680 459 4727 33tros
510 4677 603 4727 latinos
655 4676 747 4725 rariros
