3420 5378
200 256 261 321 120
719 261 787 311 ates
808 260 982 312 anonuna

296 448 325 507 iu
342 446 386 519 lis,
403 455 435 507 ut
457 446 590 526 supellex
613 446 821 527 supellectilis:
846 448 874 507 in
899 450 954 517 uis,
978 457 1011 509 ut
1034 451 1084 510 uix
1107 450 1197 519 niuis:
1221 452 1253 511 in
1273 454 1330 519 nb,
1355 458 1391 511 ut
1413 468 1505 513 senex

197 550 288 609 senis.
333 549 405 610 ltem
429 551 458 608 iu
482 550 531 617 tis,
556 558 587 608 ut
610 568 668 609 rrox
691 551 795 610 noetis.

283 650 315 709 lu
346 668 362 709 e
393 668 484 710 unum
519 668 625 710 nomeu
661 658 798 710 neutrum
832 652 998 721 inuenitur,
1028 661 1061 714 ut
1089 651 1134 714 lae
1161 652 1254 715 lactis.
1306 652 1504 717 Claudius:

197 770 342 811 cuntem
367 739 496 812 nornen
521 758 651 812 eontra
681 750 846 830 regulam
874 751 1081 832 euphoniae
1105 772 1215 815 eausa
1238 751 1503 823 terminatum¹

198 860 234 912 ut
267 850 335 921 lac,
371 852 465 930 qtrod
502 852 646 932 quidam
685 854 798 913 nimia
837 856 1059 932 quaestione
1094 864 1376 926 tractauerunt3
1424 874 1529 918 nams

198 954 371 1033 plerique
394 963 631 1033 putauerunt
653 953 751 1015 ‘laet’
775 954 850 1015 dici
873 938 1020 1015 adiecta
1044 965 1065 1015 t.
1095 955 1226 1016 Varro:
1250 956 1321 1019 ‘lae
1345 974 1424 1018 non.
1441 956 1505 1017 de·

199 1055 484 1125 bemusdieere,
501 1055 676 1116 sedlact’.
710 1057 861 1116 Caesar:
887 1055 1040 1117 ‘nullum
1064 1075 1197 1118 nemen
1220 1057 1365 1119 duabus
1389 1060 1504 1121 mutis

199 1158 453 1217 terminatur’.
499 1159 697 1238 Superest,
722 1165 760 1216 ut
782 1175 985 1236 sequamur
1007 1157 1171 1236 regulam
1196 1158 1319 1220 Plauti
1343 1167 1380 1220 et
1402 1159 1504 1220 diea-

199 1277 272 1318 ntus
296 1256 439 1333 ‘laete’,
464 1278 530 1338 quta
553 1259 826 1319 terminatione
849 1277 936 1319 usus
960 1267 1015 1319 est
1037 1261 1143 1321 Cato:
1188 1259 1242 1320 ‘ln
1266 1259 1378 1321 ltalia
1403 1268 1504 1322 atras

198 1377 330 1436 capras
353 1359 449 1421 laete
472 1359 594 1422 album
618 1358 777 1419 babere'.
825 1358 894 1419 Sed
919 1378 1005 1420 usus
1028 1361 1214 1422 rationem
1237 1363 1341 1429 uicit.
1357 1369 1398 1422 ut
1419 1362 1538 1422 ‘laeto

198 1463 323 1540 potius
346 1461 496 1521 dicatur
517 1462 619 1522 iuxta
643 1459 737 1520 illud
761 1460 936 1521 Maronis:

349 1563 421 1622 Lao
444 1561 531 1623 milri
553 1580 624 1622 nou
648 1570 790 1623 aestate
814 1580 963 1631 nouum,
988 1580 1059 1623 uou
1083 1563 1229 1641 frigore
1251 1563 1358 1625 delit.

199 1662 1504 1728 Etremausitillaconsuetudo.Priscianusantemdicit:lae...etalleo

300 1768 410 1826 etiam
436 1765 525 1824 haee
548 1762 645 1825 allex
669 1765 851 1825 leminino
875 1766 1183 1841 genereVerrius
1206 1766 1320 1826 dixit:
1343 1766 1504 1829 allecem

201 1866 294 1927 bauo
316 1914 407 1928 .....
458 1867 531 1927 liae
560 1864 678 1925 lactes
706 1874 833 1944 partes
860 1872 944 1926 sunt
971 1867 1260 1934 intestinorum.
1291 1870 1401 1931 ouius
1425 1871 1538 1930 siu-n

200 1967 331 2047 gulare
354 1968 443 2029 haee
467 1967 586 2028 laetis.

284 2071 389 2138 luae,
414 2076 445 2128 ut
467 2068 541 2128 allec
564 2067 679 2136 alleois,
703 2086 797 2146 genus
821 2078 865 2130 est
887 2071 986 2148 piscis.

285 2171 317 2231 lu
334 2189 384 2231 aes
400 2180 470 2250 quot
485 2188 594 2248 genera
615 2170 827 2231 inueniuntur?
856 2171 919 2231 Hoc
934 2179 978 2231 est
994 2171 1067 2240 duo,
1091 2171 1287 2233 masculinum
1304 2178 1333 2231 et
1346 2180 1506 2241 neutrum;

202 2273 406 2341 masculinum,
423 2280 455 2330 ut
469 2289 558 2350 praes
573 2271 690 2351 praedis
706 2270 809 2348 praedi
819 2274 969 2348 praedem
984 2291 1098 2352 praesa
1116 2273 1228 2352 praede
1244 2281 1273 2333 et
1288 2272 1401 2352 plurali
1416 2291 1505 2353 prae·

202 2377 255 2434 des
284 2374 437 2452 praedium
465 2372 626 2452 praedibus
654 2373 780 2450 praedes
809 2374 933 2452 praedes
956 2392 970 2433 a
996 2373 1163 2452 praedibus.
1209 2374 1371 2447 Neutrum,
1402 2385 1437 2437 ut
1459 2384 1539 2437 estio

202 2476 259 2536 lroc
288 2494 337 2535 aes
360 2476 437 2534 aeris
460 2476 520 2534 aeri
544 2492 594 2534 aes
617 2493 667 2535 aes
689 2473 725 2534 ab
749 2475 805 2534 boe
827 2494 896 2535 aere
920 2483 950 2534 et
971 2474 1077 2554 plurali
1100 2476 1173 2537 baec
1195 2494 1262 2537 aera
1286 2474 1363 2537 haee
1386 2494 1505 2538 oerno

201 2595 285 2646 aera,
316 2577 394 2654 quod
423 2575 584 2637 seeundum
615 2584 769 2655 poetarum
799 2575 950 2637 licentiam
977 2576 1111 2637 uidemus
1134 2577 1215 2647 fieri,
1245 2578 1328 2657 quia,
1362 2578 1505 2659 quiequid

203 2687 392 2740 mensuratur
414 2686 464 2739 ant
486 2687 635 2757 pensatur,
660 2676 803 2756 pluralem
828 2696 985 2738 numerum
1008 2696 1067 2739 non
1091 2677 1190 2739 babet.

285 2781 318 2841 ln
342 2800 396 2841 aus
419 2798 512 2860 panea
535 2780 653 2839 uomina
678 2778 819 2839 lemiuina
841 2781 1048 2849 terminantur,
1073 2786 1105 2839 ut
1123 2779 1196 2840 baeu
1212 2779 1275 2841 laus
1291 2779 1381 2842 buius
1397 2779 1506 2850 laudis.

201 2883 244 2941 sie
269 2882 349 2943 lrans
371 2881 493 2943 fraudis.
1516 2901 1540 2943 as

287 2983 319 3043 lu
343 2986 388 3042 uis
410 2993 482 3062 qrrot
503 3000 613 3060 genera
636 2982 848 3042 inueniuntur?
891 2982 970 3043 idest
998 2982 1072 3052 duo,
1102 2980 1262 3042 masculina
1289 2990 1320 3042 et
1341 2983 1505 3053 seminium

205 3080 217 3164 Η
236 3085 254 3142 l.
273 3080 353 3143 illib
370 3082 380 3164 ll
398 3083 569 3152 masculina,
593 3093 625 3143 ut
647 3084 695 3144 hie
716 3084 836 3160 sanguis
858 3086 1010 3161 sanguinis
1033 3084 1081 3143 lrie
1097 3085 1200 3162 anguis
1216 3082 1263 3144 bie
1279 3083 1395 3162 puluis:
1421 3087 1505 3147 lemi-

204 3188 288 3252 niua,
313 3194 346 3245 ut
368 3183 440 3244 liaeo
463 3186 547 3245 nauis
568 3185 641 3246 liaeo
664 3185 755 3245 clatris
779 3185 851 3244 baec
875 3186 951 3251 auis,
976 3191 1006 3242 et
1029 3202 1119 3244 uurrm
1143 3185 1173 3244 in
1197 3185 1243 3244 uis
1266 3183 1412 3265 syllabam
1435 3205 1505 3265 pro·

169 3278 177 3299 ‘
204 3286 335 3354 eluentem,
352 3294 384 3345 ut
407 3285 479 3346 baee
501 3278 547 3346 uis
570 3285 655 3346 buius
679 3288 723 3346 uis
745 3284 814 3346 bule
837 3287 866 3345 ni
890 3284 965 3344 barm
981 3287 1040 3345 uim
1057 3304 1074 3345 o
1091 3289 1137 3347 uis
1159 3286 1196 3346 ab
1219 3286 1275 3347 bae
1297 3287 1326 3347 ui
1349 3296 1382 3347 et
1405 3288 1505 3368 plura·

204 3387 272 3447 liter
294 3388 349 3447 bae
374 3389 453 3447 uiros
475 3388 579 3447 barum
604 3389 711 3448 uirium
736 3387 782 3446 iris
805 3384 919 3447 uiribus
941 3386 994 3446 bas
1018 3387 1096 3447 uires
1119 3406 1136 3446 o
1159 3390 1239 3448 uiros
1261 3386 1298 3448 ab
1315 3386 1361 3447 bis
1376 3387 1539 3462 uiribus„

289 3489 373 3549 Nune
396 3488 433 3549 de
456 3488 626 3548 nominibus
649 3490 679 3547 in
696 3488 770 3548 oleras
786 3486 833 3546 uel
850 3496 911 3547 tres
927 3497 1124 3548 consonantes
1140 3488 1506 3552 desinentibusdieamus.

291 3590 320 3649 ln
345 3590 387 3650 als
411 3609 500 3649 unum
525 3609 631 3650 numen
655 3589 849 3650 masculinum
871 3591 1057 3655 terminatur,
1081 3597 1114 3648 ut
1136 3589 1183 3649 bie
1205 3589 1266 3650 eale
1288 3588 1379 3651 huius
1405 3589 1504 3661 salsis,

205 3711 240 3750 ex
264 3710 323 3769 quo
346 3691 474 3770 lapidum
499 3692 641 3750 tnareries
664 3689 826 3752 dealbatur.

230 3795 423 3802 --.-.--

274 3845 333 3891 lut
352 3843 467 3907 supellex
486 3855 513 3890 ut
581 3845 604 3891 in
625 3840 675 3908 nis]
696 3844 720 3890 in
741 3859 785 3890 eus
872 3845 895 3891 iu
916 3844 955 3891 nis
974 3859 1020 3893 ont.
1108 3847 1123 3892 3
1142 3844 1167 3890 ἰιι
1187 3858 1199 3890 e
1219 3856 1296 3891 ttttnm
1366 3844 1504 3911 Claudius]

205 3913 239 3973 ef.
261 3911 379 3960 Claudiam
398 3911 526 3960 Sacerdos
544 3912 584 3960 eal.
607 3911 715 3960 Vindob.
738 3927 765 3973 p.
785 3913 826 3968 17,
850 3928 898 3975 qno
922 3913 1020 3974 peridem
1043 3914 1098 3959 loro
1119 3926 1228 3973 prorsus
1251 3912 1355 3962 diuersa
1378 3916 1504 3979 deputam.

204 3981 239 4040 rs.
258 3980 345 4041 praef.
370 3982 417 4029 ‘de
435 3980 497 4028 loeis
514 3978 661 4043 quibusdam
679 3979 779 4028 Claudii
796 3979 965 4028 Sacerdotis)
1051 3978 1188 4039 bquidenr
1213 3979 1288 4027 nimiu
1340 3984 1506 4041 questionem

205 4043 322 4110 tractarit]
349 4047 471 4099 Fortasse
493 4048 588 4095 rectius
609 4046 751 4095 arridetur:
781 4047 850 4107 quood
878 4046 979 4105 (pudent
1008 4047 1085 4094 nimiu
1113 4047 1263 4107 qtraestioue
1290 4058 1431 4097 tractatum
1458 4061 1505 4099 est.

274 4116 289 4161 6
316 4113 406 4177 Varro]
429 4115 464 4176 rs.
487 4114 576 4177 Pomp.
599 4131 625 4177 p.
646 4117 707 4176 199,
728 4117 776 4167 13,·
805 4114 838 4167 Α.
862 4113 920 4162 Mai
943 4115 1019 4163 Artet.
1044 4116 1119 4163 einer.
1147 4112 1207 4163 Vnt.
1235 4115 1291 4164 Vol.
1315 4115 1342 4163 V
1358 4131 1390 4179 ρ.
1411 4120 1463 4167 152
1480 4124 1506 4169 et

206 4198 269 4248 potua
287 4183 422 4231 norrrinmn‘t
440 4182 539 4230 Kellios
556 4182 593 4230 ad
610 4182 715 4233 Uledon.
733 4198 759 4244 p.
780 4184 821 4240 18,
841 4185 875 4230 22
963 4182 1041 4230 ised
1060 4181 1098 4229 lae
1116 4196 1203 4229 ressnr
1274 4181 1448 4248 8Superest]
1469 4187 1505 4248 cf.

204 4253 294 4314 Pomp.
312 4267 338 4314 p.
359 4253 415 4306 199,
435 4253 467 4298 id
551 4253 635 4310 lique
653 4249 837 4297 terminationis
856 4258 894 4297 est
912 4257 939 4297 ut
1008 4246 1083 4313 Cato]
1102 4249 1137 4310 ef.
1158 4248 1259 4301 Ollaria.
1275 4266 1303 4313 p.
1321 4252 1383 4311 192,
1401 4255 1418 4301 9
1438 4253 1473 4304 K.

206 4322 237 4369 10
256 4317 347 4366 laetum
401 4320 431 4366 11
452 4313 581 4382 marones]
600 4318 677 4381 Verp.
693 4316 749 4367 Eoi.
763 4316 843 4365 1122
897 4318 927 4365 12
945 4328 1024 4366 estate
1075 4317 1142 4365 desit
1212 4319 1242 4367 13
1256 4316 1306 4366 utta
1341 4317 1506 4385 Priscianus]

205 4387 239 4450 rs.
258 4386 276 4433 I
290 4402 317 4449 p.
337 4389 396 4442 212,
416 4388 440 4434 d.
459 4388 483 4434 9.
506 4388 537 4433 14
589 4385 650 4432 dirit
668 4385 730 4433 laete
748 4395 772 4432 et
789 4384 872 4432 nlneee
890 4385 964 4432 etiam
1030 4387 1061 4434 14
1079 4384 1200 4433 lemininu
1219 4400 1313 4449 gerrem
1331 4387 1422 4437 uerius
1476 4392 1509 4440 ta

205 4454 271 4502 bane
290 4451 362 4516 liaeo]
384 4454 418 4515 ef.
440 4454 522 4501 Prior.
541 4453 557 4501 I
574 4470 600 4517 p,
620 4456 716 4514 213,1
787 4462 859 4516 parte
876 4464 936 4500 suut
953 4453 1129 4501 intestinarum
1202 4455 1232 4502 l‘l
1250 4450 1345 4519 geritis]
1365 4456 1402 4517 cf.
1424 4457 1508 4507 Prior.

206 4523 265 4586 lp.
286 4524 344 4573 212,
367 4523 411 4569 id:
430 4531 569 4569 «stantem
589 4520 750 4585 alleegenus
770 4521 848 4584 piscis
919 4520 950 4569 18
968 4522 993 4569 iu
1013 4537 1040 4569 es
1058 4521 1128 4582 ‹ptrod
1181 4523 1212 4571 19
1232 4522 1417 4586 presprsedts
1437 4526 1509 4590 predi

206 4607 263 4655 pres
282 4597 330 4643 ete,
400 4592 431 4638 21
453 4589 561 4637 introeas
614 4590 676 4638 lruee
694 4604 750 4637 atero
768 4589 829 4636 lraee
848 4603 862 4633 n
881 4604 940 4636 nera
1020 4591 1053 4637 22
1071 4597 1134 4650 ιμιοι
1201 4588 1338 4638 iurantium
1410 4594 1445 4644 27
1462 4608 1509 4643 nu-

205 4654 276 4721 guis]
297 4659 404 4721 srrrrgnis
474 4657 507 4705 28
525 4669 546 4705 et
566 4674 580 4704 e
598 4658 622 4704 in
643 4672 683 4704 nru
703 4656 826 4718 syllabam
845 4657 870 4703 iu
890 4657 928 4705 uis
948 4652 1110 4722 productam]
1132 4657 1175 4706 An
1190 4658 1291 4720 potius:
1309 4668 1335 4707 et
1353 4674 1437 4709 uuum
1455 4676 1510 4711 mo·

207 4726 364 4787 uospllnbum
384 4728 408 4773 in
430 4726 468 4772 tris
488 4725 654 4788 productum?
724 4726 756 4772 29
775 4723 841 4771 lrnuo
861 4724 912 4772 uim
966 4725 997 4773 lm
1016 4726 1056 4774 rui
1124 4726 1157 4774 32
1176 4726 1344 4774 terminentur
