3420 5378
664 315 875 368 sennensis.
1359 317 1419 380 125

120 502 176 563 hos
198 502 306 564 linctus
330 510 359 563 et
381 520 399 561 o
421 501 543 570 iluctus;
572 506 728 582 genetiuus
756 502 880 582 pluralis
908 505 938 564 in
968 523 1038 564 num
1067 506 1243 565 terminatur
1270 508 1418 583 geminata

119 623 139 665 u
161 603 274 674 littera,
299 613 331 664 ut
354 603 461 664 horum
490 605 646 672 iluotuum;
676 605 794 665 datiuus
823 623 896 665 uero
919 613 949 665 et
970 603 1116 665 ablatiuus
1143 604 1267 685 pluralis
1294 616 1418 687 quartae

120 705 327 766 declinationis
355 706 385 765 in
415 703 469 765 bus
496 704 636 786 syllabam
666 724 785 785 semper
813 706 934 777 desinit,
964 708 974 766 i
996 705 1106 785 syllaba
1131 706 1215 767 broni
1236 707 1417 786 paenultima

10 843 15 851 ·
116 807 331 886 praecedente,
356 806 458 867 uthis
481 816 510 867 et
533 805 569 867 ab
592 806 638 868 bis
660 807 814 877 fluctibus,
844 809 974 887 exceptis
996 810 1098 887 paneis
1120 808 1290 869 nominibus
1313 827 1331 870 u
1353 809 1417 871 lon·

92 921 185 987 egam
208 907 419 986 paenultimam
443 916 511 969 ante
534 907 590 969 bus
613 908 790 970 habentibus
813 909 998 972 dillerentiae
1021 928 1119 979 causa,
1144 919 1176 971 ut
1191 910 1316 972 artubus
1331 928 1416 972 arcu-

119 1010 173 1070 bus
195 1009 353 1088 partubus,
384 1028 421 1068 ne
450 1009 561 1070 artibus
584 1018 614 1070 et
635 1009 754 1071 arcibus
782 1019 812 1071 et
839 1010 974 1090 partibus
1003 1011 1103 1071 dicere
1132 1010 1298 1073 uideamur.
1342 1012 1418 1072 ilinc

117 1111 285 1172 Donatus
314 1111 397 1170 dicit:
436 1110 520 1172 Nam
550 1110 642 1172 nihil
672 1130 826 1173 neeesse
856 1120 913 1173 est
943 1114 1113 1173 retinere
1141 1132 1160 1172 u
1188 1112 1353 1174 litteram
1383 1123 1418 1175 et

117 1212 311 1275 iluctubns
339 1211 481 1282 dicere,
510 1231 587 1273 cum
617 1213 772 1274 artubus
800 1215 1031 1276 necessitate
1060 1213 1237 1284 dicamus,
1266 1217 1417 1294 nequis

117 1333 184 1375 nos
207 1319 325 1383 artes,
351 1331 421 1373 non
451 1322 556 1376 artus
584 1314 811 1392 significare
838 1313 940 1376 uelle
963 1316 1162 1378 existimet.
1206 1318 1263 1376 Ars
1286 1316 1365 1377 euim
1388 1323 1418 1376 et

80 1428 104 1468 ¹⁰
117 1433 170 1477 arx
194 1423 224 1476 et
246 1432 314 1494 pars
336 1416 366 1475 in
397 1417 482 1475 tertia
512 1413 709 1476 declinatione
732 1417 935 1487 inueniuntur,
959 1432 1035 1493 quae
1058 1416 1170 1479 artibus
1193 1425 1223 1478 et
1245 1416 1364 1478 arcibus
1387 1425 1417 1477 et

115 1515 251 1597 partibus
273 1516 399 1584 iaciunt,
430 1525 459 1576 et
480 1515 548 1577 ideo
571 1515 755 1577 differentiae
778 1535 865 1578 causa
889 1519 964 1580 haec
986 1520 1043 1579 tria
1065 1520 1200 1588 nomina,
1229 1518 1308 1578 idest
1335 1527 1416 1579 artus

38 1649 40 1653 ·
117 1626 147 1679 et
174 1635 261 1679 arcus
293 1625 322 1678 et
349 1624 467 1695 partus,
505 1617 535 1677 in
568 1617 667 1679 datiuo
698 1627 728 1679 et
755 1617 884 1680 ablatiuo
917 1618 1038 1699 pluralis
1071 1619 1191 1680 artubus
1225 1627 1254 1679 et
1287 1618 1415 1681 arcubus

117 1717 129 1802 Η
147 1718 198 1779 iol.
219 1714 298 1780 tout
315 1714 328 1800 {l
353 1726 382 1778 et
405 1718 549 1799 partubus
572 1719 691 1778 iaciunt.
731 1718 788 1781 Sed
811 1719 870 1780 duo
893 1721 1012 1781 uomina
1036 1719 1200 1800 euphoniae
1223 1729 1253 1780 et
1275 1719 1414 1781 diileren·

114 1823 173 1882 tiae
195 1837 283 1880 causa
306 1820 508 1889 inueniuntur,
533 1819 627 1880 tribus
650 1828 679 1880 et
701 1838 822 1899 specus,
846 1839 923 1900 quae
939 1820 1077 1882 tribubus
1093 1829 1123 1881 et
1136 1820 1286 1901 specubus
1301 1821 1414 1882 iaciunt

77 1934 175 1982 unon
203 1922 320 1981 ratione
349 1938 403 1980 neo
434 1921 613 1990 dillerentia,
642 1920 693 1982 sed
722 1922 947 1983 consuetudine.
994 1921 1071 1983 Hinc
1099 1921 1298 2003 Pompeius
1327 1923 1411 1985 dicit:

115 2022 176 2084 Sic
211 2021 401 2102 specubus
440 2032 662 2102 usurpatur,
701 2022 1005 2103 quemadmodum
1042 2030 1077 2084 ct
1104 2022 1298 2094 tribubus,
1333 2042 1411 2085 cum

114 2126 216 2186 ratio
245 2125 429 2203 exigeret,
460 2131 498 2184 ut
520 2124 732 2185 diceremus
760 2124 925 2185 tribibus
952 2124 1142 2205 specibus,
1172 2127 1310 2205 quippo
1333 2144 1411 2187 oum

114 2225 220 2288 nulla
254 2242 362 2286 causa
397 2217 498 2286 essct
525 2224 789 2295 discretionis,
828 2225 945 2287 ueluti
977 2234 1034 2287 est
1064 2225 1221 2288 artubus
1248 2227 1412 2288 arcubus

112 2325 310 2408 partubus,
345 2328 477 2406 nequis
510 2345 575 2386 nos
603 2335 708 2406 putot
736 2335 835 2388 artes
863 2336 898 2388 ot
920 2335 1047 2408 partes
1070 2336 1105 2388 ot
1134 2346 1240 2389 arces
1268 2328 1409 2403 dicere,

75 2442 209 2507 soquae
237 2429 384 2489 iaciunt
411 2426 555 2488 artibus
582 2426 738 2488 arcibus
761 2436 797 2488 et
819 2429 1000 2508 partibus.
1045 2428 1170 2490 Nomina
1193 2447 1265 2508 ergo
1287 2439 1411 2510 quartae

114 2529 322 2591 declinationis
344 2531 375 2589 in
398 2548 440 2589 us·
457 2528 619 2590 desinentia
643 2528 804 2590 masculina
828 2538 857 2589 et
878 2530 1020 2590 feminina
1043 2528 1099 2591 hoc
1122 2531 1209 2591 modo
1232 2527 1409 2592 flectuntur:

115 2632 300 2693 nominatius
321 2629 371 2691 bic
394 2632 557 2700 exercitus,
580 2632 720 2709 genetiuo
742 2630 829 2690 huius
852 2633 1016 2699 exercitus,
1041 2631 1141 2692 datiuo
1164 2632 1233 2692 huic
1256 2634 1408 2702 exercitui,

113 2733 282 2795 acerrumo
305 2732 383 2793 hunc
406 2733 585 2801 exercitum,
610 2733 745 2793 uocatiuo
768 2751 786 2792 o
810 2732 972 2802 exercitus.
996 2730 1125 2793 ablatiuo
1147 2731 1256 2793 abhoc
1279 2735 1410 2794 exercitu

114 2842 144 2896 et
165 2832 320 2914 pluraliter
346 2837 531 2896 nominando
558 2831 588 2892 hi
618 2836 778 2904 exercitus,
802 2836 940 2911 genetiuo
963 2834 1068 2895 horum
1093 2835 1286 2903 exercituum,
1310 2834 1410 2895 datiuo

74 2947 101 2989 2⁵
114 2935 162 2997 bis
184 2934 376 3006 exercitibus,
400 2936 568 2996 accusatiuo
592 2935 646 2998 bos
669 2938 831 3005 exercitus,
856 2937 991 2997 uocatiuo
1007 2954 1024 2994 o
1041 2936 1198 3003 exercitus,
1221 2934 1350 2996 ablatiuo
1371 2936 1409 2996 ab

112 3037 161 3098 bis
182 3037 372 3098 exercitibus.
410 3038 460 3097 Sic
482 3036 669 3097 declinantur
692 3045 722 3096 et
744 3035 798 3096 alia
822 3037 941 3096 nomina
964 3035 1069 3096 similia
1092 3045 1214 3115 quartae
1237 3035 1409 3097 declinatio·

113 3140 161 3200 nis
183 3141 214 3199 in
236 3157 273 3199 us
294 3138 458 3199 desinentia
482 3136 658 3206 masculina,
688 3145 721 3198 ut
749 3136 797 3197 hio
825 3154 932 3199 currus
960 3144 1063 3216 portus
1084 3137 1195 3215 gradus
1218 3139 1300 3199 sinus
1323 3156 1409 3199 casus

114 3248 254 3302 accentus
276 3259 382 3301 uersus
403 3257 508 3299 cursus
531 3239 629 3299 uictus
651 3257 769 3299 morsus
792 3238 890 3299 uultus
913 3238 1008 3299 cultus
1030 3246 1131 3299 aestus
1153 3248 1307 3301 contextus
1329 3259 1409 3301 com·

114 3350 227 3404 meatus
260 3351 380 3403 senatus
412 3341 602 3418 magistratus
632 3339 712 3402 lacus
744 3348 883 3419 quaestus
917 3347 1017 3400 reatus
1044 3339 1135 3401 saltus
1163 3341 1240 3401 risus
1268 3340 1409 3403 tumultus

74 3456 204 3504 wsexus
232 3442 317 3505 luxus
340 3426 450 3503 ¹iluotus
476 3443 556 3503 uisus
585 3443 703 3504 auditus
732 3440 873 3502 odoratus
894 3449 997 3520 gustus
1019 3449 1114 3502 tactus
1135 3442 1233 3502 locius
1255 3450 1338 3503 ortus
1360 3462 1409 3503 oo·

112 3562 199 3606 casus
226 3543 347 3605 obtutus
374 3552 478 3623 partus
507 3546 584 3606 ritus
612 3552 706 3606 status
734 3545 861 3604 tonitrus
890 3542 937 3604 uel
966 3543 1077 3604 tonitru
1105 3560 1212 3623 specus
1234 3542 1282 3603 uel
1305 3561 1407 3622 specu.

111 3645 186 3707 ltem
210 3645 349 3707 feminina
373 3647 493 3707 nomina
516 3654 640 3723 quartae
663 3644 868 3707 declinationis
892 3645 921 3704 in
945 3663 980 3706 us
1002 3644 1169 3705 desinentia
1192 3644 1235 3705 sic
1257 3642 1408 3706 declinau-

112 3755 176 3808 turz
199 3745 273 3808 haec
295 3765 409 3817 manus,
432 3747 521 3809 buius
544 3766 648 3809 manus
670 3746 741 3808 huic
764 3748 863 3809 manui
885 3747 962 3807 hano
983 3764 1103 3807 manum
1127 3764 1145 3804 o
1168 3763 1273 3807 manus
1294 3745 1332 3807 ab
1354 3743 1410 3807 bac

111 3866 203 3909 manu
225 3856 256 3909 et
277 3846 431 3928 pluraliter
453 3849 509 3910 bae
538 3866 643 3911 manus
670 3849 775 3909 harum
799 3864 939 3907 manuum
961 3847 1008 3907 bis
1030 3847 1168 3907 manibus
1189 3845 1243 3908 bas
1263 3865 1369 3908 manus
1391 3865 1409 3906 o

72 3953 217 4011 8imarus
246 3949 283 4010 ab
312 3949 357 4010 his
385 3949 537 4020 manibus;
566 3952 609 4012 sic
638 3949 826 4012 declinantur
849 3957 878 4010 et
900 3948 956 4010 alia
978 3949 1097 4009 nomina
1121 3948 1262 4009 leminina
1285 3956 1408 4028 quartae

181 4173 239 4219 iet
255 4169 302 4219 hos
322 4170 413 4218 iluctus
482 4173 606 4234 2qnm·te
686 4169 830 4220 ildesiuiat
898 4167 1052 4233 peueultims
1070 4167 1230 4232 praecidente
1297 4170 1409 4234 hpene·

111 4237 225 4288 ultimum
246 4248 272 4287 ut
290 4239 336 4286 bus
388 4237 526 4287 delerentie
611 4239 741 4287 hortibus
760 4252 871 4285 mcuuus
889 4247 1013 4300 pertuuus
1083 4238 1141 4286 liet
1157 4236 1253 4284 ortibus
1322 4236 1409 4287 ‘llio-

111 4301 199 4370 natus]
215 4322 242 4369 p.
262 4308 356 4366 379,7
424 4305 576 4355 Silue-tibus
646 4306 822 4354 necessitatem
891 4306 996 4354 doetus
1015 4318 1066 4352 uon
1084 4312 1156 4352 artus
1225 4304 1359 4354 exestimct

110 4386 168 4423 arcs
243 4374 273 4422 11
292 4371 446 4422 ‹leierentiao
464 4384 515 4422 treu
603 4376 634 4424 13
652 4373 779 4438 euphonia
798 4381 822 4421 et
839 4371 992 4421 deleroutiae
1078 4371 1109 4420 15
1127 4369 1265 4420 delereutia
1332 4372 1409 4421 Pom·

111 4436 421 4506 petus]p.195,1³K.
493 4443 523 4490 16
542 4441 581 4490 his
600 4456 694 4506 specus
714 4450 852 4504 usurpatur
870 4440 1007 4488 admodum
1026 4440 1149 4488 ettribus
1202 4438 1317 4489 tribubus
1376 4443 1408 4491 l'l

110 4508 231 4575 specibus
250 4509 322 4558 deest
339 4510 410 4572 opud
427 4510 571 4573 Pompeium
590 4509 671 4558 Keilii
738 4508 770 4556 18
789 4507 866 4556 ueluti
878 4517 959 4556 est-
969 4508 1084 4572 partibus
1097 4507 1189 4555 meunt
1200 4507 1248 4556 hoc
1264 4510 1321 4557 loco
1338 4511 1410 4573 apud

110 4576 264 4641 Pompeium,
281 4577 330 4625 sed
341 4576 375 4639 ef.
385 4593 411 4640 p.
423 4579 481 4637 194,
493 4579 587 4642 iieeq.
598 4576 635 4626 K.
705 4577 820 4626 liinrces
839 4586 864 4623 et
880 4580 965 4640 pestes
1017 4576 1150 4636 idquorte
1195 4575 1229 4623 24
1239 4573 1369 4638 pluraliter
1380 4574 1408 4625 hi

109 4644 144 4694 ild
161 4656 251 4707 quarte
319 4645 352 4693 28
370 4641 471 4709 cursus]
491 4659 582 4693 uorsus
635 4654 707 4693 estus
759 4644 890 4692 c'omeatus
958 4645 991 4692 29
1009 4641 1080 4690 lucus
1099 4652 1205 4704 questus
1223 4652 1306 4692 rectus
1375 4646 1409 4694 30

109 4712 232 4762 adoratus
301 4711 384 4761 locius
403 4724 488 4761 ntutus
557 4714 588 4762 31
608 4713 661 4760 toni
680 4712 806 4760 tonitruus
887 4714 920 4771 33
943 4710 1018 4759 huius
1037 4724 1145 4760 mannus
1164 4709 1224 4759 huic
1241 4711 1328 4760 manui
1346 4711 1409 4761 lrseo

108 4793 230 4829 mortuum
