3420 5378
562 291 600 345 ΙΝ
618 290 703 346 uon.
721 290 847 342 mrsu
864 288 1045 343 umorem.
1392 284 1456 349 265

167 498 280 560 super
303 479 440 542 arbore
462 479 623 549 sidunt';
653 477 799 539 ‘subter
828 477 940 539 densa
962 478 1155 539 testudine
1176 480 1313 538 casus’.
1358 476 1456 556 Super
1469 492 1578 538 sonno

167 590 197 645 et
217 580 321 643 subter
344 583 467 661 ligurate
489 582 537 642 bic
560 581 656 644 locum
680 582 854 661 significant.
899 580 1063 641 ‘Testudo'
1086 589 1131 641 est
1153 597 1270 640 camora
1293 586 1456 647 scutorum,

167 703 225 764 qua
255 683 365 746 milites
391 692 496 762 tegunt
523 684 617 763 capita
647 702 716 755 sua,
745 702 812 744 cum
841 682 1005 744 ascendunt
1032 699 1160 744 murum.
1205 677 1315 743 blulta
1342 696 1545 760 superenne

167 787 314 849 Priamo
337 786 515 864 rogitans.
553 785 649 847 Verba
672 794 741 848 sunt
761 786 899 855 Didonis,
922 784 958 845 ad
981 802 1069 864 quam
1092 802 1159 846 cum
1182 786 1314 846 uenisset
1332 783 1455 850 Aeneas,

141 886 371 967 sinterrogabat
397 906 465 949 eum
492 887 529 948 de
557 887 675 949 Priamo
701 905 774 966 rege
795 886 992 949 Troianorum
1022 894 1052 947 et
1076 886 1115 947 'de
1137 886 1264 948 Hectore
1293 883 1353 946 lilio
1383 885 1456 945 eius.

167 991 338 1053 Coniicio
365 990 554 1050 i·‘cxcrucio
581 989 631 1050 uel
659 991 762 1069 punio.
807 987 878 1049 lude
900 989 1111 1049 ‘coniectores’
1134 987 1273 1049 dicuntur
1295 988 1455 1049 carnifices.
1471 1003 1520 1050 sor,
1536 1003 1559 1042 n

168 1092 339 1170 Suscipio
366 1089 524 1170 aliquando
552 1092 696 1170 significat
730 1109 858 1152 ueneror
883 1092 910 1150 i·
938 1091 1065 1151 honoro.
1114 1091 1233 1169 Antiqui
1261 1090 1348 1150 etiam
1376 1090 1520 1168 geni-sor,
1536 1105 1560 1144 n

168 1196 230 1257 tiuo
253 1192 415 1271 iungebant
436 1194 685 1273 praepositiones,
714 1202 747 1254 ut
770 1199 935 1255 ‘crurum‘
953 1193 1071 1282 tenus’
1095 1210 1149 1272 pro
1172 1209 1261 1252 crure
1283 1198 1379 1252 tenus.
1422 1188 1520 1254 Etsor,
1538 1208 1561 1245 rs

169 1303 215 1357 est
237 1296 348 1356 Graeca
371 1295 472 1373 ligura,
496 1299 564 1374 quia
587 1296 694 1356 Graeci
717 1313 776 1356 non
798 1293 908 1356 bahent
930 1294 1106 1363 ablatiuum,
1129 1292 1181 1355 sed
1202 1292 1269 1354 loco
1293 1294 1356 1354 eius
1377 1292 1460 1370 geni·

131 1397 233 1458 mtiuo
255 1402 388 1459 utuntur.
432 1396 515 1458 ‘lloc
537 1397 672 1477 paleare'
697 1406 727 1459 et
749 1398 840 1458 ‘haec
862 1395 1022 1476 palearia’:
1051 1399 1169 1475 siguum
1198 1403 1243 1456 est
1270 1394 1340 1456 boni
1363 1393 1458 1464 bouis,

169 1497 289 1579 quaudo
315 1496 435 1578 paleare
464 1501 490 1558 i·
520 1501 635 1561 corium
664 1520 680 1560 a
708 1507 807 1561 mento
836 1516 957 1560 crurum
984 1506 1083 1569 tenus,
1117 1500 1141 1559 i·
1172 1514 1266 1575 usque
1300 1496 1335 1557 ad
1371 1513 1458 1557 crura

170 1599 290 1681 pendet.
319 1634 361 1644 —
392 1600 569 1680 Suppositae
597 1604 831 1683 praepositiones
860 1602 1103 1679 significationem
1133 1599 1262 1679 perdunt
1289 1600 1309 1658 i·
1339 1615 1459 1659 sensum
1472 1616 1553 1659 cusos.
1563 1617 1587 1655 m

171 1709 201 1763 et
229 1705 291 1764 uim
321 1704 463 1773 nominis,
502 1705 559 1765 iam
593 1722 652 1765 non
687 1712 754 1766 suut
783 1705 1032 1785 praepositiones,
1065 1703 1116 1764 sed
1150 1701 1377 1782 suppositiones.
1419 1699 1523 1767 Etsor,
1538 1719 1562 1758 rs

170 1803 289 1884 legem
312 1806 519 1884 propriam,
543 1807 611 1885 quia
633 1806 679 1867 lex
702 1807 929 1887 praepositionis
952 1815 1028 1874 erat,
1052 1813 1084 1866 ut
1105 1810 1350 1884 praeponeretur.
1390 1801 1523 1867 llo-sor,
1537 1821 1562 1860 n

133 1913 281 1968 xsuatus
311 1906 385 1967 dixit
412 1925 504 1968 unurn
535 1907 673 1970 accidens
701 1909 823 1970 esseio
853 1908 1087 1988 praepositione,
1122 1905 1173 1966 sed
1206 1904 1327 1983 quidam
1356 1910 1462 1984 putant

171 2009 295 2086 liguram
319 2015 349 2069 et
370 2008 515 2070 ordinem.
559 2009 690 2090 Simplex
714 2012 822 2090 ligura,
845 2017 878 2071 ut
900 2009 1004 2077 ‘abs';
1034 2009 1211 2088 composita,
1243 2015 1275 2068 ut
1304 2004 1460 2086 ‘absque'.

172 2110 364 2180 Ordinem,
389 2112 456 2188 quia
479 2111 623 2187 quaedam
647 2121 870 2193 praeponuntur
894 2120 922 2173 et
944 2109 1017 2173 aliae
1039 2116 1263 2190 supponuntur;
1286 2107 1357 2171 iude
1379 2108 1460 2168 Vir·
1474 2125 1523 2172 su,
1537 2128 1562 2166 n

171 2211 301 2291 gilius:
325 2217 381 2272 ‘te
404 2213 502 2272 sine’
525 2232 580 2293 pro
602 2215 677 2275 ‘sine
700 2217 740 2275 te’
764 2224 795 2276 et
816 2212 968 2295 ‘capulo
990 2217 1129 2276 tenus’.

630 2418 678 2479 DE
700 2417 1000 2482 intermortuus.

133 2534 162 2576 ²⁰
257 2534 427 2596 lnteriectio
456 2535 565 2598 dicitur
592 2536 630 2599 ab
656 2538 884 2609 interiaciendo,
914 2541 996 2619 quia,
1026 2539 1144 2620 quando
1172 2538 1208 2599 de
1236 2536 1301 2599 aliis
1328 2534 1463 2616 partibus

173 2636 332 2716 loquimur,
356 2639 539 2718 erumpimus
561 2641 591 2699 in
614 2641 830 2702 interiectiuam
853 2660 962 2702 uocem
977 2642 1035 2703 acti
1050 2640 1157 2720 gaudio
1173 2641 1220 2701 uel
1236 2639 1364 2708 tristitia,
1382 2644 1462 2698 metu

173 2737 220 2800 uel
250 2737 364 2800 dolore.
415 2740 624 2806 interiecta
652 2743 677 2801 i·
701 2744 887 2823 interposita.
933 2743 1053 2803 lrmeuta
1082 2750 1127 2802 est
1154 2740 1319 2802 interiectio
1348 2737 1567 2803 adhosso1‚m

173 2841 297 2902 allectus
331 2841 421 2902 animi
452 2842 678 2922 exprimendos:
710 2849 761 2903 aut
788 2846 867 2904 enim
898 2845 1038 2923 exprimit
1068 2845 1211 2915 allectum¹
1241 2841 1413 2908 metuentis,
1442 2841 1462 2899 i·

173 2943 321 3011 timentis,
343 2951 376 3003 ut
405 2990 412 3005 .
447 2990 454 3003 .
489 2991 496 3005 .
531 2992 538 3005 .
574 2991 581 3005 .
758 2946 868 3007 uideo
892 2945 1029 3007 subitis
1051 2946 1198 3025 lapsura
1222 2944 1359 3005 ruinis.
1403 2941 1462 3002 ‘Ei’

134 3040 269 3123 ‘linterll
295 3040 355 3106 195
380 3044 483 3127 lliectio
505 3054 551 3106 cst
572 3045 790 3125 monosyllaba,
821 3049 883 3108 ‘ei'
907 3067 980 3110 uero
1003 3065 1167 3128 pronomen
1196 3044 1386 3126 disyllabum
1415 3052 1465 3105 aut

174 3146 310 3207 affectum
335 3145 455 3225 optandi
478 3148 629 3227 exprimit,
654 3155 700 3207 ut:
725 3151 762 3207 ‘o
785 3148 975 3212 Gallorum
999 3149 1156 3219 uietor';
1181 3154 1230 3210 aut
1251 3147 1389 3208 allectum
1413 3145 1464 3204 do-

174 3245 262 3308 lentis
285 3249 426 3327 exprimit
448 3248 628 3326 interiectio,
652 3261 684 3311 ut
705 3250 808 3321 ‘heu',
833 3263 862 3314 et
883 3251 1040 3331 aliquando
1062 3252 1092 3312 iu
1115 3259 1209 3310 metro
1232 3252 1408 3328 geminatur,
1432 3255 1465 3307 ut

175 3357 302 3429 poeta:

504 3437 579 3498 lleu
603 3437 672 3498 heu
694 3457 798 3517 quam
821 3441 951 3518 pingui
974 3457 1109 3508 inacer3

136 3543 230 3597 soant
251 3536 387 3599 aiiectum
411 3535 573 3608 laetantis·
589 3546 621 3600 ut
647 3559 731 3600 euax.
777 3540 880 3601 Graeci
908 3542 1143 3602 interiectionem
1171 3557 1230 3600 non
1258 3536 1382 3606 liabent,
1412 3537 1464 3596 sed

176 3640 256 3700 inter
279 3638 420 3700 aduerbia
444 3639 593 3718 deputant.
637 3641 733 3703 Latini
756 3659 828 3703 uero
851 3661 909 3703 non
933 3641 1043 3703 habent
1058 3639 1211 3709 articulos,
1236 3639 1287 3701 sed
1302 3639 1359 3701 illis
1375 3647 1463 3700 utun·

176 3749 224 3801 tur
246 3758 302 3819 pro
323 3741 558 3820 pronominibus.
603 3741 662 3803 Nos
684 3762 756 3804 uero
779 3744 875 3805 Latini
904 3762 963 3805 uon
993 3744 1118 3805 iacimus
1145 3741 1285 3803 aduerbia
1313 3742 1350 3804 de
1372 3743 1463 3803 inter·

175 3840 367 3911 motionibus,
403 3845 472 3922 quia
502 3862 561 3906 uon
590 3847 688 3905 statim
718 3865 752 3907 ea
780 3845 906 3907 uerbum
934 3845 1132 3926 subsequitur.
1185 3845 1257 3907 Nam
1289 3843 1464 3905 aduerbium

178 3943 296 4013 dicitur,
320 3962 356 4004 eo
379 3945 458 4022 quod
480 3947 518 4008 sit
540 3948 620 4008 iuxta
644 3945 785 4015 uerbum,
808 3949 881 4008 istae
904 3966 976 4007 runo
992 3966 1081 4009 uoces
1103 3949 1168 4009 sine
1191 3945 1285 4008 uerbo
1306 3946 1465 4026 proleruu·

247 4164 474 4231 lsubterdeuso]
498 4168 575 4230 Verp.
594 4168 659 4217 Aen.
679 4167 723 4217 IX
740 4170 791 4218 514
860 4164 984 4233 3blnltn]
1008 4165 1263 4232 Verp.Acn.175d
1331 4166 1467 4232 5lrpctorc
1571 4154 1575 4163 ¹

178 4235 209 4284 li
226 4231 363 4298 Virgilius]
385 4235 449 4284 Aen.
468 4235 529 4284 XII
547 4238 600 4285 883
671 4236 701 4285 18
720 4236 810 4301 capulo
830 4231 915 4300 tenus]
940 4235 1018 4300 Verp.
1039 4237 1105 4287 Aen.
1124 4235 1156 4284 11
1174 4237 1242 4289 553,-
1260 4235 1286 4283 Χ
1303 4237 1357 4284 536
1432 4236 1465 4283 24

177 4303 246 4351 Ante
264 4300 339 4350 uideo
357 4302 449 4351 subitis
468 4309 516 4354 eto.
534 4305 630 4367 aliquot
647 4303 770 4354 uocabulo
785 4304 922 4366 putredine
940 4310 1103 4353 edocuerunt.
1163 4303 1197 4352 25
1214 4302 1381 4365 dissyllabum
1432 4303 1465 4351 ‘28

177 4365 266 4435 poeta]
289 4370 367 4432 Verp.
385 4370 444 4420 Ecl.
463 4371 515 4420 III
533 4374 582 4420 100
683 4374 715 4422 34
734 4373 804 4420 iuxta
825 4367 939 4434 uerbum]
965 4371 997 4420 In
1014 4387 1093 4435 norp.
1111 4372 1147 4420 od
1168 4371 1230 4420 boec
1252 4371 1406 4434 adscriptum
1427 4376 1466 4419 est

176 4454 250 4488 mame
268 4438 366 4488 cadem:
387 4450 414 4486 ut
432 4440 498 4488 inste
516 4439 622 4489 lordicat:
642 4441 707 4488 iuste
726 4440 873 4488 admubium
894 4450 942 4501 est,
961 4439 1056 4488 iudicat
1074 4440 1187 4487 uerbum.

244 4642 279 4691 ut
297 4643 387 4692 Glossa
404 4643 499 4693 codicis
517 4642 657 4692 Berncnn's
672 4645 693 4706 s.
711 4646 744 4691 17
750 4641 761 4676 t
779 4658 859 4705 mnrp.
879 4643 951 4692 dem:
976 4642 1020 4691 llei
1039 4643 1179 4692 interiectio
1199 4651 1237 4690 est
1255 4641 1366 4691 timentis
1385 4652 1409 4689 et
1426 4652 1465 4690 est

179 4709 388 4769 monosillnbum,
407 4711 474 4760 xinde
493 4712 607 4759 Arctos
624 4708 677 4772 (lib.
691 4710 726 4761 II
737 4711 777 4760 cd.
790 4710 855 4760 Ben.
868 4718 924 4761 tom.
939 4710 965 4758 Χ
974 4728 1002 4775 p.
1014 4713 1067 4763 137
1078 4709 1123 4775 ll:
1160 4709 1222 4758 ‘Hei
1240 4709 1302 4758 milri
1321 4710 1371 4758 ium
1391 4710 1464 4759 uideo

179 4778 271 4831 subitis
284 4773 336 4844 (ns
346 4777 414 4843 eod.)
428 4780 531 4847 lapsura
544 4779 644 4832 ruinis.’
664 4777 713 4828 Sed
725 4778 828 4844 quondo
839 4792 980 4845 pronomen
994 4791 1047 4842 est,
1066 4788 1105 4829 cst
1116 4777 1283 4837 dissillnbum,
1295 4787 1321 4829 ut
1332 4778 1354 4827 is
1368 4778 1422 4829 eius
1433 4779 1464 4831 ei.
