3420 5378
559 297 815 354 FRAGMENTVM
833 299 983 354 Pflocas
1000 299 1142 354 numm.

581 486 695 550 semabt
738 507 846 551 nomen

581 590 754 669 prosemaht
796 608 962 671 pronomen

580 689 681 771 iogalrt
725 692 852 756 uerbum

581 792 719 874 arologeh
765 794 940 858 aduerbium

583 898 772 960 commouabt
815 899 1003 979 participium

581 999 736 1076 gecomabt
779 1001 949 1061 coniunctio
972 999 1059 1079 (cong
1080 1001 1159 1077 cod.)

580 1100 750 1180 agriderebt
792 1103 974 1183 praepositio

291 1221 512 1282 interiectionis
532 1223 716 1297 significatio
736 1220 931 1284 mederetur
952 1221 1013 1296 bic,
1036 1225 1091 1283 sed
1110 1223 1196 1284 adest
1218 1226 1250 1283 in
1272 1224 1373 1283 attera
1394 1224 1502 1284 simitr's

205 1322 379 1381 insolentiae
402 1328 468 1383 octo
485 1326 623 1399 partium
643 1322 792 1385 orationis
813 1322 1049 1400 enumeratione,
1073 1341 1152 1401 quae
1172 1325 1248 1384 baec
1270 1331 1334 1384 est:

579 1443 647 1487 oma
690 1444 797 1488 nomen

580 1545 703 1607 prooma
747 1546 912 1609 pronomen

579 1628 670 1709 gebot
713 1628 839 1692 uerbum

580 1731 702 1812 gomotb
745 1732 919 1796 aduerbium

580 1833 685 1913 gutboi
728 1835 915 1916 participium

578 1936 671 2015 gitbul
715 1939 883 2000 coniunctio

577 2039 668 2118 gimoi
713 2041 891 2121 praepositio

480 2166 483 2173 ·
576 2140 686 2219 girotbi
728 2142 905 2204 interiectio.

287 2242 350 2302 Sed
369 2242 444 2304 boec
467 2242 544 2305 uires
565 2246 786 2322 conparatione
805 2246 981 2322 linguarum
1003 2242 1151 2305 scientiae
1173 2247 1282 2321 peritis
1299 2248 1498 2306 ‘enrwlcando

203 2345 417 2421 relinquamus.

287 2533 421 2609 Denique
448 2536 479 2593 in
507 2534 596 2597 liuius
622 2536 736 2596 codicis
758 2533 913 2608 fambulo
941 2541 979 2594 25
1005 2551 1085 2596 saec.
1114 2535 1184 2595 XII
1207 2536 1323 2611 scrr'prto
1344 2534 1497 2608 loliorum

202 2641 268 2695 octo
290 2632 326 2714 (f.
352 2633 388 2695 lt
419 2633 547 2696 blundus
573 2634 661 2715 igitur
689 2655 724 2698 ex
754 2645 879 2715 quatuor
906 2634 1061 2699 elementis
1089 2635 1241 2713 isdemque
1264 2635 1333 2696 totis
1354 2636 1386 2695 in
1408 2654 1498 2715 spere

203 2736 321 2798 modum
343 2734 480 2815 globatos
502 2747 614 2800 terram
636 2739 666 2800 in
690 2738 788 2800 medio
810 2748 841 2800 et
861 2740 892 2799 in
915 2740 975 2800 imo
997 2737 1123 2799 defluam
1147 2738 1257 2799 eternis
1280 2736 1336 2797 ccii
1359 2736 1496 2819 raptibus

201 2856 383 2901 concurrens
406 2838 543 2901 circulari
565 2840 691 2921 quadam
716 2842 831 2903 ratione
854 2840 1038 2903 discriminat
1061 2872 1101 2883 -
1131 2840 1149 2900 f.
1173 2836 1213 2901 8¹³
1235 2838 1291 2911 Qui
1314 2857 1364 2899 eas
1387 2856 1496 2919 percu·

202 2942 282 3002 ciens
304 2943 405 3002 autin
432 2941 588 3005 sublimem
618 2941 691 3005 tollit
719 2952 770 3006 eut
797 2944 826 3004 in
856 2941 1035 3023 profundum
1064 2941 1204 3020 deprimit
1232 2949 1282 3001 aut
1308 2940 1497 3003 latitudinem

202 3041 352 3103 declinare
368 3050 418 3103 aut
433 3044 630 3122 retrogradari
646 3044 724 3106 facit.
762 3043 934 3105 EXPLICIT
957 3042 1068 3105 tisun
1089 3040 1336 3122 asstruebant)
1358 3046 1414 3105 sub
1430 3046 1496 3106 cal·

202 3162 265 3205 cern
287 3147 452 3206 nonnullae
473 3147 600 3209 additae
619 3155 688 3209 sunt
709 3150 899 3224 quaestiones
918 3142 1155 3223 grammatibus:

286 3263 328 3325 lie
350 3265 499 3326 ‘sinueris'
523 3268 726 3328 controuersia
743 3268 819 3327 inter
841 3267 1120 3345 grammaticos:
1144 3262 1248 3324 dicunt
1264 3265 1342 3324 enirn
1358 3262 1495 3343 priorique

201 3363 262 3426 ‘bic
283 3375 313 3426 et
334 3367 407 3427 baec
429 3368 555 3430 sinceris
578 3374 607 3428 et
628 3366 687 3428 boc
708 3371 838 3429 sincere'
862 3367 1024 3448 [renuitima
1046 3365 1189 3446 producta
1212 3365 1289 3443 qrmd
1314 3366 1418 3427 nolunt
1441 3366 1493 3426 fra·

201 3467 272 3529 bere
294 3486 336 3529 ex
359 3477 503 3529 moreto
526 3467 676 3548 Virgilii
699 3468 824 3532 dicentis
847 3470 891 3541 (u.
917 3473 987 3546 42).-

403 3568 575 3631 Subsidit
597 3571 746 3632 sincera
769 3571 1097 3649 foraminibusque
1119 3569 1290 3649 liquatur

404 3671 601 3733 Emundata
625 3674 746 3734 Ceres,

200 3772 321 3852 (sebseb
343 3767 423 3833 snm
440 3774 527 3834 nirrris
543 3773 798 3855 foraminibusque
816 3776 923 3836 tixauu
940 3775 1095 3836 emundata
1112 3773 1183 3854 cm).
1221 3776 1277 3848 Qui
1293 3783 1403 3845 tamem
1419 3793 1492 3854 quo·

200 3894 278 3954 niarn
302 3866 356 3974 (qn)
381 3891 530 3972 praedicta
554 3890 726 3973 (praedicte)
749 3894 967 3981 praeponderat
985 3895 1068 3963 ratio,
1092 3894 1196 3956 dicunt
1217 3892 1326 3954 debere
1349 3892 1407 3954 dici
1430 3893 1492 3955 ‘hic

200 3994 325 4055 ethaeo
347 3995 487 4057 sinceris'
513 3991 601 4073 (sicis)
626 4003 655 4055 et
677 3995 746 4056 ‘hoc
768 3998 895 4058 siucere’
925 3996 1086 4075 penultima
1115 4006 1267 4076 cor·reptn;
1297 3995 1405 4058 dicitur
1429 3995 1490 4074 (di)

201 4097 278 4157 enim
301 4097 452 4159 ‘sinceris’
475 4099 559 4176 quasi
582 4097 646 4157 sine
668 4099 748 4159 cario
771 4106 801 4159 ct
823 4106 867 4159 est
889 4102 982 4160 canios
1005 4117 1125 4160 assecns
1148 4100 1177 4177 tl)
1201 4097 1378 4178 putr·odo.*)

265 4383 293 4448 *)
310 4384 408 4436 Similia
424 4384 502 4436 babes
519 4388 545 4436 in
562 4388 649 4437 codice
669 4387 787 4438 Parisino
800 4390 866 4438 817⁵
879 4387 926 4452 (ef.
943 4388 1046 4439 Tirrrot.
1066 4390 1082 4437 l.
1101 4389 1118 4437 l.
1135 4405 1164 4452 p.
1178 4386 1223 4450 50)
1240 4388 1261 4448 s.
1276 4389 1322 4436 29.-
1343 4382 1488 4452 [Sincerua]

198 4453 302 4518 quidum
325 4454 413 4503 dicunt
435 4468 513 4519 posse
536 4454 645 4519 corripi,
668 4455 689 4503 si
708 4466 877 4521 componetur
895 4474 910 4506 n
929 4458 1016 4507 ‘sine’
1034 4468 1058 4505 et
1076 4456 1185 4507 ‘carie’.
1222 4453 1274 4504 Nos
1297 4469 1357 4503 rrero
1379 4453 1489 4503 dicimus

199 4522 268 4586 quod
286 4521 369 4571 medie
387 4523 442 4571 eins
461 4535 591 4584 nrrnqunm
610 4532 695 4587 potest
711 4525 805 4589 corripi
823 4525 878 4573 siue
895 4525 962 4574 dicet
980 4525 1119 4575 ‘sincerus'
1133 4524 1171 4574 rref
1188 4524 1329 4586 ‘sinceris',
1347 4523 1408 4584 quia
1427 4537 1490 4572 nun-

199 4605 275 4653 qunm
298 4591 426 4639 inuenitur
448 4590 472 4638 in
496 4589 582 4652 aliquo
606 4601 708 4640 nuctore
732 4593 781 4641 nisi
804 4592 890 4657 lorrge.
927 4592 1055 4643 Orerius
1080 4594 1132 4657 (ep.
1152 4592 1217 4655 12,
1236 4591 1296 4656 50:
1324 4588 1489 4640 Sincerunt

199 4668 246 4708 est
264 4658 327 4707 nisi
346 4673 404 4708 nas
421 4657 634 4721 quodcunque
652 4658 797 4709 infundis
816 4662 944 4714 acescit.
973 4661 1133 4726 Virgilius
1152 4671 1314 4709 moretum:
1335 4657 1490 4709 Subsedit

200 4727 325 4776 sincere
343 4725 618 4790 foraminibusque
636 4725 792 4789 liquatur,
809 4728 914 4780 errtrot.
934 4746 959 4793 p.
974 4732 1036 4792 435,
1053 4731 1088 4790 cf.
1107 4730 1218 4779 eiusdem
1234 4745 1260 4792 p.
1280 4730 1339 4783 ild,
1357 4727 1401 4777 ubi
1419 4729 1492 4779 Petri

202 4794 293 4843 llelioe
310 4795 342 4844 rie
360 4795 493 4845 eademne
511 4796 630 4860 adfertur
646 4797 780 4847 sententia.
