<?xml version="1.0" encoding="UTF-8"?>
<!DOCTYPE html PUBLIC "-//W3C//DTD XHTML 1.0 Transitional//EN"
    "http://www.w3.org/TR/xhtml1/DTD/xhtml1-transitional.dtd">
<html xmlns="http://www.w3.org/1999/xhtml" xml:lang="en" lang="en">
 <head>
  <title>
</title>
<meta http-equiv="Content-Type" content="text/html;charset=utf-8" />
  <meta name='ocr-system' content='tesseract 3.04.00' />
  <meta name='ocr-capabilities' content='ocr_page ocr_carea ocr_par ocr_line ocrx_word'/>
</head>
<body>
  <div class='ocr_page' id='page_1' title='image "./grammaticilatin04keilgoog/grammaticilatin04keilgoog_0357.png"; bbox 0 0 3420 5378; ppageno 0'>
   <div class='ocr_carea' id='block_1_1' title="bbox 225 288 1000 352">
    <p class='ocr_par' dir='ltr' id='par_1_1' title="bbox 225 288 1000 352">
     <span class='ocr_line' id='line_1_1' title="bbox 225 288 1000 352; baseline 0 -13"><span class='ocrx_word' id='word_1_1' title='bbox 225 288 266 352; x_wconf 81' lang='lat'>92</span> <span class='ocrx_word' id='word_1_2' title='bbox 738 288 807 340; x_wconf 80' lang='lat' dir='ltr'>aas</span> <span class='ocrx_word' id='word_1_3' title='bbox 824 289 1000 341; x_wconf 82' lang='lat' dir='ltr'>anonrna</span> 
     </span>
    </p>
   </div>
   <div class='ocr_carea' id='block_1_2' title="bbox 216 476 1574 3809">
    <p class='ocr_par' dir='ltr' id='par_1_2' title="bbox 216 476 1574 3809">
     <span class='ocr_line' id='line_1_2' title="bbox 225 476 1521 558; baseline -0.001 -19"><span class='ocrx_word' id='word_1_4' title='bbox 225 477 429 558; x_wconf 80' lang='lat' dir='ltr'><strong>diphthongon</strong></span> <span class='ocrx_word' id='word_1_5' title='bbox 445 478 593 547; x_wconf 89' lang='lat' dir='ltr'>desinunt,</span> <span class='ocrx_word' id='word_1_6' title='bbox 611 486 642 539; x_wconf 92' lang='lat' dir='ltr'>ut</span> <span class='ocrx_word' id='word_1_7' title='bbox 654 476 740 538; x_wconf 90' lang='lat' dir='ltr'>huius</span> <span class='ocrx_word' id='word_1_8' title='bbox 756 485 860 557; x_wconf 88' lang='lat' dir='ltr'>poetae</span> <span class='ocrx_word' id='word_1_9' title='bbox 876 485 906 537; x_wconf 93' lang='lat' dir='ltr'>et</span> <span class='ocrx_word' id='word_1_10' title='bbox 921 476 990 537; x_wconf 92' lang='lat' dir='ltr'>huic</span> <span class='ocrx_word' id='word_1_11' title='bbox 1004 485 1110 557; x_wconf 89' lang='lat' dir='ltr'>poetae</span> <span class='ocrx_word' id='word_1_12' title='bbox 1124 484 1157 537; x_wconf 91' lang='lat' dir='ltr'>et</span> <span class='ocrx_word' id='word_1_13' title='bbox 1171 476 1201 537; x_wconf 92' lang='lat' dir='ltr'>hi</span> <span class='ocrx_word' id='word_1_14' title='bbox 1212 482 1319 557; x_wconf 84' lang='lat' dir='ltr'>poetae</span> <span class='ocrx_word' id='word_1_15' title='bbox 1335 484 1365 537; x_wconf 91' lang='lat' dir='ltr'>et</span> <span class='ocrx_word' id='word_1_16' title='bbox 1376 497 1396 538; x_wconf 94' lang='lat' dir='ltr'>o</span> <span class='ocrx_word' id='word_1_17' title='bbox 1407 483 1521 558; x_wconf 89' lang='lat' dir='ltr'>poetae.</span> 
     </span>
     <span class='ocr_line' id='line_1_3' title="bbox 224 576 1521 657; baseline -0.001 -17"><span class='ocrx_word' id='word_1_18' title='bbox 224 581 313 641; x_wconf 91' lang='lat' dir='ltr'>item:</span> <span class='ocrx_word' id='word_1_19' title='bbox 338 581 538 641; x_wconf 85' lang='lat' dir='ltr'>norninatiuus</span> <span class='ocrx_word' id='word_1_20' title='bbox 560 588 589 640; x_wconf 87' lang='lat' dir='ltr'>et</span> <span class='ocrx_word' id='word_1_21' title='bbox 612 580 765 640; x_wconf 90' lang='lat' dir='ltr'>uocatiuus</span> <span class='ocrx_word' id='word_1_22' title='bbox 787 579 945 657; x_wconf 88' lang='lat' dir='ltr'>singularis</span> <span class='ocrx_word' id='word_1_23' title='bbox 967 580 997 640; x_wconf 90' lang='lat' dir='ltr'>in</span> <span class='ocrx_word' id='word_1_24' title='bbox 1014 598 1030 640; x_wconf 94' lang='lat' dir='ltr'>a</span> <span class='ocrx_word' id='word_1_25' title='bbox 1046 588 1215 657; x_wconf 81' lang='lat' dir='ltr'>correptam</span> <span class='ocrx_word' id='word_1_26' title='bbox 1238 576 1287 638; x_wconf 92' lang='lat' dir='ltr'>uel</span> <span class='ocrx_word' id='word_1_27' title='bbox 1308 580 1341 639; x_wconf 91' lang='lat' dir='ltr'>in</span> <span class='ocrx_word' id='word_1_28' title='bbox 1362 597 1399 640; x_wconf 89' lang='lat' dir='ltr'>as</span> <span class='ocrx_word' id='word_1_29' title='bbox 1421 586 1474 640; x_wconf 90' lang='lat' dir='ltr'>aut</span> <span class='ocrx_word' id='word_1_30' title='bbox 1493 581 1521 640; x_wconf 92' lang='lat' dir='ltr'>in</span> 
     </span>
     <span class='ocr_line' id='line_1_4' title="bbox 224 679 1523 761; baseline -0.001 -18"><span class='ocrx_word' id='word_1_31' title='bbox 224 702 256 743; x_wconf 91' lang='lat' dir='ltr'>es</span> <span class='ocrx_word' id='word_1_32' title='bbox 279 682 425 752; x_wconf 88' lang='lat' dir='ltr'>desinont,</span> <span class='ocrx_word' id='word_1_33' title='bbox 450 689 482 742; x_wconf 94' lang='lat' dir='ltr'>ut</span> <span class='ocrx_word' id='word_1_34' title='bbox 503 681 552 742; x_wconf 88' lang='lat' dir='ltr'>hie</span> <span class='ocrx_word' id='word_1_35' title='bbox 567 689 653 761; x_wconf 90' lang='lat' dir='ltr'>poeta</span> <span class='ocrx_word' id='word_1_36' title='bbox 676 689 705 741; x_wconf 88' lang='lat' dir='ltr'>et</span> <span class='ocrx_word' id='word_1_37' title='bbox 727 700 744 741; x_wconf 94' lang='lat' dir='ltr'>o</span> <span class='ocrx_word' id='word_1_38' title='bbox 767 688 864 760; x_wconf 90' lang='lat' dir='ltr'>poeta,</span> <span class='ocrx_word' id='word_1_39' title='bbox 887 679 934 740; x_wconf 89' lang='lat' dir='ltr'>hie</span> <span class='ocrx_word' id='word_1_40' title='bbox 950 682 1063 742; x_wconf 79' lang='lat' dir='ltr'>Aeneas</span> <span class='ocrx_word' id='word_1_41' title='bbox 1085 688 1115 740; x_wconf 90' lang='lat' dir='ltr'>et</span> <span class='ocrx_word' id='word_1_42' title='bbox 1135 682 1292 751; x_wconf 84' lang='lat' dir='ltr'>odeneas,</span> <span class='ocrx_word' id='word_1_43' title='bbox 1315 680 1366 742; x_wconf 89' lang='lat' dir='ltr'>hic</span> <span class='ocrx_word' id='word_1_44' title='bbox 1379 680 1523 743; x_wconf 78' lang='lat' dir='ltr'>Anchises</span> 
     </span>
     <span class='ocr_line' id='line_1_5' title="bbox 224 781 1523 861; baseline -0.001 -16"><span class='ocrx_word' id='word_1_45' title='bbox 224 794 254 846; x_wconf 92' lang='lat' dir='ltr'>et</span> <span class='ocrx_word' id='word_1_46' title='bbox 275 804 293 845; x_wconf 94' lang='lat' dir='ltr'>o</span> <span class='ocrx_word' id='word_1_47' title='bbox 315 784 468 846; x_wconf 78' lang='lat' dir='ltr'><strong>Anchises.</strong></span> <span class='ocrx_word' id='word_1_48' title='bbox 513 783 706 845; x_wconf 84' lang='lat' dir='ltr'>decusatiuus</span> <span class='ocrx_word' id='word_1_49' title='bbox 728 781 886 861; x_wconf 87' lang='lat' dir='ltr'>singularis</span> <span class='ocrx_word' id='word_1_50' title='bbox 913 784 944 841; x_wconf 91' lang='lat' dir='ltr'>in</span> <span class='ocrx_word' id='word_1_51' title='bbox 967 800 983 841; x_wconf 91' lang='lat' dir='ltr'>a</span> <span class='ocrx_word' id='word_1_52' title='bbox 1006 782 1180 861; x_wconf 87' lang='lat' dir='ltr'>productam</span> <span class='ocrx_word' id='word_1_53' title='bbox 1207 784 1403 853; x_wconf 87' lang='lat' dir='ltr'>terminatur,</span> <span class='ocrx_word' id='word_1_54' title='bbox 1434 783 1523 844; x_wconf 85' lang='lat' dir='ltr'>atah</span> 
     </span>
     <span class='ocr_line' id='line_1_6' title="bbox 223 881 1543 965; baseline 0.003 -19"><span class='ocrx_word' id='word_1_55' title='bbox 223 887 280 949; x_wconf 89' lang='lat' dir='ltr'>hoo</span> <span class='ocrx_word' id='word_1_56' title='bbox 307 895 403 965; x_wconf 90' lang='lat' dir='ltr'>poeta.</span> <span class='ocrx_word' id='word_1_57' title='bbox 450 886 522 947; x_wconf 89' lang='lat' dir='ltr'>ltem</span> <span class='ocrx_word' id='word_1_58' title='bbox 546 887 703 964; x_wconf 90' lang='lat' dir='ltr'>genetiuus</span> <span class='ocrx_word' id='word_1_59' title='bbox 731 881 853 963; x_wconf 87' lang='lat' dir='ltr'>pluralis</span> <span class='ocrx_word' id='word_1_60' title='bbox 880 886 1018 945; x_wconf 90' lang='lat' dir='ltr'>inarum</span> <span class='ocrx_word' id='word_1_61' title='bbox 1048 902 1166 964; x_wconf 90' lang='lat' dir='ltr'>semper</span> <span class='ocrx_word' id='word_1_62' title='bbox 1196 883 1321 954; x_wconf 89' lang='lat' dir='ltr'>desinit,</span> <span class='ocrx_word' id='word_1_63' title='bbox 1351 894 1385 945; x_wconf 90' lang='lat' dir='ltr'>ut</span> <span class='ocrx_word' id='word_1_64' title='bbox 1415 885 1543 950; x_wconf 77' lang='lat' dir='ltr'>horores</span> 
     </span>
     <span class='ocr_line' id='line_1_7' title="bbox 223 985 1521 1068; baseline -0.002 -19"><span class='ocrx_word' id='word_1_65' title='bbox 223 997 388 1068; x_wconf 88' lang='lat' dir='ltr'>poetarum,</span> <span class='ocrx_word' id='word_1_66' title='bbox 405 989 524 1051; x_wconf 89' lang='lat' dir='ltr'>datiuns</span> <span class='ocrx_word' id='word_1_67' title='bbox 539 1006 612 1048; x_wconf 89' lang='lat' dir='ltr'>uero</span> <span class='ocrx_word' id='word_1_68' title='bbox 629 985 751 1067; x_wconf 90' lang='lat' dir='ltr'>pluralis</span> <span class='ocrx_word' id='word_1_69' title='bbox 768 994 797 1047; x_wconf 88' lang='lat' dir='ltr'>et</span> <span class='ocrx_word' id='word_1_70' title='bbox 811 985 956 1046; x_wconf 90' lang='lat' dir='ltr'>ablatiuns</span> <span class='ocrx_word' id='word_1_71' title='bbox 978 987 1008 1047; x_wconf 91' lang='lat' dir='ltr'>in</span> <span class='ocrx_word' id='word_1_72' title='bbox 1031 987 1057 1047; x_wconf 87' lang='lat' dir='ltr'>is</span> <span class='ocrx_word' id='word_1_73' title='bbox 1079 985 1254 1065; x_wconf 89' lang='lat' dir='ltr'>productam</span> <span class='ocrx_word' id='word_1_74' title='bbox 1278 988 1469 1057; x_wconf 88' lang='lat' dir='ltr'>terminatur,</span> <span class='ocrx_word' id='word_1_75' title='bbox 1491 994 1521 1047; x_wconf 90' lang='lat' dir='ltr'>ut</span> 
     </span>
     <span class='ocr_line' id='line_1_8' title="bbox 224 1087 1520 1170; baseline 0.002 -22"><span class='ocrx_word' id='word_1_76' title='bbox 224 1090 269 1151; x_wconf 89' lang='lat' dir='ltr'>his</span> <span class='ocrx_word' id='word_1_77' title='bbox 292 1093 398 1170; x_wconf 91' lang='lat' dir='ltr'>poetis.</span> <span class='ocrx_word' id='word_1_78' title='bbox 432 1090 537 1151; x_wconf 87' lang='lat' dir='ltr'>Omnia</span> <span class='ocrx_word' id='word_1_79' title='bbox 560 1108 633 1167; x_wconf 88' lang='lat' dir='ltr'>ergo</span> <span class='ocrx_word' id='word_1_80' title='bbox 658 1089 777 1148; x_wconf 82' lang='lat' dir='ltr'>uorrrina</span> <span class='ocrx_word' id='word_1_81' title='bbox 800 1090 830 1148; x_wconf 91' lang='lat' dir='ltr'>in</span> <span class='ocrx_word' id='word_1_82' title='bbox 854 1107 870 1148; x_wconf 90' lang='lat' dir='ltr'>a</span> <span class='ocrx_word' id='word_1_83' title='bbox 893 1089 1050 1149; x_wconf 91' lang='lat' dir='ltr'>terminata</span> <span class='ocrx_word' id='word_1_84' title='bbox 1073 1089 1187 1168; x_wconf 81' lang='lat' dir='ltr'><strong>primae</strong></span> <span class='ocrx_word' id='word_1_85' title='bbox 1209 1097 1278 1149; x_wconf 90' lang='lat' dir='ltr'>sunt</span> <span class='ocrx_word' id='word_1_86' title='bbox 1298 1087 1520 1151; x_wconf 63' lang='lat' dir='ltr'>declinationi&amp;</span> 
     </span>
     <span class='ocr_line' id='line_1_9' title="bbox 222 1189 1519 1253; baseline 0 -1"><span class='ocrx_word' id='word_1_87' title='bbox 222 1191 295 1252; x_wconf 88' lang='lat' dir='ltr'>lode</span> <span class='ocrx_word' id='word_1_88' title='bbox 310 1192 527 1253; x_wconf 83' lang='lat' dir='ltr'>Priscianus</span> <span class='ocrx_word' id='word_1_89' title='bbox 542 1190 626 1251; x_wconf 89' lang='lat' dir='ltr'>dicit:</span> <span class='ocrx_word' id='word_1_90' title='bbox 650 1190 687 1251; x_wconf 93' lang='lat' dir='ltr'>ln</span> <span class='ocrx_word' id='word_1_91' title='bbox 704 1208 719 1250; x_wconf 91' lang='lat' dir='ltr'>a</span> <span class='ocrx_word' id='word_1_92' title='bbox 735 1189 952 1250; x_wconf 81' lang='lat' dir='ltr'>desinentia</span> <span class='ocrx_word' id='word_1_93' title='bbox 968 1207 1032 1251; x_wconf 84' lang='lat' dir='ltr'>see</span> <span class='ocrx_word' id='word_1_94' title='bbox 1048 1192 1192 1251; x_wconf 81' lang='lat' dir='ltr'>Graeco</span> <span class='ocrx_word' id='word_1_95' title='bbox 1206 1197 1292 1251; x_wconf 83' lang='lat' dir='ltr'>sunt</span> <span class='ocrx_word' id='word_1_96' title='bbox 1307 1208 1372 1251; x_wconf 89' lang='lat' dir='ltr'>sea</span> <span class='ocrx_word' id='word_1_97' title='bbox 1388 1189 1519 1252; x_wconf 82' lang='lat' dir='ltr'>Latina</span> 
     </span>
     <span class='ocr_line' id='line_1_10' title="bbox 223 1290 1519 1371; baseline -0.002 -16"><span class='ocrx_word' id='word_1_98' title='bbox 223 1290 1519 1371; x_wconf 80' lang='lat' dir='ltr'>masculinaueliemininaneleommunia,primaesuntdeclinatiooia,</span> 
     </span>
     <span class='ocr_line' id='line_1_11' title="bbox 223 1392 1574 1463; baseline 0.001 -8"><span class='ocrx_word' id='word_1_99' title='bbox 223 1404 262 1456; x_wconf 88' lang='lat' dir='ltr'>ot</span> <span class='ocrx_word' id='word_1_100' title='bbox 284 1394 343 1455; x_wconf 87' lang='lat' dir='ltr'>hio</span> <span class='ocrx_word' id='word_1_101' title='bbox 366 1393 564 1455; x_wconf 78' lang='lat' dir='ltr'>citharista</span> <span class='ocrx_word' id='word_1_102' title='bbox 587 1393 697 1455; x_wconf 90' lang='lat' dir='ltr'>buius</span> <span class='ocrx_word' id='word_1_103' title='bbox 724 1392 960 1462; x_wconf 76' lang='lat' dir='ltr'>citharistae,</span> <span class='ocrx_word' id='word_1_104' title='bbox 990 1393 1050 1454; x_wconf 89' lang='lat' dir='ltr'>hie</span> <span class='ocrx_word' id='word_1_105' title='bbox 1073 1392 1197 1455; x_wconf 89' lang='lat' dir='ltr'>scriba</span> <span class='ocrx_word' id='word_1_106' title='bbox 1220 1393 1330 1455; x_wconf 90' lang='lat' dir='ltr'>huius</span> <span class='ocrx_word' id='word_1_107' title='bbox 1352 1392 1517 1463; x_wconf 85' lang='lat' dir='ltr'>scribae,</span> <span class='ocrx_word' id='word_1_108' title='bbox 1530 1420 1551 1459; x_wconf 86' lang='lat' dir='ltr'>a</span> <span class='ocrx_word' id='word_1_109' title='bbox 1571 1450 1574 1457; x_wconf 94' lang='lat'><em>.</em></span> 
     </span>
     <span class='ocr_line' id='line_1_12' title="bbox 222 1494 1519 1575; baseline 0.001 -19"><span class='ocrx_word' id='word_1_110' title='bbox 222 1498 314 1558; x_wconf 88' lang='lat' dir='ltr'>haec</span> <span class='ocrx_word' id='word_1_111' title='bbox 335 1494 535 1575; x_wconf 86' lang='lat' dir='ltr'>Calliopia,</span> <span class='ocrx_word' id='word_1_112' title='bbox 565 1495 676 1557; x_wconf 88' lang='lat' dir='ltr'>huius</span> <span class='ocrx_word' id='word_1_113' title='bbox 697 1494 922 1574; x_wconf 83' lang='lat' dir='ltr'>Calliopiae,</span> <span class='ocrx_word' id='word_1_114' title='bbox 952 1495 1042 1556; x_wconf 88' lang='lat' dir='ltr'>haec</span> <span class='ocrx_word' id='word_1_115' title='bbox 1064 1497 1194 1574; x_wconf 87' lang='lat' dir='ltr'>regina</span> <span class='ocrx_word' id='word_1_116' title='bbox 1218 1494 1332 1557; x_wconf 88' lang='lat' dir='ltr'>huius</span> <span class='ocrx_word' id='word_1_117' title='bbox 1354 1497 1519 1574; x_wconf 81' lang='lat' dir='ltr'>reginae</span> 
     </span>
     <span class='ocr_line' id='line_1_13' title="bbox 222 1595 1517 1678; baseline 0 -19"><span class='ocrx_word' id='word_1_118' title='bbox 222 1599 294 1659; x_wconf 89' lang='lat' dir='ltr'>ltem</span> <span class='ocrx_word' id='word_1_119' title='bbox 311 1606 415 1658; x_wconf 91' lang='lat' dir='ltr'>neutra</span> <span class='ocrx_word' id='word_1_120' title='bbox 432 1597 489 1658; x_wconf 93' lang='lat' dir='ltr'>hoc</span> <span class='ocrx_word' id='word_1_121' title='bbox 504 1595 528 1678; x_wconf 97' lang='lat'>†</span> <span class='ocrx_word' id='word_1_122' title='bbox 543 1596 642 1659; x_wconf 91' lang='lat' dir='ltr'>hiliria</span> <span class='ocrx_word' id='word_1_123' title='bbox 657 1597 743 1657; x_wconf 86' lang='lat' dir='ltr'>huius</span> <span class='ocrx_word' id='word_1_124' title='bbox 758 1595 886 1666; x_wconf 87' lang='lat' dir='ltr'>hiliriae,</span> <span class='ocrx_word' id='word_1_125' title='bbox 903 1599 946 1657; x_wconf 91' lang='lat' dir='ltr'>sic</span> <span class='ocrx_word' id='word_1_126' title='bbox 961 1596 1018 1657; x_wconf 92' lang='lat' dir='ltr'>boe</span> <span class='ocrx_word' id='word_1_127' title='bbox 1034 1599 1110 1658; x_wconf 90' lang='lat' dir='ltr'>toria</span> <span class='ocrx_word' id='word_1_128' title='bbox 1125 1596 1183 1658; x_wconf 92' lang='lat' dir='ltr'>hoe</span> <span class='ocrx_word' id='word_1_129' title='bbox 1198 1597 1311 1659; x_wconf 85' lang='lat' dir='ltr'>Pascha</span> <span class='ocrx_word' id='word_1_130' title='bbox 1327 1597 1385 1658; x_wconf 91' lang='lat' dir='ltr'>hoe</span> <span class='ocrx_word' id='word_1_131' title='bbox 1402 1614 1517 1659; x_wconf 88' lang='lat' dir='ltr'>manna.</span> 
     </span>
     <span class='ocr_line' id='line_1_14' title="bbox 223 1697 1517 1778; baseline 0 -17"><span class='ocrx_word' id='word_1_132' title='bbox 223 1700 386 1761; x_wconf 88' lang='lat' dir='ltr'>Commune</span> <span class='ocrx_word' id='word_1_133' title='bbox 420 1698 546 1761; x_wconf 88' lang='lat' dir='ltr'>duorum</span> <span class='ocrx_word' id='word_1_134' title='bbox 574 1716 732 1778; x_wconf 81' lang='lat' dir='ltr'>generum,</span> <span class='ocrx_word' id='word_1_135' title='bbox 768 1707 800 1760; x_wconf 90' lang='lat' dir='ltr'>ut</span> <span class='ocrx_word' id='word_1_136' title='bbox 833 1699 884 1760; x_wconf 92' lang='lat' dir='ltr'>bic</span> <span class='ocrx_word' id='word_1_137' title='bbox 917 1697 1046 1760; x_wconf 90' lang='lat' dir='ltr'>ethaeo</span> <span class='ocrx_word' id='word_1_138' title='bbox 1076 1700 1203 1760; x_wconf 85' lang='lat' dir='ltr'>conuiua</span> <span class='ocrx_word' id='word_1_139' title='bbox 1239 1698 1328 1760; x_wconf 87' lang='lat' dir='ltr'>huius</span> <span class='ocrx_word' id='word_1_140' title='bbox 1362 1701 1517 1761; x_wconf 87' lang='lat' dir='ltr'>conuiuae.</span> 
     </span>
     <span class='ocr_line' id='line_1_15' title="bbox 220 1799 1516 1880; baseline -0.002 -17"><span class='ocrx_word' id='word_1_141' title='bbox 220 1803 383 1863; x_wconf 84' lang='lat' dir='ltr'>Commune</span> <span class='ocrx_word' id='word_1_142' title='bbox 412 1803 501 1863; x_wconf 91' lang='lat' dir='ltr'>trium</span> <span class='ocrx_word' id='word_1_143' title='bbox 523 1819 681 1880; x_wconf 76' lang='lat' dir='ltr'>generum,</span> <span class='ocrx_word' id='word_1_144' title='bbox 711 1809 744 1862; x_wconf 90' lang='lat' dir='ltr'>ut</span> <span class='ocrx_word' id='word_1_145' title='bbox 765 1801 815 1861; x_wconf 89' lang='lat' dir='ltr'>hic</span> <span class='ocrx_word' id='word_1_146' title='bbox 837 1799 962 1862; x_wconf 90' lang='lat' dir='ltr'>ethaeo</span> <span class='ocrx_word' id='word_1_147' title='bbox 990 1800 1098 1862; x_wconf 89' lang='lat' dir='ltr'>etheo</span> <span class='ocrx_word' id='word_1_148' title='bbox 1120 1800 1234 1861; x_wconf 90' lang='lat' dir='ltr'>aduena</span> <span class='ocrx_word' id='word_1_149' title='bbox 1263 1801 1353 1863; x_wconf 91' lang='lat' dir='ltr'>buius</span> <span class='ocrx_word' id='word_1_150' title='bbox 1375 1800 1516 1863; x_wconf 86' lang='lat' dir='ltr'>aduenae.</span> 
     </span>
     <span class='ocr_line' id='line_1_16' title="bbox 221 1899 1548 1982; baseline 0 -18"><span class='ocrx_word' id='word_1_151' title='bbox 221 1904 440 1976; x_wconf 78' lang='lat' dir='ltr'>l&#39;romiscunm,</span> <span class='ocrx_word' id='word_1_152' title='bbox 471 1914 502 1964; x_wconf 90' lang='grc' dir='ltr'>ιιι</span> <span class='ocrx_word' id='word_1_153' title='bbox 525 1904 574 1964; x_wconf 92' lang='lat' dir='ltr'>hic</span> <span class='ocrx_word' id='word_1_154' title='bbox 604 1904 652 1964; x_wconf 92' lang='lat' dir='ltr'>uel</span> <span class='ocrx_word' id='word_1_155' title='bbox 674 1904 748 1964; x_wconf 89' lang='lat' dir='ltr'>haee</span> <span class='ocrx_word' id='word_1_156' title='bbox 778 1901 876 1980; x_wconf 85' lang='lat' dir='ltr'>aquila</span> <span class='ocrx_word' id='word_1_157' title='bbox 905 1902 992 1964; x_wconf 92' lang='lat' dir='ltr'>huius</span> <span class='ocrx_word' id='word_1_158' title='bbox 1019 1899 1144 1982; x_wconf 84' lang='lat' dir='ltr'>aquilae.</span> <span class='ocrx_word' id='word_1_159' title='bbox 1190 1903 1314 1981; x_wconf 83' lang='lat' dir='ltr'>Propria</span> <span class='ocrx_word' id='word_1_160' title='bbox 1343 1902 1516 1974; x_wconf 84' lang='lat' dir='ltr'>masculina,</span> <span class='ocrx_word' id='word_1_161' title='bbox 1528 1932 1548 1971; x_wconf 63' lang='grc' dir='ltr'>ιι</span> 
     </span>
     <span class='ocr_line' id='line_1_17' title="bbox 220 2002 1517 2087; baseline 0 -20"><span class='ocrx_word' id='word_1_162' title='bbox 220 2013 251 2067; x_wconf 92' lang='lat' dir='ltr'>ut</span> <span class='ocrx_word' id='word_1_163' title='bbox 272 2005 321 2066; x_wconf 93' lang='lat' dir='ltr'>hic</span> <span class='ocrx_word' id='word_1_164' title='bbox 342 2004 447 2085; x_wconf 76' lang='lat' dir='ltr'>Aquila</span> <span class='ocrx_word' id='word_1_165' title='bbox 466 2004 515 2065; x_wconf 92' lang='lat' dir='ltr'>hic</span> <span class='ocrx_word' id='word_1_166' title='bbox 529 2004 696 2066; x_wconf 78' lang='lat' dir='ltr'>Fenestella</span> <span class='ocrx_word' id='word_1_167' title='bbox 719 2004 768 2065; x_wconf 92' lang='lat' dir='ltr'>hic</span> <span class='ocrx_word' id='word_1_168' title='bbox 782 2006 921 2084; x_wconf 80' lang='lat' dir='ltr'>Agrippa.</span> <span class='ocrx_word' id='word_1_169' title='bbox 966 2005 1045 2066; x_wconf 80' lang='lat' dir='ltr'>Dixit</span> <span class='ocrx_word' id='word_1_170' title='bbox 1067 2012 1165 2065; x_wconf 92' lang='lat' dir='ltr'>antem</span> <span class='ocrx_word' id='word_1_171' title='bbox 1181 2002 1417 2073; x_wconf 85' lang='lat' dir='ltr'>Priscianus,</span> <span class='ocrx_word' id='word_1_172' title='bbox 1441 2004 1517 2087; x_wconf 85' lang='lat' dir='ltr'>quod</span> 
     </span>
     <span class='ocr_line' id='line_1_18' title="bbox 219 2105 1517 2187; baseline 0.002 -21"><span class='ocrx_word' id='word_1_173' title='bbox 219 2110 319 2168; x_wconf 89' lang='lat' dir='ltr'>omnia</span> <span class='ocrx_word' id='word_1_174' title='bbox 341 2110 459 2168; x_wconf 90' lang='lat' dir='ltr'>nomina</span> <span class='ocrx_word' id='word_1_175' title='bbox 483 2110 513 2167; x_wconf 92' lang='lat' dir='ltr'>in</span> <span class='ocrx_word' id='word_1_176' title='bbox 529 2126 545 2167; x_wconf 90' lang='lat' dir='ltr'>a</span> <span class='ocrx_word' id='word_1_177' title='bbox 562 2108 727 2169; x_wconf 87' lang='lat' dir='ltr'>desinentia</span> <span class='ocrx_word' id='word_1_178' title='bbox 750 2108 863 2187; x_wconf 77' lang='lat' dir='ltr'>primae</span> <span class='ocrx_word' id='word_1_179' title='bbox 879 2114 947 2167; x_wconf 89' lang='lat' dir='ltr'>sunt</span> <span class='ocrx_word' id='word_1_180' title='bbox 962 2105 1179 2167; x_wconf 89' lang='lat' dir='ltr'>declinationis.</span> <span class='ocrx_word' id='word_1_181' title='bbox 1217 2106 1275 2167; x_wconf 92' lang='lat' dir='ltr'>Sed</span> <span class='ocrx_word' id='word_1_182' title='bbox 1291 2113 1393 2167; x_wconf 91' lang='lat' dir='ltr'>tamen</span> <span class='ocrx_word' id='word_1_183' title='bbox 1415 2114 1517 2169; x_wconf 88' lang='lat' dir='ltr'>eontra</span> 
     </span>
     <span class='ocr_line' id='line_1_19' title="bbox 220 2206 1517 2288; baseline 0.002 -18"><span class='ocrx_word' id='word_1_184' title='bbox 220 2211 295 2270; x_wconf 86' lang='lat' dir='ltr'>lrane</span> <span class='ocrx_word' id='word_1_185' title='bbox 310 2207 443 2286; x_wconf 91' lang='lat' dir='ltr'>regulam</span> <span class='ocrx_word' id='word_1_186' title='bbox 454 2209 567 2288; x_wconf 86' lang='lat' dir='ltr'>primae</span> <span class='ocrx_word' id='word_1_187' title='bbox 582 2207 787 2270; x_wconf 88' lang='lat' dir='ltr'>declinationis</span> <span class='ocrx_word' id='word_1_188' title='bbox 803 2210 968 2270; x_wconf 87' lang='lat' dir='ltr'>contrariae</span> <span class='ocrx_word' id='word_1_189' title='bbox 980 2209 1169 2288; x_wconf 83' lang='lat' dir='ltr'>exceptiones</span> <span class='ocrx_word' id='word_1_190' title='bbox 1183 2206 1294 2270; x_wconf 89' lang='lat' dir='ltr'>multae</span> <span class='ocrx_word' id='word_1_191' title='bbox 1308 2210 1517 2273; x_wconf 85' lang='lat' dir='ltr'>inueniuntur.</span> 
     </span>
     <span class='ocr_line' id='line_1_20' title="bbox 219 2309 1516 2390; baseline 0 -19"><span class='ocrx_word' id='word_1_192' title='bbox 219 2311 297 2383; x_wconf 81' lang='lat' dir='ltr'>Quot</span> <span class='ocrx_word' id='word_1_193' title='bbox 319 2328 390 2388; x_wconf 89' lang='lat' dir='ltr'>ergo</span> <span class='ocrx_word' id='word_1_194' title='bbox 413 2311 615 2389; x_wconf 86' lang='lat' dir='ltr'>exceptiones,</span> <span class='ocrx_word' id='word_1_195' title='bbox 644 2310 701 2371; x_wconf 90' lang='lat' dir='ltr'>boc</span> <span class='ocrx_word' id='word_1_196' title='bbox 723 2318 768 2371; x_wconf 88' lang='lat' dir='ltr'>est</span> <span class='ocrx_word' id='word_1_197' title='bbox 790 2313 1015 2373; x_wconf 86' lang='lat' dir='ltr'>contrarietates</span> <span class='ocrx_word' id='word_1_198' title='bbox 1043 2310 1164 2389; x_wconf 88' lang='lat' dir='ltr'>regulae</span> <span class='ocrx_word' id='word_1_199' title='bbox 1186 2310 1277 2372; x_wconf 91' lang='lat' dir='ltr'>habet</span> <span class='ocrx_word' id='word_1_200' title='bbox 1306 2311 1405 2390; x_wconf 89' lang='lat' dir='ltr'>prima</span> <span class='ocrx_word' id='word_1_201' title='bbox 1428 2309 1516 2372; x_wconf 87' lang='lat' dir='ltr'>decli·</span> 
     </span>
     <span class='ocr_line' id='line_1_21' title="bbox 220 2412 1550 2491; baseline 0.006 -19"><span class='ocrx_word' id='word_1_202' title='bbox 220 2414 319 2473; x_wconf 79' lang='lat' dir='ltr'>natio?</span> <span class='ocrx_word' id='word_1_203' title='bbox 361 2412 425 2472; x_wconf 90' lang='lat' dir='ltr'>Hoc</span> <span class='ocrx_word' id='word_1_204' title='bbox 448 2419 493 2472; x_wconf 91' lang='lat' dir='ltr'>est</span> <span class='ocrx_word' id='word_1_205' title='bbox 515 2419 639 2490; x_wconf 90' lang='lat' dir='ltr'>septem.</span> <span class='ocrx_word' id='word_1_206' title='bbox 684 2413 766 2484; x_wconf 85' lang='lat' dir='ltr'>Quae</span> <span class='ocrx_word' id='word_1_207' title='bbox 788 2414 875 2475; x_wconf 80' lang='lat' dir='ltr'>sunt?</span> <span class='ocrx_word' id='word_1_208' title='bbox 918 2412 1018 2473; x_wconf 89' lang='lat' dir='ltr'>Prima</span> <span class='ocrx_word' id='word_1_209' title='bbox 1046 2415 1181 2491; x_wconf 83' lang='lat' dir='ltr'>exceptio</span> <span class='ocrx_word' id='word_1_210' title='bbox 1210 2421 1270 2481; x_wconf 89' lang='lat' dir='ltr'>est,</span> <span class='ocrx_word' id='word_1_211' title='bbox 1299 2412 1359 2474; x_wconf 89' lang='lat' dir='ltr'>hoc</span> <span class='ocrx_word' id='word_1_212' title='bbox 1377 2422 1428 2475; x_wconf 89' lang='lat' dir='ltr'>est</span> <span class='ocrx_word' id='word_1_213' title='bbox 1449 2430 1550 2481; x_wconf 81' lang='lat' dir='ltr'>eon-aa</span> 
     </span>
     <span class='ocr_line' id='line_1_22' title="bbox 219 2512 1517 2599; baseline 0.001 -25"><span class='ocrx_word' id='word_1_214' title='bbox 219 2515 374 2576; x_wconf 90' lang='lat' dir='ltr'>trarietas:</span> <span class='ocrx_word' id='word_1_215' title='bbox 398 2515 518 2575; x_wconf 88' lang='lat' dir='ltr'>nomina</span> <span class='ocrx_word' id='word_1_216' title='bbox 533 2523 638 2599; x_wconf 85' lang='lat' dir='ltr'>neutra</span> <span class='ocrx_word' id='word_1_217' title='bbox 653 2516 683 2576; x_wconf 94' lang='lat' dir='ltr'>in</span> <span class='ocrx_word' id='word_1_218' title='bbox 699 2533 714 2575; x_wconf 88' lang='lat' dir='ltr'>a</span> <span class='ocrx_word' id='word_1_219' title='bbox 731 2514 895 2576; x_wconf 87' lang='lat' dir='ltr'>desinentia</span> <span class='ocrx_word' id='word_1_220' title='bbox 912 2514 1024 2576; x_wconf 89' lang='lat' dir='ltr'>Graeca</span> <span class='ocrx_word' id='word_1_221' title='bbox 1045 2522 1115 2576; x_wconf 90' lang='lat' dir='ltr'>sunt</span> <span class='ocrx_word' id='word_1_222' title='bbox 1130 2523 1158 2574; x_wconf 89' lang='lat' dir='ltr'>et</span> <span class='ocrx_word' id='word_1_223' title='bbox 1174 2516 1279 2577; x_wconf 88' lang='lat' dir='ltr'>tertiae</span> <span class='ocrx_word' id='word_1_224' title='bbox 1295 2512 1517 2577; x_wconf 82' lang='lat' dir='ltr'>declinationis:</span> 
     </span>
     <span class='ocr_line' id='line_1_23' title="bbox 219 2616 1518 2696; baseline 0.003 -20"><span class='ocrx_word' id='word_1_225' title='bbox 219 2617 349 2695; x_wconf 89' lang='lat' dir='ltr'>genetiui</span> <span class='ocrx_word' id='word_1_226' title='bbox 366 2619 446 2676; x_wconf 91' lang='lat' dir='ltr'>enim</span> <span class='ocrx_word' id='word_1_227' title='bbox 464 2617 569 2677; x_wconf 89' lang='lat' dir='ltr'>Graeci</span> <span class='ocrx_word' id='word_1_228' title='bbox 591 2623 638 2677; x_wconf 92' lang='lat' dir='ltr'>tos</span> <span class='ocrx_word' id='word_1_229' title='bbox 659 2618 691 2678; x_wconf 95' lang='lat' dir='ltr'>in</span> <span class='ocrx_word' id='word_1_230' title='bbox 714 2617 751 2677; x_wconf 91' lang='lat' dir='ltr'>tis</span> <span class='ocrx_word' id='word_1_231' title='bbox 773 2625 954 2678; x_wconf 87' lang='lat' dir='ltr'>conuertunt</span> <span class='ocrx_word' id='word_1_232' title='bbox 975 2617 1051 2695; x_wconf 90' lang='lat' dir='ltr'>apud</span> <span class='ocrx_word' id='word_1_233' title='bbox 1075 2634 1138 2685; x_wconf 89' lang='lat' dir='ltr'>nos,</span> <span class='ocrx_word' id='word_1_234' title='bbox 1162 2623 1195 2677; x_wconf 93' lang='lat' dir='ltr'>ut</span> <span class='ocrx_word' id='word_1_235' title='bbox 1216 2616 1274 2677; x_wconf 90' lang='lat' dir='ltr'>boe</span> <span class='ocrx_word' id='word_1_236' title='bbox 1295 2634 1406 2696; x_wconf 90' lang='lat' dir='ltr'>poema</span> <span class='ocrx_word' id='word_1_237' title='bbox 1430 2616 1518 2680; x_wconf 81' lang='lat' dir='ltr'>laniat</span> 
     </span>
     <span class='ocr_line' id='line_1_24' title="bbox 218 2716 1516 2797; baseline 0.002 -18"><span class='ocrx_word' id='word_1_238' title='bbox 218 2719 375 2797; x_wconf 86' lang='lat' dir='ltr'>poematis,</span> <span class='ocrx_word' id='word_1_239' title='bbox 400 2717 458 2778; x_wconf 91' lang='lat' dir='ltr'>hoc</span> <span class='ocrx_word' id='word_1_240' title='bbox 480 2716 624 2778; x_wconf 88' lang='lat' dir='ltr'>emblema</span> <span class='ocrx_word' id='word_1_241' title='bbox 648 2717 735 2779; x_wconf 91' lang='lat' dir='ltr'>huius</span> <span class='ocrx_word' id='word_1_242' title='bbox 757 2720 953 2794; x_wconf 81' lang='lat' dir='ltr'>emblematis,</span> <span class='ocrx_word' id='word_1_243' title='bbox 983 2719 1041 2782; x_wconf 81' lang='lat' dir='ltr'>doe</span> <span class='ocrx_word' id='word_1_244' title='bbox 1063 2727 1197 2780; x_wconf 85' lang='lat' dir='ltr'>toreuma</span> <span class='ocrx_word' id='word_1_245' title='bbox 1218 2719 1308 2781; x_wconf 73' lang='lat' dir='ltr'>hariae</span> <span class='ocrx_word' id='word_1_246' title='bbox 1329 2721 1516 2781; x_wconf 75' lang='lat' dir='ltr'>toreumatis</span> 
     </span>
     <span class='ocr_line' id='line_1_25' title="bbox 218 2817 1518 2900; baseline 0.002 -19"><span class='ocrx_word' id='word_1_247' title='bbox 218 2820 290 2899; x_wconf 82' lang='lat' dir='ltr'>item</span> <span class='ocrx_word' id='word_1_248' title='bbox 308 2819 438 2882; x_wconf 89' lang='lat' dir='ltr'>secunda</span> <span class='ocrx_word' id='word_1_249' title='bbox 454 2821 569 2899; x_wconf 90' lang='lat' dir='ltr'>speeies</span> <span class='ocrx_word' id='word_1_250' title='bbox 585 2822 768 2899; x_wconf 85' lang='lat' dir='ltr'>exceptionis</span> <span class='ocrx_word' id='word_1_251' title='bbox 790 2829 848 2882; x_wconf 91' lang='lat' dir='ltr'>est:</span> <span class='ocrx_word' id='word_1_252' title='bbox 872 2823 986 2900; x_wconf 86' lang='lat' dir='ltr'>primae</span> <span class='ocrx_word' id='word_1_253' title='bbox 1009 2821 1214 2881; x_wconf 88' lang='lat' dir='ltr'>declinationis</span> <span class='ocrx_word' id='word_1_254' title='bbox 1237 2817 1381 2882; x_wconf 87' lang='lat' dir='ltr'>nonnulla</span> <span class='ocrx_word' id='word_1_255' title='bbox 1398 2822 1518 2884; x_wconf 88' lang='lat' dir='ltr'>nomina</span> 
     </span>
     <span class='ocr_line' id='line_1_26' title="bbox 218 2918 1550 3003; baseline 0.002 -22"><span class='ocrx_word' id='word_1_256' title='bbox 218 2922 337 2984; x_wconf 90' lang='lat' dir='ltr'>mobilia</span> <span class='ocrx_word' id='word_1_257' title='bbox 360 2924 391 2983; x_wconf 94' lang='lat' dir='ltr'>in</span> <span class='ocrx_word' id='word_1_258' title='bbox 414 2941 429 2981; x_wconf 91' lang='lat' dir='ltr'>a</span> <span class='ocrx_word' id='word_1_259' title='bbox 453 2921 618 2983; x_wconf 91' lang='lat' dir='ltr'>desinentia</span> <span class='ocrx_word' id='word_1_260' title='bbox 640 2919 652 3003; x_wconf 84' lang='grc' dir='ltr'>ΙΙ</span> <span class='ocrx_word' id='word_1_261' title='bbox 669 2922 687 2982; x_wconf 86' lang='grc'>1.</span> <span class='ocrx_word' id='word_1_262' title='bbox 705 2918 767 2982; x_wconf 71' lang='lat'>94¹1</span> <span class='ocrx_word' id='word_1_263' title='bbox 783 2919 795 3003; x_wconf 82' lang='grc' dir='ltr'>ΙΙ</span> <span class='ocrx_word' id='word_1_264' title='bbox 817 2923 987 3000; x_wconf 89' lang='lat' dir='ltr'>genetiunm</span> <span class='ocrx_word' id='word_1_265' title='bbox 1011 2929 1040 2983; x_wconf 93' lang='lat' dir='ltr'>et</span> <span class='ocrx_word' id='word_1_266' title='bbox 1062 2922 1193 2984; x_wconf 88' lang='lat' dir='ltr'>datiuum</span> <span class='ocrx_word' id='word_1_267' title='bbox 1214 2921 1340 2984; x_wconf 86' lang='lat' dir='ltr'>similem</span> <span class='ocrx_word' id='word_1_268' title='bbox 1364 2924 1550 3002; x_wconf 60' lang='lat' dir='ltr'>prenotari-e</span> 
     </span>
     <span class='ocr_line' id='line_1_27' title="bbox 218 3022 1517 3098; baseline 0.003 -15"><span class='ocrx_word' id='word_1_269' title='bbox 218 3023 306 3085; x_wconf 87' lang='lat' dir='ltr'>uibus</span> <span class='ocrx_word' id='word_1_270' title='bbox 327 3022 438 3085; x_wconf 88' lang='lat' dir='ltr'>habere</span> <span class='ocrx_word' id='word_1_271' title='bbox 459 3023 611 3093; x_wconf 87' lang='lat' dir='ltr'>uidentur,</span> <span class='ocrx_word' id='word_1_272' title='bbox 636 3035 668 3085; x_wconf 90' lang='lat' dir='ltr'>ut</span> <span class='ocrx_word' id='word_1_273' title='bbox 688 3042 744 3084; x_wconf 90' lang='lat' dir='ltr'>una</span> <span class='ocrx_word' id='word_1_274' title='bbox 769 3026 859 3085; x_wconf 88' lang='lat' dir='ltr'>unius</span> <span class='ocrx_word' id='word_1_275' title='bbox 880 3028 943 3098; x_wconf 83' lang='lat' dir='ltr'>uni,</span> <span class='ocrx_word' id='word_1_276' title='bbox 969 3023 1029 3085; x_wconf 92' lang='lat' dir='ltr'>sola</span> <span class='ocrx_word' id='word_1_277' title='bbox 1050 3023 1144 3085; x_wconf 91' lang='lat' dir='ltr'>solius</span> <span class='ocrx_word' id='word_1_278' title='bbox 1165 3026 1230 3086; x_wconf 84' lang='lat' dir='ltr'>soli.</span> <span class='ocrx_word' id='word_1_279' title='bbox 1273 3023 1305 3084; x_wconf 95' lang='lat' dir='ltr'>ln</span> <span class='ocrx_word' id='word_1_280' title='bbox 1330 3022 1398 3085; x_wconf 90' lang='lat' dir='ltr'>aliis</span> <span class='ocrx_word' id='word_1_281' title='bbox 1419 3033 1517 3087; x_wconf 85' lang='lat' dir='ltr'>autem</span> 
     </span>
     <span class='ocr_line' id='line_1_28' title="bbox 218 3124 1518 3205; baseline 0.002 -20"><span class='ocrx_word' id='word_1_282' title='bbox 218 3124 334 3186; x_wconf 89' lang='lat' dir='ltr'>casibus</span> <span class='ocrx_word' id='word_1_283' title='bbox 356 3127 398 3186; x_wconf 91' lang='lat' dir='ltr'>sic</span> <span class='ocrx_word' id='word_1_284' title='bbox 421 3134 499 3194; x_wconf 89' lang='lat' dir='ltr'>sunt,</span> <span class='ocrx_word' id='word_1_285' title='bbox 522 3126 599 3186; x_wconf 90' lang='lat' dir='ltr'>sieut</span> <span class='ocrx_word' id='word_1_286' title='bbox 621 3129 718 3186; x_wconf 90' lang='lat' dir='ltr'>omnia</span> <span class='ocrx_word' id='word_1_287' title='bbox 743 3128 860 3187; x_wconf 80' lang='lat' dir='ltr'>troanina</span> <span class='ocrx_word' id='word_1_288' title='bbox 884 3127 1024 3187; x_wconf 91' lang='lat' dir='ltr'>leminina</span> <span class='ocrx_word' id='word_1_289' title='bbox 1047 3128 1161 3205; x_wconf 87' lang='lat' dir='ltr'>primae</span> <span class='ocrx_word' id='word_1_290' title='bbox 1183 3124 1402 3187; x_wconf 86' lang='lat' dir='ltr'>declinationis.</span> <span class='ocrx_word' id='word_1_291' title='bbox 1448 3125 1518 3189; x_wconf 84' lang='lat' dir='ltr'>inde</span> 
     </span>
     <span class='ocr_line' id='line_1_29' title="bbox 217 3227 1516 3305; baseline 0.003 -18"><span class='ocrx_word' id='word_1_292' title='bbox 217 3227 1516 3305; x_wconf 83' lang='lat' dir='ltr'>Priscianusdicit:Excipiunturnouomnominamohilia,ntunaalla</span> 
     </span>
     <span class='ocr_line' id='line_1_30' title="bbox 218 3326 1516 3410; baseline 0.002 -20"><span class='ocrx_word' id='word_1_293' title='bbox 218 3326 318 3390; x_wconf 90' lang='lat' dir='ltr'>nulla</span> <span class='ocrx_word' id='word_1_294' title='bbox 340 3332 421 3391; x_wconf 86' lang='lat' dir='ltr'>sola</span> <span class='ocrx_word' id='word_1_295' title='bbox 444 3335 524 3390; x_wconf 90' lang='lat' dir='ltr'>tota</span> <span class='ocrx_word' id='word_1_296' title='bbox 547 3327 619 3390; x_wconf 89' lang='lat' dir='ltr'>alia</span> <span class='ocrx_word' id='word_1_297' title='bbox 642 3338 724 3390; x_wconf 93' lang='lat' dir='ltr'>utra</span> <span class='ocrx_word' id='word_1_298' title='bbox 748 3336 880 3391; x_wconf 88' lang='lat' dir='ltr'>neutra</span> <span class='ocrx_word' id='word_1_299' title='bbox 903 3330 1036 3406; x_wconf 87' lang='lat' dir='ltr'>altera,</span> <span class='ocrx_word' id='word_1_300' title='bbox 1060 3330 1434 3410; x_wconf 87' lang='lat' dir='ltr'>quaepronominnm</span> <span class='ocrx_word' id='word_1_301' title='bbox 1456 3331 1516 3393; x_wconf 90' lang='lat' dir='ltr'>de·</span> 
     </span>
     <span class='ocr_line' id='line_1_31' title="bbox 217 3429 1550 3515; baseline 0.002 -24"><span class='ocrx_word' id='word_1_302' title='bbox 217 3430 462 3492; x_wconf 86' lang='lat' dir='ltr'>clinationem</span> <span class='ocrx_word' id='word_1_303' title='bbox 485 3429 625 3515; x_wconf 86' lang='lat' dir='ltr'>hahent</span> <span class='ocrx_word' id='word_1_304' title='bbox 646 3433 684 3491; x_wconf 92' lang='lat' dir='ltr'>in</span> <span class='ocrx_word' id='word_1_305' title='bbox 708 3433 764 3493; x_wconf 92' lang='lat' dir='ltr'>ius</span> <span class='ocrx_word' id='word_1_306' title='bbox 788 3434 1067 3493; x_wconf 91' lang='lat' dir='ltr'>terminantium</span> <span class='ocrx_word' id='word_1_307' title='bbox 1084 3435 1310 3510; x_wconf 81' lang='lat' dir='ltr'>genetiunm,</span> <span class='ocrx_word' id='word_1_308' title='bbox 1328 3432 1550 3510; x_wconf 60' lang='lat' dir='ltr'>quomodo„</span> 
     </span>
     <span class='ocr_line' id='line_1_32' title="bbox 217 3518 1515 3616; baseline 0.003 -23"><span class='ocrx_word' id='word_1_309' title='bbox 217 3551 256 3593; x_wconf 88' lang='lat' dir='ltr'>ea</span> <span class='ocrx_word' id='word_1_310' title='bbox 280 3550 371 3610; x_wconf 84' lang='lat' dir='ltr'>qnae</span> <span class='ocrx_word' id='word_1_311' title='bbox 395 3534 590 3612; x_wconf 88' lang='lat' dir='ltr'>conposita</span> <span class='ocrx_word' id='word_1_312' title='bbox 613 3545 711 3594; x_wconf 90' lang='lat' dir='ltr'>sunt:</span> <span class='ocrx_word' id='word_1_313' title='bbox 735 3532 1052 3612; x_wconf 85' lang='lat' dir='ltr'>aliquaalicnius,</span> <span class='ocrx_word' id='word_1_314' title='bbox 1078 3518 1515 3616; x_wconf 48' lang='lat' dir='ltr'>nequaneeuiusssiqua</span> 
     </span>
     <span class='ocr_line' id='line_1_33' title="bbox 216 3634 1517 3717; baseline 0.003 -24"><span class='ocrx_word' id='word_1_315' title='bbox 216 3636 370 3694; x_wconf 79' lang='lat' dir='ltr'>aienius.</span> <span class='ocrx_word' id='word_1_316' title='bbox 394 3635 474 3695; x_wconf 88' lang='lat' dir='ltr'>llaec</span> <span class='ocrx_word' id='word_1_317' title='bbox 490 3643 588 3696; x_wconf 89' lang='lat' dir='ltr'>autem</span> <span class='ocrx_word' id='word_1_318' title='bbox 604 3637 779 3715; x_wconf 90' lang='lat' dir='ltr'>pronomina</span> <span class='ocrx_word' id='word_1_319' title='bbox 804 3638 945 3697; x_wconf 81' lang='lat' dir='ltr'>feminina</span> <span class='ocrx_word' id='word_1_320' title='bbox 968 3639 1083 3716; x_wconf 90' lang='lat' dir='ltr'>primae</span> <span class='ocrx_word' id='word_1_321' title='bbox 1106 3634 1313 3697; x_wconf 91' lang='lat' dir='ltr'>declinationis</span> <span class='ocrx_word' id='word_1_322' title='bbox 1334 3645 1424 3698; x_wconf 91' lang='lat' dir='ltr'>erant</span> <span class='ocrx_word' id='word_1_323' title='bbox 1446 3645 1517 3717; x_wconf 88' lang='lat' dir='ltr'>apat</span> 
     </span>
     <span class='ocr_line' id='line_1_34' title="bbox 217 3734 1515 3809; baseline 0.003 -13"><span class='ocrx_word' id='word_1_324' title='bbox 217 3742 345 3796; x_wconf 87' lang='lat' dir='ltr'>ueteres.</span> <span class='ocrx_word' id='word_1_325' title='bbox 370 3734 777 3798; x_wconf 88' lang='lat' dir='ltr'>lndePriscianusdicit:</span> <span class='ocrx_word' id='word_1_326' title='bbox 796 3738 869 3799; x_wconf 90' lang='lat' dir='ltr'>Non</span> <span class='ocrx_word' id='word_1_327' title='bbox 886 3737 1006 3799; x_wconf 89' lang='lat' dir='ltr'>solum</span> <span class='ocrx_word' id='word_1_328' title='bbox 1023 3756 1090 3799; x_wconf 83' lang='lat' dir='ltr'>arna</span> <span class='ocrx_word' id='word_1_329' title='bbox 1107 3739 1307 3809; x_wconf 89' lang='lat' dir='ltr'>uniusuni,</span> <span class='ocrx_word' id='word_1_330' title='bbox 1324 3738 1515 3801; x_wconf 88' lang='lat' dir='ltr'>sedetiam</span> 
     </span>
    </p>
   </div>
   <div class='ocr_carea' id='block_1_3' title="bbox 215 3874 443 3883">
    <p class='ocr_par' dir='ltr' id='par_1_3' title="bbox 215 3874 443 3883">
     <span class='ocr_line' id='line_1_35' title="bbox 215 3874 443 3883; baseline -0.009 0"><span class='ocrx_word' id='word_1_331' title='bbox 215 3874 443 3883; x_wconf 74' lang='lat'><strong>———-—-</strong></span> 
     </span>
    </p>
   </div>
   <div class='ocr_carea' id='block_1_4' title="bbox 213 3957 1517 4840">
    <p class='ocr_par' dir='ltr' id='par_1_4' title="bbox 213 3957 1517 4840">
     <span class='ocr_line' id='line_1_36' title="bbox 285 3957 1517 4025; baseline 0.005 -20"><span class='ocrx_word' id='word_1_332' title='bbox 285 3960 296 4005; x_wconf 93' lang='grc'><strong>1</strong></span> <span class='ocrx_word' id='word_1_333' title='bbox 317 3957 482 4023; x_wconf 82' lang='lat' dir='ltr'>edyptongon</span> <span class='ocrx_word' id='word_1_334' title='bbox 552 3959 628 4024; x_wconf 80' lang='lat' dir='ltr'>pheta</span> <span class='ocrx_word' id='word_1_335' title='bbox 645 3970 672 4009; x_wconf 83' lang='lat' dir='ltr'>et</span> <span class='ocrx_word' id='word_1_336' title='bbox 687 3959 746 4008; x_wconf 92' lang='lat' dir='ltr'>hnic</span> <span class='ocrx_word' id='word_1_337' title='bbox 763 3957 851 4024; x_wconf 80' lang='lat' dir='ltr'>p⁰hete</span> <span class='ocrx_word' id='word_1_338' title='bbox 869 3968 893 4008; x_wconf 92' lang='lat' dir='ltr'>et</span> <span class='ocrx_word' id='word_1_339' title='bbox 910 3958 945 4008; x_wconf 88' lang='lat' dir='ltr'>hii</span> <span class='ocrx_word' id='word_1_340' title='bbox 964 3957 1056 4023; x_wconf 87' lang='lat' dir='ltr'>pohete</span> <span class='ocrx_word' id='word_1_341' title='bbox 1074 3970 1099 4008; x_wconf 89' lang='lat' dir='ltr'>et</span> <span class='ocrx_word' id='word_1_342' title='bbox 1116 3974 1131 4008; x_wconf 96' lang='lat' dir='ltr'>o</span> <span class='ocrx_word' id='word_1_343' title='bbox 1150 3959 1244 4024; x_wconf 89' lang='lat' dir='ltr'>pohete</span> <span class='ocrx_word' id='word_1_344' title='bbox 1312 3960 1328 4010; x_wconf 87' lang='lat'><em>8</em></span> <span class='ocrx_word' id='word_1_345' title='bbox 1348 3957 1459 4025; x_wconf 83' lang='lat' dir='ltr'>poheta,</span> <span class='ocrx_word' id='word_1_346' title='bbox 1481 3960 1517 4011; x_wconf 77' lang='lat' dir='ltr'>ale</span> 
     </span>
     <span class='ocr_line' id='line_1_37' title="bbox 213 4024 1515 4089; baseline 0.004 -16"><span class='ocrx_word' id='word_1_347' title='bbox 213 4041 315 4089; x_wconf 79' lang='lat' dir='ltr'>seraper</span> <span class='ocrx_word' id='word_1_348' title='bbox 366 4024 459 4087; x_wconf 81' lang='lat' dir='ltr'>pohete</span> <span class='ocrx_word' id='word_1_349' title='bbox 527 4027 584 4075; x_wconf 86' lang='lat' dir='ltr'>enin</span> <span class='ocrx_word' id='word_1_350' title='bbox 602 4038 627 4076; x_wconf 87' lang='lat' dir='ltr'>et</span> <span class='ocrx_word' id='word_1_351' title='bbox 645 4042 659 4076; x_wconf 94' lang='lat' dir='ltr'>o</span> <span class='ocrx_word' id='word_1_352' title='bbox 678 4029 748 4076; x_wconf 89' lang='lat' dir='ltr'>enias</span> <span class='ocrx_word' id='word_1_353' title='bbox 834 4028 891 4076; x_wconf 80' lang='lat' dir='ltr'>bin</span> <span class='ocrx_word' id='word_1_354' title='bbox 912 4027 1000 4076; x_wconf 86' lang='lat' dir='ltr'>harnm</span> <span class='ocrx_word' id='word_1_355' title='bbox 1074 4028 1132 4076; x_wconf 79' lang='lat' dir='ltr'>bin</span> <span class='ocrx_word' id='word_1_356' title='bbox 1152 4027 1191 4076; x_wconf 88' lang='lat' dir='ltr'>his</span> <span class='ocrx_word' id='word_1_357' title='bbox 1260 4026 1436 4079; x_wconf 69' lang='lat' dir='ltr'>&#39;iterurinati</span> <span class='ocrx_word' id='word_1_358' title='bbox 1499 4028 1515 4078; x_wconf 82' lang='lat'><em>8</em></span> 
     </span>
     <span class='ocr_line' id='line_1_38' title="bbox 215 4090 1515 4160; baseline 0.003 -19"><span class='ocrx_word' id='word_1_359' title='bbox 215 4090 374 4157; x_wconf 76' lang='lat' dir='ltr'>Priscianus]</span> <span class='ocrx_word' id='word_1_360' title='bbox 394 4097 444 4146; x_wconf 74' lang='lat' dir='ltr'>tl.</span> <span class='ocrx_word' id='word_1_361' title='bbox 464 4111 490 4156; x_wconf 84' lang='lat' dir='ltr'>p.</span> <span class='ocrx_word' id='word_1_362' title='bbox 511 4096 573 4157; x_wconf 72' lang='grc'><strong>113,</strong></span> <span class='ocrx_word' id='word_1_363' title='bbox 595 4099 626 4143; x_wconf 89' lang='grc'>12</span> <span class='ocrx_word' id='word_1_364' title='bbox 683 4111 728 4144; x_wconf 89' lang='lat' dir='ltr'>sen</span> <span class='ocrx_word' id='word_1_365' title='bbox 747 4096 842 4145; x_wconf 82' lang='lat' dir='ltr'>Graeca</span> <span class='ocrx_word' id='word_1_366' title='bbox 861 4105 918 4143; x_wconf 87' lang='lat' dir='ltr'>sum</span> <span class='ocrx_word' id='word_1_367' title='bbox 938 4111 984 4148; x_wconf 85' lang='lat' dir='ltr'>orn.</span> <span class='ocrx_word' id='word_1_368' title='bbox 1030 4097 1177 4147; x_wconf 77' lang='lat' dir='ltr'>,sintcod</span> <span class='ocrx_word' id='word_1_369' title='bbox 1198 4095 1278 4149; x_wconf 77' lang='lat' dir='ltr'>Bere,</span> <span class='ocrx_word' id='word_1_370' title='bbox 1298 4098 1353 4146; x_wconf 82' lang='grc'>132</span> <span class='ocrx_word' id='word_1_371' title='bbox 1426 4098 1515 4160; x_wconf 72' lang='lat' dir='ltr'>loeg-</span> 
     </span>
     <span class='ocr_line' id='line_1_39' title="bbox 215 4160 1516 4228; baseline 0.003 -19"><span class='ocrx_word' id='word_1_372' title='bbox 215 4160 321 4209; x_wconf 85' lang='lat' dir='ltr'>tharlsta</span> <span class='ocrx_word' id='word_1_373' title='bbox 372 4161 525 4224; x_wconf 69' lang='lat' dir='ltr'>agellaristae</span> <span class='ocrx_word' id='word_1_374' title='bbox 577 4163 659 4212; x_wconf 85' lang='lat' dir='ltr'>scribe</span> <span class='ocrx_word' id='word_1_375' title='bbox 716 4166 745 4213; x_wconf 88' lang='lat'>11</span> <span class='ocrx_word' id='word_1_376' title='bbox 765 4163 874 4228; x_wconf 77' lang='lat' dir='ltr'>caliopia</span> <span class='ocrx_word' id='word_1_377' title='bbox 926 4163 1033 4227; x_wconf 85' lang='lat' dir='ltr'>caliopie</span> <span class='ocrx_word' id='word_1_378' title='bbox 1103 4165 1134 4212; x_wconf 81' lang='lat' dir='ltr'>ta</span> <span class='ocrx_word' id='word_1_379' title='bbox 1153 4163 1201 4212; x_wconf 93' lang='lat' dir='ltr'>hoe</span> <span class='ocrx_word' id='word_1_380' title='bbox 1219 4163 1301 4212; x_wconf 91' lang='lat' dir='ltr'>hilirie</span> <span class='ocrx_word' id='word_1_381' title='bbox 1319 4163 1398 4213; x_wconf 84' lang='lat' dir='ltr'>lanius</span> <span class='ocrx_word' id='word_1_382' title='bbox 1417 4163 1516 4214; x_wconf 85' lang='lat' dir='ltr'>lailiriae</span> 
     </span>
     <span class='ocr_line' id='line_1_40' title="bbox 215 4226 1515 4296; baseline 0.005 -18"><span class='ocrx_word' id='word_1_383' title='bbox 215 4231 251 4278; x_wconf 90' lang='lat' dir='ltr'>sie</span> <span class='ocrx_word' id='word_1_384' title='bbox 271 4226 373 4277; x_wconf 81' lang='lat' dir='ltr'>historia</span> <span class='ocrx_word' id='word_1_385' title='bbox 392 4229 441 4278; x_wconf 90' lang='lat' dir='ltr'>hoc</span> <span class='ocrx_word' id='word_1_386' title='bbox 459 4227 552 4294; x_wconf 69' lang='lat' dir='ltr'>pesclu</span> <span class='ocrx_word' id='word_1_387' title='bbox 570 4230 620 4280; x_wconf 91' lang='lat' dir='ltr'>hoe</span> <span class='ocrx_word' id='word_1_388' title='bbox 638 4229 725 4296; x_wconf 80' lang='lat' dir='ltr'>rnrnm]</span> <span class='ocrx_word' id='word_1_389' title='bbox 745 4231 823 4292; x_wconf 80' lang='lat' dir='ltr'>Infra</span> <span class='ocrx_word' id='word_1_390' title='bbox 839 4238 899 4296; x_wconf 82' lang='lat' dir='ltr'>post</span> <span class='ocrx_word' id='word_1_391' title='bbox 917 4231 1050 4296; x_wconf 86' lang='lat' dir='ltr'>‘paschae&#39;</span> <span class='ocrx_word' id='word_1_392' title='bbox 1069 4232 1261 4282; x_wconf 82' lang='lat' dir='ltr'>declinationem</span> <span class='ocrx_word' id='word_1_393' title='bbox 1277 4248 1306 4296; x_wconf 84' lang='lat' dir='ltr'>p.</span> <span class='ocrx_word' id='word_1_394' title='bbox 1326 4233 1373 4293; x_wconf 79' lang='grc'>96,</span> <span class='ocrx_word' id='word_1_395' title='bbox 1394 4236 1409 4280; x_wconf 86' lang='grc'><strong>1</strong></span> <span class='ocrx_word' id='word_1_396' title='bbox 1427 4234 1515 4284; x_wconf 70' lang='lat' dir='ltr'>eaden</span> 
     </span>
     <span class='ocr_line' id='line_1_41' title="bbox 214 4296 1516 4367; baseline 0.002 -20"><span class='ocrx_word' id='word_1_397' title='bbox 214 4296 336 4347; x_wconf 81' lang='lat' dir='ltr'>uocabula</span> <span class='ocrx_word' id='word_1_398' title='bbox 354 4304 533 4346; x_wconf 83' lang='lat' dir='ltr'>enanreraatur</span> <span class='ocrx_word' id='word_1_399' title='bbox 550 4300 601 4348; x_wconf 82' lang='lat' dir='ltr'>ite:</span> <span class='ocrx_word' id='word_1_400' title='bbox 619 4298 669 4348; x_wconf 89' lang='lat' dir='ltr'>hoe</span> <span class='ocrx_word' id='word_1_401' title='bbox 687 4315 779 4348; x_wconf 82' lang='lat' dir='ltr'>rraarrna</span> <span class='ocrx_word' id='word_1_402' title='bbox 798 4298 846 4348; x_wconf 88' lang='lat' dir='ltr'>hoe</span> <span class='ocrx_word' id='word_1_403' title='bbox 864 4299 936 4347; x_wconf 79' lang='lat' dir='ltr'>ilaria</span> <span class='ocrx_word' id='word_1_404' title='bbox 954 4300 1002 4348; x_wconf 90' lang='lat' dir='ltr'>hoe</span> <span class='ocrx_word' id='word_1_405' title='bbox 1021 4301 1093 4348; x_wconf 88' lang='lat' dir='ltr'>toria.</span> <span class='ocrx_word' id='word_1_406' title='bbox 1164 4302 1195 4350; x_wconf 89' lang='grc'>13</span> <span class='ocrx_word' id='word_1_407' title='bbox 1212 4299 1289 4349; x_wconf 76' lang='lat' dir='ltr'>holus</span> <span class='ocrx_word' id='word_1_408' title='bbox 1307 4301 1432 4367; x_wconf 58' lang='lat' dir='ltr'>conuiuia</span> <span class='ocrx_word' id='word_1_409' title='bbox 1485 4302 1516 4350; x_wconf 75' lang='lat'>18</span> 
     </span>
     <span class='ocr_line' id='line_1_42' title="bbox 215 4363 1516 4430; baseline 0.005 -18"><span class='ocrx_word' id='word_1_410' title='bbox 215 4363 371 4430; x_wconf 76' lang='lat' dir='ltr'>l&#39;riseinraus]</span> <span class='ocrx_word' id='word_1_411' title='bbox 391 4367 407 4415; x_wconf 88' lang='lat' dir='ltr'>l.</span> <span class='ocrx_word' id='word_1_412' title='bbox 421 4368 436 4418; x_wconf 91' lang='lat' dir='ltr'>l.</span> <span class='ocrx_word' id='word_1_413' title='bbox 454 4383 481 4429; x_wconf 85' lang='lat' dir='ltr'>p.</span> <span class='ocrx_word' id='word_1_414' title='bbox 495 4369 557 4429; x_wconf 65' lang='lat'>1113,</span> <span class='ocrx_word' id='word_1_415' title='bbox 571 4370 602 4416; x_wconf 85' lang='grc'>12</span> <span class='ocrx_word' id='word_1_416' title='bbox 673 4369 703 4418; x_wconf 78' lang='lat'>17</span> <span class='ocrx_word' id='word_1_417' title='bbox 722 4367 905 4417; x_wconf 79' lang='lat' dir='ltr'>indesinentia</span> <span class='ocrx_word' id='word_1_418' title='bbox 957 4366 1137 4416; x_wconf 85' lang='lat' dir='ltr'>declinationes</span> <span class='ocrx_word' id='word_1_419' title='bbox 1207 4369 1238 4419; x_wconf 88' lang='lat'>18</span> <span class='ocrx_word' id='word_1_420' title='bbox 1256 4368 1385 4418; x_wconf 84' lang='lat' dir='ltr'>contrarie</span> <span class='ocrx_word' id='word_1_421' title='bbox 1437 4368 1516 4418; x_wconf 79' lang='lat' dir='ltr'>mata</span> 
     </span>
     <span class='ocr_line' id='line_1_43' title="bbox 216 4433 1515 4498; baseline 0.005 -16"><span class='ocrx_word' id='word_1_422' title='bbox 216 4437 246 4483; x_wconf 83' lang='grc'>19</span> <span class='ocrx_word' id='word_1_423' title='bbox 264 4433 325 4494; x_wconf 78' lang='lat' dir='ltr'>qaaid</span> <span class='ocrx_word' id='word_1_424' title='bbox 372 4433 459 4498; x_wconf 84' lang='lat' dir='ltr'>regule</span> <span class='ocrx_word' id='word_1_425' title='bbox 511 4436 541 4482; x_wconf 85' lang='grc'>21</span> <span class='ocrx_word' id='word_1_426' title='bbox 563 4435 666 4485; x_wconf 76' lang='lat' dir='ltr'>tremine</span> <span class='ocrx_word' id='word_1_427' title='bbox 684 4451 759 4498; x_wconf 85' lang='lat' dir='ltr'>greca</span> <span class='ocrx_word' id='word_1_428' title='bbox 777 4436 801 4483; x_wconf 90' lang='lat' dir='ltr'>in</span> <span class='ocrx_word' id='word_1_429' title='bbox 822 4447 876 4483; x_wconf 87' lang='lat' dir='ltr'>utra</span> <span class='ocrx_word' id='word_1_430' title='bbox 945 4437 978 4485; x_wconf 86' lang='grc'>23</span> <span class='ocrx_word' id='word_1_431' title='bbox 996 4435 1153 4485; x_wconf 82' lang='lat' dir='ltr'>emblematis</span> <span class='ocrx_word' id='word_1_432' title='bbox 1170 4434 1219 4483; x_wconf 84' lang='lat' dir='ltr'>lane</span> <span class='ocrx_word' id='word_1_433' title='bbox 1237 4446 1352 4485; x_wconf 86' lang='lat' dir='ltr'>toreuma</span> <span class='ocrx_word' id='word_1_434' title='bbox 1370 4436 1451 4487; x_wconf 81' lang='lat' dir='ltr'>hrains</span> <span class='ocrx_word' id='word_1_435' title='bbox 1468 4453 1515 4489; x_wconf 70' lang='lat' dir='ltr'>on.</span> 
     </span>
     <span class='ocr_line' id='line_1_44' title="bbox 247 4500 1515 4569; baseline 0.006 -19"><span class='ocrx_word' id='word_1_436' title='bbox 247 4502 385 4550; x_wconf 83' lang='lat' dir='ltr'>ton‘omatia</span> <span class='ocrx_word' id='word_1_437' title='bbox 438 4503 470 4551; x_wconf 81' lang='grc'>24</span> <span class='ocrx_word' id='word_1_438' title='bbox 489 4501 621 4567; x_wconf 86' lang='lat' dir='ltr'>nonmrlla]</span> <span class='ocrx_word' id='word_1_439' title='bbox 641 4503 683 4551; x_wconf 91' lang='lat' dir='ltr'>illa</span> <span class='ocrx_word' id='word_1_440' title='bbox 736 4505 768 4552; x_wconf 86' lang='grc'>26</span> <span class='ocrx_word' id='word_1_441' title='bbox 787 4505 829 4551; x_wconf 91' lang='lat' dir='ltr'>uni</span> <span class='ocrx_word' id='word_1_442' title='bbox 848 4510 873 4552; x_wconf 89' lang='lat' dir='ltr'>et</span> <span class='ocrx_word' id='word_1_443' title='bbox 891 4503 938 4553; x_wconf 88' lang='lat' dir='ltr'>soli</span> <span class='ocrx_word' id='word_1_444' title='bbox 956 4505 1047 4553; x_wconf 82' lang='lat' dir='ltr'>addidi</span> <span class='ocrx_word' id='word_1_445' title='bbox 1114 4504 1147 4552; x_wconf 85' lang='grc'>28</span> <span class='ocrx_word' id='word_1_446' title='bbox 1166 4500 1323 4568; x_wconf 78' lang='lat' dir='ltr'>Priscianus]</span> <span class='ocrx_word' id='word_1_447' title='bbox 1344 4505 1392 4556; x_wconf 83' lang='lat' dir='ltr'>tt.</span> <span class='ocrx_word' id='word_1_448' title='bbox 1409 4508 1515 4569; x_wconf 60' lang='lat' dir='ltr'>pm,</span> 
     </span>
     <span class='ocr_line' id='line_1_45' title="bbox 215 4567 1516 4635; baseline 0.005 -17"><span class='ocrx_word' id='word_1_449' title='bbox 215 4572 246 4618; x_wconf 79' lang='grc'>16</span> <span class='ocrx_word' id='word_1_450' title='bbox 297 4571 458 4634; x_wconf 82' lang='lat' dir='ltr'>excipiantur</span> <span class='ocrx_word' id='word_1_451' title='bbox 477 4570 536 4620; x_wconf 82' lang='lat' dir='ltr'>noin</span> <span class='ocrx_word' id='word_1_452' title='bbox 558 4572 661 4620; x_wconf 87' lang='lat' dir='ltr'>nomina</span> <span class='ocrx_word' id='word_1_453' title='bbox 684 4567 800 4635; x_wconf 89' lang='lat' dir='ltr'>mobilia]</span> <span class='ocrx_word' id='word_1_454' title='bbox 829 4572 915 4622; x_wconf 85' lang='lat' dir='ltr'>Verba</span> <span class='ocrx_word' id='word_1_455' title='bbox 938 4586 1026 4621; x_wconf 83' lang='lat' dir='ltr'>raonem</span> <span class='ocrx_word' id='word_1_456' title='bbox 1052 4573 1154 4620; x_wconf 85' lang='lat' dir='ltr'>nomina</span> <span class='ocrx_word' id='word_1_457' title='bbox 1177 4571 1280 4621; x_wconf 86' lang='lat' dir='ltr'>mobilia</span> <span class='ocrx_word' id='word_1_458' title='bbox 1303 4578 1328 4621; x_wconf 82' lang='lat' dir='ltr'>et</span> <span class='ocrx_word' id='word_1_459' title='bbox 1350 4576 1447 4623; x_wconf 85' lang='lat' dir='ltr'>neutra</span> <span class='ocrx_word' id='word_1_460' title='bbox 1469 4589 1516 4624; x_wconf 76' lang='lat' dir='ltr'>aaa</span> 
     </span>
     <span class='ocr_line' id='line_1_46' title="bbox 214 4637 1516 4704; baseline 0.004 -19"><span class='ocrx_word' id='word_1_461' title='bbox 214 4637 328 4686; x_wconf 76' lang='lat' dir='ltr'>licitiae:</span> <span class='ocrx_word' id='word_1_462' title='bbox 346 4639 439 4687; x_wconf 84' lang='lat' dir='ltr'>adeant</span> <span class='ocrx_word' id='word_1_463' title='bbox 456 4640 481 4688; x_wconf 84' lang='lat' dir='ltr'>ia</span> <span class='ocrx_word' id='word_1_464' title='bbox 499 4640 554 4689; x_wconf 84' lang='lat' dir='ltr'>eod.</span> <span class='ocrx_word' id='word_1_465' title='bbox 575 4640 655 4691; x_wconf 86' lang='lat' dir='ltr'>Bern.</span> <span class='ocrx_word' id='word_1_466' title='bbox 675 4642 778 4704; x_wconf 83' lang='lat' dir='ltr'>antiquo</span> <span class='ocrx_word' id='word_1_467' title='bbox 798 4643 993 4690; x_wconf 72' lang='grc' dir='ltr'>νιν.132ιαεσ.</span> <span class='ocrx_word' id='word_1_468' title='bbox 1015 4641 1040 4689; x_wconf 89' lang='lat' dir='ltr'><strong><em>X</em></strong></span> <span class='ocrx_word' id='word_1_469' title='bbox 1107 4641 1140 4689; x_wconf 78' lang='lat' dir='ltr'>‘aa</span> <span class='ocrx_word' id='word_1_470' title='bbox 1159 4639 1213 4688; x_wconf 87' lang='lat' dir='ltr'>sola</span> <span class='ocrx_word' id='word_1_471' title='bbox 1230 4655 1277 4689; x_wconf 91' lang='lat' dir='ltr'>om.</span> <span class='ocrx_word' id='word_1_472' title='bbox 1331 4639 1427 4700; x_wconf 75' lang='lat' dir='ltr'>altare,</span> <span class='ocrx_word' id='word_1_473' title='bbox 1447 4657 1516 4692; x_wconf 80' lang='lat' dir='ltr'>corr.</span> 
     </span>
     <span class='ocr_line' id='line_1_47' title="bbox 213 4703 1517 4772; baseline 0.005 -21"><span class='ocrx_word' id='word_1_474' title='bbox 213 4703 290 4753; x_wconf 72' lang='lat' dir='ltr'>athera</span> <span class='ocrx_word' id='word_1_475' title='bbox 343 4708 373 4756; x_wconf 87' lang='lat'>31</span> <span class='ocrx_word' id='word_1_476' title='bbox 392 4708 544 4771; x_wconf 75' lang='lat' dir='ltr'>conpositus</span> <span class='ocrx_word' id='word_1_477' title='bbox 563 4709 598 4756; x_wconf 86' lang='lat' dir='ltr'>ait</span> <span class='ocrx_word' id='word_1_478' title='bbox 649 4708 702 4756; x_wconf 84' lang='lat' dir='ltr'>sica</span> <span class='ocrx_word' id='word_1_479' title='bbox 737 4723 802 4768; x_wconf 74' lang='lat' dir='ltr'>aplane</span> <span class='ocrx_word' id='word_1_480' title='bbox 820 4719 879 4756; x_wconf 83' lang='lat' dir='ltr'>sunt</span> <span class='ocrx_word' id='word_1_481' title='bbox 896 4709 1037 4772; x_wconf 86' lang='lat' dir='ltr'>composita</span> <span class='ocrx_word' id='word_1_482' title='bbox 1056 4706 1140 4768; x_wconf 74' lang='lat' dir='ltr'>reliquo</span> <span class='ocrx_word' id='word_1_483' title='bbox 1159 4709 1232 4769; x_wconf 87' lang='lat' dir='ltr'>siqua</span> <span class='ocrx_word' id='word_1_484' title='bbox 1252 4721 1334 4770; x_wconf 80' lang='lat' dir='ltr'>alequa</span> <span class='ocrx_word' id='word_1_485' title='bbox 1353 4710 1414 4759; x_wconf 75' lang='lat' dir='ltr'>eoa.</span> <span class='ocrx_word' id='word_1_486' title='bbox 1434 4709 1517 4760; x_wconf 76' lang='lat' dir='ltr'>Bm.</span> 
     </span>
     <span class='ocr_line' id='line_1_48' title="bbox 215 4771 1404 4840; baseline 0.005 -20"><span class='ocrx_word' id='word_1_487' title='bbox 215 4774 267 4821; x_wconf 77' lang='grc'>132</span> <span class='ocrx_word' id='word_1_488' title='bbox 336 4776 368 4823; x_wconf 86' lang='lat'>33</span> <span class='ocrx_word' id='word_1_489' title='bbox 385 4771 546 4838; x_wconf 83' lang='lat' dir='ltr'>Priscianus]</span> <span class='ocrx_word' id='word_1_490' title='bbox 566 4774 583 4823; x_wconf 92' lang='lat' dir='ltr'><em>I</em></span> <span class='ocrx_word' id='word_1_491' title='bbox 598 4792 625 4840; x_wconf 84' lang='lat' dir='ltr'>p.</span> <span class='ocrx_word' id='word_1_492' title='bbox 643 4778 701 4834; x_wconf 79' lang='grc'><strong>197,</strong></span> <span class='ocrx_word' id='word_1_493' title='bbox 721 4779 753 4825; x_wconf 88' lang='grc'>12</span> <span class='ocrx_word' id='word_1_494' title='bbox 772 4777 808 4826; x_wconf 88' lang='lat' dir='ltr'>H.</span> <span class='ocrx_word' id='word_1_495' title='bbox 861 4777 918 4825; x_wconf 84' lang='lat' dir='ltr'>unis</span> <span class='ocrx_word' id='word_1_496' title='bbox 937 4775 1012 4825; x_wconf 87' lang='lat' dir='ltr'>etiam</span> <span class='ocrx_word' id='word_1_497' title='bbox 1065 4775 1139 4825; x_wconf 89' lang='lat' dir='ltr'>huius</span> <span class='ocrx_word' id='word_1_498' title='bbox 1158 4790 1216 4835; x_wconf 88' lang='lat' dir='ltr'>une,</span> <span class='ocrx_word' id='word_1_499' title='bbox 1234 4790 1280 4827; x_wconf 86' lang='lat' dir='ltr'>em.</span> <span class='ocrx_word' id='word_1_500' title='bbox 1299 4775 1404 4826; x_wconf 87' lang='lat' dir='ltr'>ethuio</span> 
     </span>
    </p>
   </div>
   <div class='ocr_carea' id='block_1_5' title="bbox 0 0 1714 5378">
    <p class='ocr_par' dir='ltr' id='par_1_5' title="bbox 0 0 1714 5378">
     <span class='ocr_line' id='line_1_49' title="bbox 0 0 1714 5378; baseline 0 3"><span class='ocrx_word' id='word_1_501' title='bbox 0 0 1714 5378; x_wconf 95' lang='lat' dir='ltr'> </span> 
     </span>
    </p>
   </div>
  </div>
 </body>
</html>
