3420 5378
306 296 417 344 anv
753 280 993 337 COMMEN'PVM¹
1006 283 1155 336 SEDVLII

306 481 405 533 ulrum
430 473 556 533 Parisiis
578 491 618 533 nn.
642 474 799 535 Brnuellis
821 492 862 534 arr
885 475 1003 550 llaepis
1025 477 1216 550 repperisset.
1256 476 1323 536 Iloc
1344 493 1417 537 uero
1439 477 1607 538 identidem

306 593 371 636 eum
400 577 592 649 adfirmasse,
622 577 732 637 librrun
760 584 789 634 et
813 583 1017 652 peruetusturn
1046 594 1108 637 esse
1134 585 1163 636 et
1191 578 1369 637 Boiiensent
1398 579 1466 638 olim
1491 579 1604 651 fuisse.

309 677 508 738 Buechelerus
535 681 638 752 ipitnr,
669 695 752 749 curu,
782 696 861 753 nicee
890 680 936 738 liis
958 680 1103 752 adridet,
1129 697 1190 739 non
1216 680 1343 739 liaberet
1364 686 1393 738 el
1415 697 1452 739 ne
1474 682 1512 739 de
1534 684 1606 758 ipso

306 782 423 854 qreidern
455 780 528 839 lilrri
555 786 655 839 uellite
683 782 858 839 accuratius
883 797 929 839 me
961 782 1071 841 docere
1100 787 1215 856 posset,
1248 782 1395 841 Boukinna
1422 784 1518 858 ipsun
1544 801 1608 860 per

305 884 423 942 litteras
444 884 520 955 adii,
546 882 652 956 quibus
674 884 725 941 ille
746 882 822 941 nimi
836 885 1001 957 rescripsit.
1038 883 1105 942 Iurn
1126 885 1210 958 quood
1229 885 1361 943 codicem
1377 887 1511 960 propria
1533 888 1608 945 sede

306 985 450 1057 domoque
481 984 582 1042 adduc
609 990 778 1056 carnatem,
810 986 882 1063 piria
910 982 1114 1044 Bneelrelerns
1143 984 1260 1045 Boelrio
1288 992 1412 1045 erectore
1440 986 1605 1046 Bobien-

305 1101 376 1143 seru
399 1086 629 1160 rrppdlouerot,
655 1086 685 1145 B
705 1088 806 1146 littera
827 1088 965 1158 sionem,
989 1102 1026 1145 ne
1048 1089 1114 1160 quis
1136 1088 1230 1147 index
1251 1089 1329 1147 nale
1351 1089 1508 1161 candidus,
1528 1105 1605 1164 per-

305 1189 415 1262 spectis
442 1203 519 1260 quas
545 1189 633 1247 modo
661 1189 731 1248 dixi
757 1188 900 1261 tenebris,
921 1184 1133 1263 praepropere
1150 1188 1269 1261 furtiua
1292 1206 1355 1249 csse
1377 1190 1475 1261 dieat,
1500 1198 1532 1250 ut
1556 1192 1607 1250 nel

307 1289 497 1348 Bocliannrn
513 1289 623 1350 calcino
638 1293 688 1349 uel
697 1289 969 1351 Bueeleelcrianurn
985 1274 1125 1365 oppellet,
1142 1291 1256 1350 letdenti
1268 1292 1431 1351 concedam
1447 1293 1558 1351 enimc.
1570 1288 1605 1373 ²⁸)

390 1392 488 1465 Atque
514 1394 578 1452 eires
605 1393 801 1469 urehdrfflum
830 1394 860 1450 in
889 1390 1057 1465 Belporurn
1085 1392 1261 1451 bibliotheca
1291 1394 1390 1453 neseio
1417 1409 1478 1467 quo
1505 1395 1607 1452 lutere

303 1493 395 1565 fidem
420 1492 502 1565 sarit
531 1494 629 1553 codex
650 1494 860 1554 Bruxeliensis
882 1510 902 1552 o
924 1492 1040 1554 Bocldo
1062 1495 1104 1553 ad
1125 1495 1316 1554 emendando
1339 1494 1484 1573 Ertipcliis
1506 1496 1607 1554 uerbo

302 1593 417 1670 passim
440 1597 471 1654 in
493 1597 633 1670 maraine
654 1596 815 1656 adhibitus.

391 1696 432 1756 Id
458 1714 573 1772 qnoque
601 1714 659 1757 non
689 1699 764 1757 sotis
791 1704 925 1772 coristot,
956 1695 1031 1773 pisid
1052 1704 1218 1774 praeterea
1246 1701 1277 1758 in
1304 1698 1409 1758 codice
1435 1698 1608 1776 orelietppo

307 1801 456 1874 scripturn
475 1798 589 1871 suerin·
613 1816 793 1875 puanrqnarn
816 1803 879 1860 ulia
893 1800 1011 1860 Sedulii
1023 1798 1106 1860 Secti
1126 1802 1243 1875 scripta
1264 1802 1388 1876 eiusque
1402 1801 1433 1860 in
1449 1801 1612 1862 Prisciani

308 1907 403 1960 artem
426 1910 622 1961 commentum
647 1902 799 1976 librosque
820 1902 1012 1962 Priscianeos
1034 1900 1236 1961 Bueclzelerns
1263 1900 1390 1974 infuisse
1411 1908 1519 1962 erector
1540 1911 1607 1973 est;

307 2019 387 2078 qnae
418 2020 492 2062 icero
525 2006 555 2063 in
586 2002 768 2064 Bereclzeleri
801 2004 983 2079 opopraplto
1012 2001 1139 2078 insuper
1168 2006 1317 2078 Inplentur,
1352 2005 1428 2064 hoec
1458 2009 1528 2063 sunt
1561 2021 1607 2066 cu

307 2106 461 2167 Prisciani
480 2103 531 2164 liu.
562 2104 643 2165 VIII
664 2112 828 2181 excerpta:

391 2226 480 2282 Prima
503 2229 617 2300 species,
641 2244 710 2300 quau
733 2227 803 2301 apud
822 2226 938 2283 Graccus
960 2221 1125 2303 βαρύτονος
1148 2226 1311 2302 appellatur,
1334 2242 1364 2283 ex
1387 2226 1605 2285 consonantibus

307 2319 369 2366 asilu
398 2329 422 2366 ω
452 2309 557 2367 finalem
586 2313 705 2368 iuuentis
735 2312 856 2368 ordinem
884 2311 915 2366 Vl
943 2311 1165 2385 coniugationum
1194 2311 1344 2385 significat,
1372 2329 1486 2386 quarum
1513 2312 1605 2385 primu

310 2404 366 2451 trus
394 2404 524 2469 cognatas
552 2396 632 2452 lubet
659 2408 854 2463 consonantes,
886 2397 956 2452 illest
982 2394 1091 2472 βπφ
1120 2398 1263 2469 omniaque
1291 2397 1371 2453 huius
1399 2397 1606 2470 conmunionis

307 2479 389 2536 uerba
406 2497 453 2554 per
467 2489 494 2552 ψ
509 2481 677 2538 declinantur
699 2484 727 2538 in
752 2483 911 2556 praeterito,
935 2490 965 2537 ul
979 2473 1080 2557 κρύβω
1095 2474 1223 2557 ἔκρυψα,
1246 2477 1335 2539 λείπω
1350 2476 1464 2555 ἔλειψα,
1488 2473 1605 2554 ἆλείφω

306 2560 426 2637 ε”λειψα
1616 2585 1630 2623 s

316 2585 325 2640 I
392 2651 512 2708 Secunda
537 2668 647 2725 quoque
668 2651 701 2707 ΙΙΙ
724 2652 793 2708 idest
813 2672 832 2729 γ
853 2670 871 2708 n
894 2670 924 2727 χ,
950 2669 1019 2727 quoe
1041 2670 1091 2727 per
1113 2651 1127 2724 ξ
1151 2654 1229 2710 ullust
1253 2655 1445 2726 praeteritum,
1475 2660 1505 2707 ut
1527 2644 1603 2728 λέγω

306 2728 404 2809 ἔλεξα,
427 2731 497 2793 εἴκω
519 2725 599 2810 εἶξα,
621 2731 702 2812 ἄγχω
723 2720 806 2813 ἦγξα.

390 2822 481 2878 Tertia
504 2821 629 2878 similiter
651 2821 682 2877 ΙΙΙ
706 2822 775 2878 idest
797 2817 815 2878 δ
837 2841 853 2878 π
873 2822 914 2892 θ,
937 2840 1006 2897 quae
1030 2839 1077 2897 per
1099 2823 1247 2898 simplicem
1271 2834 1289 2877 σ
1312 2824 1486 2896 praeteritum
1510 2821 1601 2894 effert,

307 2914 338 2962 nl
360 2899 425 2986 ᾅδω
447 2895 523 2985 ᾖσα,
545 2896 645 2963 duntur
667 2901 781 2982 ἤνυσα,
803 2902 911 2983 πλήθω
933 2901 1054 2982 ἕπλησα.

389 2990 490 3058 Quarta
519 3008 567 3065 per
589 2991 606 3060 ζ
626 2992 670 3048 uel
698 2993 863 3066 duplicatum
886 3004 904 3047 σ
926 2995 1065 3067 profertur
1092 3002 1120 3050 ct
1148 2995 1323 3067 praeteritum
1347 3010 1396 3066 por
1417 3004 1435 3048 σ
1459 2991 1539 3064 inuit,
1569 3000 1599 3047 ut
1616 3010 1644 3049 ιο

308 3070 409 3152 φράζω
432 3069 562 3151 ἔφρασα,
585 3072 707 3133 πλάσσω
729 3071 849 3134 ἕπλασα.

390 3160 487 3228 Quinta
518 3178 566 3234 per
594 3160 710 3235 liquidus
739 3162 809 3236 apud
832 3162 949 3219 Graecos
971 3164 1112 3237 profertur
1134 3179 1235 3237 eosque
1258 3170 1350 3219 seruat
1373 3164 1401 3219 in
1424 3164 1497 3219 omisi
1520 3178 1600 3236 prae·

308 3247 406 3311 terito,
430 3254 460 3300 ut
481 3241 566 3302 τίλλω
589 3239 681 3317 ἒτιλα,
705 3240 783 3321 νέμω
806 3241 922 3322 ἔνειμα,
944 3243 1030 3304 solvor
1052 3242 1163 3321 ἔεεινα,
1187 3243 1296 3324 σπείρω
1318 3241 1446 3323 ἔσπειρα.

391 3330 496 3386 Sextum
524 3346 634 3405 quoque
661 3333 880 3404 coniugatiouem
913 3333 1023 3403 dicunt,
1058 3351 1127 3407 quae
1156 3350 1204 3407 per
1235 3351 1258 3388 ω
1287 3349 1380 3405 puram
1410 3333 1537 3402 effertur,
1569 3341 1601 3388 ul

305 3409 421 3472 λππεύω
442 3408 520 3471 πλέω
541 3411 700 3491 βασιλεύω,
723 3416 813 3491 qualia
835 3426 899 3472 sunt
921 3417 991 3491 apitii
1015 3435 1064 3473 nos
1088 3421 1175 3473 omnia
1199 3418 1334 3474 secundae
1356 3427 1384 3473 et
1407 3426 1518 3492 quartae
1534 3433 1600 3474 cun·
1616 3432 1643 3473 rs

307 3502 455 3574 ingestionis
479 3500 561 3556 uerba
585 3501 687 3576 quippe
711 3502 738 3558 in
761 3518 793 3558 eo
817 3501 859 3557 uel
883 3503 909 3558 io
933 3502 1091 3559 desinentia.

376 3702 441 3764 les.
461 3701 578 3750 Prisci
595 3718 622 3765 p.
641 3704 701 3760 445,
721 3704 820 3750 17-21
839 3702 874 3751 H.
919 3716 969 3765 qne
1012 3716 1100 3763 grecos
1120 3698 1318 3753 ΒΑΡΠΟΝΟ(
1389 3705 1513 3751 2unteo
1583 3704 1600 3752 4

307 3770 429 3833 preterito
449 3780 476 3818 nt
495 3766 594 3820 ΚΡΙΒΟ
614 3766 748 3821 (ΙΚΡΙΨΑ
766 3766 852 3820 ΛΙΠΟ
872 3766 971 3820 {ullu
990 3766 1072 3820 ΛΙΦΟ
1092 3768 1200 3821 ΕΛΙΨΑ.
1269 3771 1284 3818 6
1301 3771 1336 3833 cf.
1356 3770 1441 3823 Prisc.
1461 3770 1476 3818 1
1492 3787 1519 3835 p.
1538 3772 1599 3828 lto,

308 3840 374 3885 7-9
392 3845 416 3886 et
434 3837 564 3886 dlorrolrit'
580 3845 707 3901 excerpta
725 3838 846 3886 Parisino
866 3839 972 3887 (irarum.
992 3837 1052 3889 Lat.
1075 3839 1142 3902 Vp.
1161 3840 1220 3900 ont,
1239 3837 1299 3887 51(
1350 3854 1399 3899 quic
1453 3838 1599 3902 preteritum

308 3901 437 3955 ιηΛΕΓΟ
507 3901 616 3955 7ΕΙΚο
669 3901 850 3956 ΑΓΧΟΑΓΞΑ
920 3906 989 3964 Sos.
1005 3904 1113 3954 Prisr.1
1130 3922 1157 3969 p.
1172 3908 1231 3967 446,
1246 3909 1285 3956 ts.
1300 3909 1332 3953 ld
1350 3914 1375 3954 et
1394 3905 1521 3955 Macrobii
1538 3921 1598 3955 exc.

306 3976 433 4037 ρ.602,6
467 3989 516 4033 qim
559 3973 730 4036 (preteritum
783 3969 1036 4024 9ΑΔΟΑΔΟΝ(Α
1056 3971 1162 4024 ΑΝΠΟ
1183 3971 1280 4025 ΕΝΙ(Α
1299 3970 1426 4024 ΠΑΝΤΟ
1446 3969 1598 4024 ΕΙΠΑΝ(Α

358 4045 389 4090 10
407 4042 440 4101 cf.
459 4041 542 4089 Prisc.
562 4040 579 4088 I
595 4057 621 4101 p.
641 4043 701 4098 447,
721 4044 744 4088 1.
766 4043 780 4088 2
799 4048 825 4089 et
845 4042 972 4090 Macrobii
988 4057 1045 4091 ene.
1063 4059 1089 4106 p.
1109 4045 1167 4104 not,
1188 4047 1203 4090 7
1254 4042 1400 4106 preteritum
1419 4055 1465 4105 per
1483 4055 1497 4092 c
1567 4043 1597 4090 11

306 4106 425 4160 ΦΡΑΖΟ
477 4104 715 4159 ΠΑΕΕΟΕΠΑΕΑ
787 4111 816 4157 12
835 4110 869 4169 ef.
889 4109 1008 4158 Prisc!
1026 4127 1051 4172 p.
1065 4113 1125 4168 447,
1139 4113 1235 4161 Μελ
1255 4109 1383 4168 Macrobii
1400 4125 1456 4158 exc.
1476 4126 1500 4171 p.
1512 4112 1599 4169 doun

307 4192 462 4296 ...nn
499 4173 944 4308 urrunnun
965 4175 1082 4306 uses.
1096 4175 1217 4295 suun
1240 4174 1450 4295 sunu
1467 4174 1599 4307 suu

373 4429 401 4493 *)
421 4431 446 4478 ln
467 4429 585 4479 Boliiensi
604 4430 706 4492 cundem
725 4430 841 4496 catalogo
859 4432 964 4493 antiqno
983 4446 998 4480 a
1017 4431 1154 4480 murmurio
1173 4442 1224 4480 ant.
1243 4430 1297 4480 Ital.
1316 4432 1347 4479 ΙΙΙ
1368 4448 1391 4496 p.
1409 4433 1458 4481 819
1478 4448 1531 4493 seq.
1551 4447 1597 4480 cx-

306 4499 384 4548 hibito
407 4498 503 4547 senum
523 4500 550 4546 lit
568 4500 661 4547 mentio
684 4500 710 4548 in
733 4499 799 4548 linnn
822 4499 926 4548 modum
945 4516 970 4563 p.
989 4500 1037 4549 821
1059 4498 1091 4547 n:
1128 4502 1164 4546 ‘in
1184 4499 1274 4563 primis
1292 4498 1338 4546 Lib
1341 4534 1480 4553 ,,,,,,
1500 4498 1597 4548 Sedulii

307 4567 467 4631 ortogrupln’.
487 4602 493 4613 .
513 4604 519 4616 .
540 4603 545 4614 .
567 4604 571 4614 .
592 4609 597 4619 ,
618 4583 639 4626 .;
660 4566 754 4616 Enticis
774 4582 834 4617 uero
853 4567 915 4616 liber
934 4569 972 4617 bis
991 4579 1202 4616 commemoratur
1215 4582 1241 4630 p,
1254 4568 1303 4616 822
1320 4567 1350 4615 E:
1371 4567 1457 4617 ‘Liber
1470 4568 1479 4615 1
1494 4567 1597 4617 Ysidori

305 4661 338 4670 —
356 4634 476 4683 Prisciani
495 4635 601 4683 minoris
622 4634 704 4684 linoae
723 4635 857 4684 Clementis
877 4635 973 4685 Euticis
992 4645 1016 4684 et
1033 4636 1082 4684 alin
1102 4634 1242 4701 opusculu'
1267 4644 1291 4682 et
1312 4651 1337 4699 p.
1356 4637 1406 4685 823
1426 4637 1459 4683 ,λε
1488 4635 1596 4684 ‘librum

307 4702 401 4751 liuticis
420 4702 451 4752 l.‘
489 4702 539 4750 Sed
562 4702 623 4751 lineo
643 4704 775 4753 obscurius
798 4704 865 4753 dicto
884 4704 915 4753 nd
933 4703 1122 4769 profligandum
1142 4718 1196 4751 oum
1216 4717 1291 4764 quum
1311 4713 1447 4752 muniamus
1466 4705 1595 4766 ‹piriestio-

306 4784 363 4817 nem
382 4770 442 4819 nihil
462 4769 555 4823 ululent.
