<?xml version="1.0" encoding="UTF-8"?>
<!DOCTYPE html PUBLIC "-//W3C//DTD XHTML 1.0 Transitional//EN"
    "http://www.w3.org/TR/xhtml1/DTD/xhtml1-transitional.dtd">
<html xmlns="http://www.w3.org/1999/xhtml" xml:lang="en" lang="en">
 <head>
  <title>
</title>
<meta http-equiv="Content-Type" content="text/html;charset=utf-8" />
  <meta name='ocr-system' content='tesseract 3.04.00' />
  <meta name='ocr-capabilities' content='ocr_page ocr_carea ocr_par ocr_line ocrx_word'/>
</head>
<body>
  <div class='ocr_page' id='page_1' title='image "./grammaticilatin04keilgoog/grammaticilatin04keilgoog_0165.png"; bbox 0 0 3420 5378; ppageno 0'>
   <div class='ocr_carea' id='block_1_1' title="bbox 215 306 981 370">
    <p class='ocr_par' dir='ltr' id='par_1_1' title="bbox 215 306 981 370">
     <span class='ocr_line' id='line_1_1' title="bbox 215 306 981 370; baseline 0.009 -17"><span class='ocrx_word' id='word_1_1' title='bbox 215 319 320 370; x_wconf 66' lang='lat' dir='ltr'><em>cmv</em></span> <span class='ocrx_word' id='word_1_2' title='bbox 727 307 777 359; x_wconf 82' lang='lat' dir='ltr'><em>nn</em></span> <span class='ocrx_word' id='word_1_3' title='bbox 795 306 981 362; x_wconf 72' lang='lat' dir='ltr'><em>autumno</em></span> 
     </span>
    </p>
   </div>
   <div class='ocr_carea' id='block_1_2' title="bbox 198 471 1525 3935">
    <p class='ocr_par' dir='ltr' id='par_1_2' title="bbox 205 471 1525 1190">
     <span class='ocr_line' id='line_1_2' title="bbox 210 471 1525 574; baseline 0.007 -18"><span class='ocrx_word' id='word_1_4' title='bbox 210 504 292 557; x_wconf 87' lang='lat' dir='ltr'><em>recte</em></span> <span class='ocrx_word' id='word_1_5' title='bbox 314 495 403 570; x_wconf 82' lang='lat' dir='ltr'><em>uidit,</em></span> <span class='ocrx_word' id='word_1_6' title='bbox 428 495 463 557; x_wconf 85' lang='lat' dir='ltr'><em>id</em></span> <span class='ocrx_word' id='word_1_7' title='bbox 480 493 552 570; x_wconf 73' lang='lat' dir='ltr'><em>fieri</em></span> <span class='ocrx_word' id='word_1_8' title='bbox 574 498 766 558; x_wconf 81' lang='lat' dir='ltr'><em>nullomodo</em></span> <span class='ocrx_word' id='word_1_9' title='bbox 782 514 881 574; x_wconf 85' lang='lat' dir='ltr'><em>posse,</em></span> <span class='ocrx_word' id='word_1_10' title='bbox 906 505 939 559; x_wconf 95' lang='lat' dir='ltr'><em>ut</em></span> <span class='ocrx_word' id='word_1_11' title='bbox 959 496 1041 572; x_wconf 82' lang='lat' dir='ltr'><em>inde,</em></span> <span class='ocrx_word' id='word_1_12' title='bbox 1066 502 1148 573; x_wconf 80' lang='lat' dir='ltr'><em>quoa</em></span> <span class='ocrx_word' id='word_1_13' title='bbox 1165 496 1199 560; x_wconf 90' lang='lat' dir='ltr'><em>in</em></span> <span class='ocrx_word' id='word_1_14' title='bbox 1213 501 1280 562; x_wconf 86' lang='lat' dir='ltr'><em>cotl.</em></span> <span class='ocrx_word' id='word_1_15' title='bbox 1297 501 1393 563; x_wconf 84' lang='lat' dir='ltr'><em>Berm.</em></span> <span class='ocrx_word' id='word_1_16' title='bbox 1416 471 1525 565; x_wconf 39' lang='lat' dir='ltr'><em>semel·</em></span> 
     </span>
     <span class='ocr_line' id='line_1_3' title="bbox 210 597 1511 678; baseline 0.008 -21"><span class='ocrx_word' id='word_1_17' title='bbox 210 601 255 675; x_wconf 88' lang='lat' dir='ltr'><em>(p.</em></span> <span class='ocrx_word' id='word_1_18' title='bbox 281 605 345 673; x_wconf 81' lang='lat' dir='ltr'><em>tot,</em></span> <span class='ocrx_word' id='word_1_19' title='bbox 372 598 419 678; x_wconf 79' lang='lat'><em>25)</em></span> <span class='ocrx_word' id='word_1_20' title='bbox 441 597 589 675; x_wconf 88' lang='lat' dir='ltr'><em>scriptum</em></span> <span class='ocrx_word' id='word_1_21' title='bbox 616 597 656 659; x_wconf 89' lang='lat' dir='ltr'><em>sit</em></span> <span class='ocrx_word' id='word_1_22' title='bbox 677 597 843 673; x_wconf 73' lang='lat' dir='ltr'><em>‘Flauius’,</em></span> <span class='ocrx_word' id='word_1_23' title='bbox 874 601 932 660; x_wconf 82' lang='lat' dir='ltr'><em>ltoc</em></span> <span class='ocrx_word' id='word_1_24' title='bbox 957 598 1056 675; x_wconf 87' lang='lat' dir='ltr'><em>ipsum</em></span> <span class='ocrx_word' id='word_1_25' title='bbox 1083 599 1148 661; x_wconf 86' lang='lat' dir='ltr'><em>eius</em></span> <span class='ocrx_word' id='word_1_26' title='bbox 1174 603 1372 677; x_wconf 81' lang='lat' dir='ltr'><em>prammatici</em></span> <span class='ocrx_word' id='word_1_27' title='bbox 1398 623 1511 666; x_wconf 84' lang='lat' dir='ltr'><em>nomeu</em></span> 
     </span>
     <span class='ocr_line' id='line_1_4' title="bbox 205 694 1510 779; baseline 0.005 -18"><span class='ocrx_word' id='word_1_28' title='bbox 205 699 303 772; x_wconf 75' lang='lat' dir='ltr'><em>fuisse</em></span> <span class='ocrx_word' id='word_1_29' title='bbox 323 694 534 775; x_wconf 80' lang='lat' dir='ltr'><em>concludatur,</em></span> <span class='ocrx_word' id='word_1_30' title='bbox 559 698 633 777; x_wconf 75' lang='lat' dir='ltr'><em>quta</em></span> <span class='ocrx_word' id='word_1_31' title='bbox 655 702 770 762; x_wconf 81' lang='lat' dir='ltr'><em>duobus</em></span> <span class='ocrx_word' id='word_1_32' title='bbox 790 700 865 762; x_wconf 86' lang='lat' dir='ltr'><em>locis</em></span> <span class='ocrx_word' id='word_1_33' title='bbox 887 700 958 762; x_wconf 85' lang='lat' dir='ltr'><em>aliis</em></span> <span class='ocrx_word' id='word_1_34' title='bbox 980 703 1026 778; x_wconf 92' lang='lat' dir='ltr'><em>(p.</em></span> <span class='ocrx_word' id='word_1_35' title='bbox 1052 709 1115 775; x_wconf 76' lang='lat' dir='ltr'><em>tot,</em></span> <span class='ocrx_word' id='word_1_36' title='bbox 1141 710 1190 764; x_wconf 76' lang='lat'><em>24.</em></span> <span class='ocrx_word' id='word_1_37' title='bbox 1209 709 1257 779; x_wconf 82' lang='lat'><em>28)</em></span> <span class='ocrx_word' id='word_1_38' title='bbox 1280 703 1395 767; x_wconf 77' lang='lat' dir='ltr'><em>diserte</em></span> <span class='ocrx_word' id='word_1_39' title='bbox 1417 709 1510 768; x_wconf 74' lang='lat' dir='ltr'><em>‘Fla-</em></span> 
     </span>
     <span class='ocr_line' id='line_1_5' title="bbox 209 794 1511 882; baseline 0.005 -19"><span class='ocrx_word' id='word_1_40' title='bbox 209 801 331 863; x_wconf 86' lang='lat' dir='ltr'><em>uianus&#39;</em></span> <span class='ocrx_word' id='word_1_41' title='bbox 359 805 471 878; x_wconf 84' lang='lat' dir='ltr'><em>lepltur</em></span> <span class='ocrx_word' id='word_1_42' title='bbox 497 810 526 862; x_wconf 91' lang='lat' dir='ltr'><em>et</em></span> <span class='ocrx_word' id='word_1_43' title='bbox 552 800 586 862; x_wconf 90' lang='lat' dir='ltr'><em>in</em></span> <span class='ocrx_word' id='word_1_44' title='bbox 614 801 750 863; x_wconf 74' lang='lat' dir='ltr'><em>omuibus</em></span> <span class='ocrx_word' id='word_1_45' title='bbox 775 801 903 880; x_wconf 85' lang='lat' dir='ltr'><em>insuper</em></span> <span class='ocrx_word' id='word_1_46' title='bbox 917 794 1212 879; x_wconf 75' lang='lat' dir='ltr'><em>&#39;prammaticorum</em></span> <span class='ocrx_word' id='word_1_47' title='bbox 1242 814 1386 882; x_wconf 78' lang='lat' dir='ltr'><em>quotquot</em></span> <span class='ocrx_word' id='word_1_48' title='bbox 1408 810 1447 869; x_wconf 83' lang='lat' dir='ltr'><em>de</em></span> <span class='ocrx_word' id='word_1_49' title='bbox 1469 826 1511 869; x_wconf 87' lang='lat' dir='ltr'><em>cn</em></span> 
     </span>
     <span class='ocr_line' id='line_1_6' title="bbox 206 903 1510 982; baseline 0.005 -18"><span class='ocrx_word' id='word_1_50' title='bbox 206 912 379 973; x_wconf 69' lang='lat' dir='ltr'><em>recitant,</em></span> <span class='ocrx_word' id='word_1_51' title='bbox 401 903 566 981; x_wconf 79' lang='lat' dir='ltr'><em>excerptis.</em></span> <span class='ocrx_word' id='word_1_52' title='bbox 612 904 715 979; x_wconf 77' lang='lat' dir='ltr'><em>Neque</em></span> <span class='ocrx_word' id='word_1_53' title='bbox 736 912 835 965; x_wconf 91' lang='lat' dir='ltr'><em>tamen</em></span> <span class='ocrx_word' id='word_1_54' title='bbox 857 904 977 977; x_wconf 77' lang='lat' dir='ltr'><em>dubito,</em></span> <span class='ocrx_word' id='word_1_55' title='bbox 1006 904 1080 982; x_wconf 82' lang='lat' dir='ltr'><em>quin</em></span> <span class='ocrx_word' id='word_1_56' title='bbox 1107 924 1218 968; x_wconf 86' lang='lat' dir='ltr'><em>reuera</em></span> <span class='ocrx_word' id='word_1_57' title='bbox 1240 907 1370 970; x_wconf 83' lang='lat' dir='ltr'><em>Flauius</em></span> <span class='ocrx_word' id='word_1_58' title='bbox 1394 910 1510 972; x_wconf 74' lang='lat' dir='ltr'><em>Oltam-</em></span> 
     </span>
     <span class='ocr_line' id='line_1_7' title="bbox 206 992 1509 1088; baseline 0.006 -22"><span class='ocrx_word' id='word_1_59' title='bbox 206 1006 270 1068; x_wconf 88' lang='lat' dir='ltr'><em>sius</em></span> <span class='ocrx_word' id='word_1_60' title='bbox 289 1006 510 1082; x_wconf 82' lang='lat' dir='ltr'><em>iutellepentlus</em></span> <span class='ocrx_word' id='word_1_61' title='bbox 531 1003 581 1079; x_wconf 89' lang='lat' dir='ltr'><em>sit,</em></span> <span class='ocrx_word' id='word_1_62' title='bbox 604 1003 692 1066; x_wconf 88' lang='lat' dir='ltr'><em>cuius</em></span> <span class='ocrx_word' id='word_1_63' title='bbox 712 992 820 1067; x_wconf 84' lang='lat' dir='ltr'><em>nomen</em></span> <span class='ocrx_word' id='word_1_64' title='bbox 839 1009 889 1067; x_wconf 91' lang='lat' dir='ltr'><em>uel</em></span> <span class='ocrx_word' id='word_1_65' title='bbox 911 1016 1074 1083; x_wconf 90' lang='lat' dir='ltr'><em>temporum</em></span> <span class='ocrx_word' id='word_1_66' title='bbox 1095 1005 1215 1069; x_wconf 88' lang='lat' dir='ltr'><em>iniuria</em></span> <span class='ocrx_word' id='word_1_67' title='bbox 1236 1011 1287 1069; x_wconf 89' lang='lat' dir='ltr'><em>uel</em></span> <span class='ocrx_word' id='word_1_68' title='bbox 1307 1018 1340 1071; x_wconf 92' lang='lat' dir='ltr'><em>ut</em></span> <span class='ocrx_word' id='word_1_69' title='bbox 1361 1029 1509 1088; x_wconf 80' lang='lat' dir='ltr'><em>conprua</em></span> 
     </span>
     <span class='ocr_line' id='line_1_8' title="bbox 207 1098 1506 1190; baseline 0.004 -21"><span class='ocrx_word' id='word_1_70' title='bbox 207 1111 356 1184; x_wconf 81' lang='lat' dir='ltr'><em>quaedam</em></span> <span class='ocrx_word' id='word_1_71' title='bbox 379 1098 599 1169; x_wconf 84' lang='lat' dir='ltr'><em>notissimorum</em></span> <span class='ocrx_word' id='word_1_72' title='bbox 622 1105 656 1168; x_wconf 90' lang='lat' dir='ltr'><em>in</em></span> <span class='ocrx_word' id='word_1_73' title='bbox 684 1109 774 1169; x_wconf 81' lang='lat' dir='ltr'><em>rebus</em></span> <span class='ocrx_word' id='word_1_74' title='bbox 800 1107 1010 1183; x_wconf 82' lang='lat' dir='ltr'><em>prammaticis</em></span> <span class='ocrx_word' id='word_1_75' title='bbox 1038 1107 1188 1170; x_wconf 87' lang='lat' dir='ltr'><em>nominum</em></span> <span class='ocrx_word' id='word_1_76' title='bbox 1210 1112 1414 1174; x_wconf 73' lang='lat' dir='ltr'><em>unisonantia</em></span> <span class='ocrx_word' id='word_1_77' title='bbox 1429 1132 1506 1190; x_wconf 87' lang='lat' dir='ltr'><em>pcr-</em></span> 
     </span>
    </p>

    <p class='ocr_par' dir='ltr' id='par_1_3' title="bbox 202 1208 1508 1595">
     <span class='ocr_line' id='line_1_9' title="bbox 202 1208 1507 1288; baseline 0.006 -19"><span class='ocrx_word' id='word_1_78' title='bbox 202 1214 359 1282; x_wconf 76' lang='lat' dir='ltr'><em>ficeretur,</em></span> <span class='ocrx_word' id='word_1_79' title='bbox 387 1210 420 1271; x_wconf 88' lang='lat' dir='ltr'><em>in</em></span> <span class='ocrx_word' id='word_1_80' title='bbox 448 1208 598 1271; x_wconf 86' lang='lat' dir='ltr'><em>Flauiani</em></span> <span class='ocrx_word' id='word_1_81' title='bbox 621 1209 757 1283; x_wconf 81' lang='lat' dir='ltr'><em>formam</em></span> <span class='ocrx_word' id='word_1_82' title='bbox 785 1227 845 1271; x_wconf 88' lang='lat' dir='ltr'><em>mon</em></span> <span class='ocrx_word' id='word_1_83' title='bbox 872 1208 970 1270; x_wconf 90' lang='lat' dir='ltr'><em>minus</em></span> <span class='ocrx_word' id='word_1_84' title='bbox 992 1213 1140 1272; x_wconf 87' lang='lat' dir='ltr'><em>detortam</em></span> <span class='ocrx_word' id='word_1_85' title='bbox 1162 1219 1219 1281; x_wconf 92' lang='lat' dir='ltr'><em>est,</em></span> <span class='ocrx_word' id='word_1_86' title='bbox 1248 1230 1337 1288; x_wconf 82' lang='lat' dir='ltr'><em>quam</em></span> <span class='ocrx_word' id='word_1_87' title='bbox 1366 1215 1507 1277; x_wconf 75' lang='lat' dir='ltr'><em>Maximi</em></span> 
     </span>
     <span class='ocr_line' id='line_1_10' title="bbox 212 1310 1508 1390; baseline 0.005 -18"><span class='ocrx_word' id='word_1_88' title='bbox 212 1310 383 1388; x_wconf 73' lang='lat' dir='ltr'><em>Victorini,</em></span> <span class='ocrx_word' id='word_1_89' title='bbox 416 1330 501 1388; x_wconf 84' lang='lat' dir='ltr'><em>quem</em></span> <span class='ocrx_word' id='word_1_90' title='bbox 532 1310 759 1373; x_wconf 81' lang='lat' dir='ltr'><em>Maximianum</em></span> <span class='ocrx_word' id='word_1_91' title='bbox 786 1310 882 1373; x_wconf 82' lang='lat' dir='ltr'><em>mettii</em></span> <span class='ocrx_word' id='word_1_92' title='bbox 908 1311 980 1373; x_wconf 91' lang='lat' dir='ltr'><em>aeui</em></span> <span class='ocrx_word' id='word_1_93' title='bbox 1005 1312 1140 1373; x_wconf 76' lang='lat' dir='ltr'><em>homines</em></span> <span class='ocrx_word' id='word_1_94' title='bbox 1168 1316 1374 1390; x_wconf 72' lang='lat' dir='ltr'><em>appellavere.</em></span> <span class='ocrx_word' id='word_1_95' title='bbox 1422 1317 1508 1389; x_wconf 77' lang='lat' dir='ltr'><em>Quiri</em></span> 
     </span>
     <span class='ocr_line' id='line_1_11' title="bbox 207 1412 1508 1495; baseline 0.005 -22"><span class='ocrx_word' id='word_1_96' title='bbox 207 1416 289 1487; x_wconf 80' lang='lat' dir='ltr'><em>qnod</em></span> <span class='ocrx_word' id='word_1_97' title='bbox 309 1432 368 1474; x_wconf 91' lang='lat' dir='ltr'><em>non</em></span> <span class='ocrx_word' id='word_1_98' title='bbox 391 1418 484 1475; x_wconf 90' lang='lat' dir='ltr'><em>solum</em></span> <span class='ocrx_word' id='word_1_99' title='bbox 499 1412 681 1476; x_wconf 81' lang='lat' dir='ltr'><em>Priscianus</em></span> <span class='ocrx_word' id='word_1_100' title='bbox 697 1412 774 1474; x_wconf 90' lang='lat' dir='ltr'><em>artis</em></span> <span class='ocrx_word' id='word_1_101' title='bbox 794 1413 1019 1488; x_wconf 84' lang='lat' dir='ltr'><em>prammaticac</em></span> <span class='ocrx_word' id='word_1_102' title='bbox 1040 1422 1134 1491; x_wconf 86' lang='lat' dir='ltr'><em>caput</em></span> <span class='ocrx_word' id='word_1_103' title='bbox 1155 1422 1247 1492; x_wconf 82' lang='lat' dir='ltr'><em>atque</em></span> <span class='ocrx_word' id='word_1_104' title='bbox 1262 1415 1422 1495; x_wconf 87' lang='lat' dir='ltr'><em>princeps,</em></span> <span class='ocrx_word' id='word_1_105' title='bbox 1448 1423 1508 1481; x_wconf 86' lang='lat' dir='ltr'><em>sect</em></span> 
     </span>
     <span class='ocr_line' id='line_1_12' title="bbox 206 1513 1501 1595; baseline 0.006 -20"><span class='ocrx_word' id='word_1_106' title='bbox 206 1514 403 1577; x_wconf 74' lang='lat' dir='ltr'><em>dominianus</em></span> <span class='ocrx_word' id='word_1_107' title='bbox 417 1534 544 1594; x_wconf 79' lang='lat' dir='ltr'><em>quoquc,</em></span> <span class='ocrx_word' id='word_1_108' title='bbox 570 1513 780 1584; x_wconf 82' lang='lat' dir='ltr'><em>Terent-ianas,</em></span> <span class='ocrx_word' id='word_1_109' title='bbox 804 1515 1055 1590; x_wconf 84' lang='lat' dir='ltr'><em>Fortunatianus,</em></span> <span class='ocrx_word' id='word_1_110' title='bbox 1081 1515 1280 1594; x_wconf 82' lang='lat' dir='ltr'><em>Papirianus,</em></span> <span class='ocrx_word' id='word_1_111' title='bbox 1302 1519 1501 1595; x_wconf 79' lang='lat' dir='ltr'><em>Valerianus,</em></span> 
     </span>
    </p>

    <p class='ocr_par' dir='ltr' id='par_1_4' title="bbox 207 1616 1503 1694">
     <span class='ocr_line' id='line_1_13' title="bbox 207 1616 1503 1694; baseline 0.005 -17"><span class='ocrx_word' id='word_1_112' title='bbox 207 1616 363 1690; x_wconf 87' lang='lat' dir='ltr'><em>lulianus,</em></span> <span class='ocrx_word' id='word_1_113' title='bbox 393 1616 513 1692; x_wconf 78' lang='lat' dir='ltr'><em>reliqua</em></span> <span class='ocrx_word' id='word_1_114' title='bbox 534 1616 802 1694; x_wconf 85' lang='lat' dir='ltr'><em>prammaticoram</em></span> <span class='ocrx_word' id='word_1_115' title='bbox 823 1619 932 1679; x_wconf 82' lang='lat' dir='ltr'><em>coltors</em></span> <span class='ocrx_word' id='word_1_116' title='bbox 953 1621 1075 1691; x_wconf 87' lang='lat' dir='ltr'><em>cadem,</em></span> <span class='ocrx_word' id='word_1_117' title='bbox 1106 1625 1139 1679; x_wconf 87' lang='lat' dir='ltr'><em>nt</em></span> <span class='ocrx_word' id='word_1_118' title='bbox 1162 1619 1219 1679; x_wconf 88' lang='lat' dir='ltr'><em>ttoc</em></span> <span class='ocrx_word' id='word_1_119' title='bbox 1245 1621 1394 1682; x_wconf 79' lang='lat' dir='ltr'><em>uocabulo</em></span> <span class='ocrx_word' id='word_1_120' title='bbox 1415 1630 1503 1693; x_wconf 86' lang='lat' dir='ltr'><em>utar,</em></span> 
     </span>
    </p>

    <p class='ocr_par' dir='ltr' id='par_1_5' title="bbox 207 1719 1505 1801">
     <span class='ocr_line' id='line_1_14' title="bbox 207 1719 1505 1801; baseline 0.005 -22"><span class='ocrx_word' id='word_1_121' title='bbox 207 1719 360 1781; x_wconf 86' lang='lat' dir='ltr'><em>nominum</em></span> <span class='ocrx_word' id='word_1_122' title='bbox 376 1719 541 1796; x_wconf 86' lang='lat' dir='ltr'><em>parilitate</em></span> <span class='ocrx_word' id='word_1_123' title='bbox 561 1721 719 1794; x_wconf 84' lang='lat' dir='ltr'><em>pandent?</em></span> <span class='ocrx_word' id='word_1_124' title='bbox 762 1720 885 1795; x_wconf 80' lang='lat' dir='ltr'><em>Itaque,</em></span> <span class='ocrx_word' id='word_1_125' title='bbox 914 1719 943 1781; x_wconf 89' lang='lat' dir='ltr'><em>si</em></span> <span class='ocrx_word' id='word_1_126' title='bbox 969 1719 1024 1781; x_wconf 92' lang='lat' dir='ltr'><em>illo</em></span> <span class='ocrx_word' id='word_1_127' title='bbox 1045 1720 1122 1781; x_wconf 88' lang='lat' dir='ltr'><em>artis</em></span> <span class='ocrx_word' id='word_1_128' title='bbox 1144 1721 1308 1784; x_wconf 86' lang='lat' dir='ltr'><em>Berneusis</em></span> <span class='ocrx_word' id='word_1_129' title='bbox 1330 1740 1505 1801; x_wconf 80' lang='lat' dir='ltr'><em>anonymae</em></span> 
     </span>
    </p>

    <p class='ocr_par' dir='ltr' id='par_1_6' title="bbox 208 1819 1503 1895">
     <span class='ocr_line' id='line_1_15' title="bbox 208 1819 1503 1895; baseline 0.005 -15"><span class='ocrx_word' id='word_1_130' title='bbox 208 1823 275 1883; x_wconf 89' lang='lat' dir='ltr'><em>loco</em></span> <span class='ocrx_word' id='word_1_131' title='bbox 296 1824 331 1882; x_wconf 80' lang='lat' dir='ltr'><em>ob</em></span> <span class='ocrx_word' id='word_1_132' title='bbox 353 1819 501 1883; x_wconf 79' lang='lat' dir='ltr'><em>‘Claudii&#39;</em></span> <span class='ocrx_word' id='word_1_133' title='bbox 524 1820 799 1895; x_wconf 81' lang='lat' dir='ltr'><em>nominisformam</em></span> <span class='ocrx_word' id='word_1_134' title='bbox 814 1819 990 1883; x_wconf 69' lang='lat' dir='ltr'><em>‘Flauiani&#39;</em></span> <span class='ocrx_word' id='word_1_135' title='bbox 1012 1838 1118 1883; x_wconf 89' lang='lat' dir='ltr'><em>namen</em></span> <span class='ocrx_word' id='word_1_136' title='bbox 1133 1839 1153 1881; x_wconf 90' lang='lat' dir='ltr'><em>a</em></span> <span class='ocrx_word' id='word_1_137' title='bbox 1168 1821 1298 1885; x_wconf 79' lang='lat' dir='ltr'><em>librario</em></span> <span class='ocrx_word' id='word_1_138' title='bbox 1312 1822 1345 1885; x_wconf 86' lang='lat' dir='ltr'><em>in</em></span> <span class='ocrx_word' id='word_1_139' title='bbox 1366 1824 1503 1887; x_wconf 82' lang='lat' dir='ltr'><em>‘Flauii&#39;</em></span> 
     </span>
    </p>

    <p class='ocr_par' dir='ltr' id='par_1_7' title="bbox 203 1921 1502 2000">
     <span class='ocr_line' id='line_1_16' title="bbox 203 1921 1502 2000; baseline 0.003 -17"><span class='ocrx_word' id='word_1_140' title='bbox 203 1927 335 1997; x_wconf 80' lang='lat' dir='ltr'><em>fipttrum</em></span> <span class='ocrx_word' id='word_1_141' title='bbox 357 1930 503 1984; x_wconf 89' lang='lat' dir='ltr'><em>mutatum</em></span> <span class='ocrx_word' id='word_1_142' title='bbox 525 1930 579 1996; x_wconf 88' lang='lat' dir='ltr'><em>est,</em></span> <span class='ocrx_word' id='word_1_143' title='bbox 603 1942 660 1984; x_wconf 88' lang='lat' dir='ltr'><em>cur</em></span> <span class='ocrx_word' id='word_1_144' title='bbox 681 1942 741 1985; x_wconf 92' lang='lat' dir='ltr'><em>non</em></span> <span class='ocrx_word' id='word_1_145' title='bbox 764 1923 845 1985; x_wconf 83' lang='lat' dir='ltr'><em>idem</em></span> <span class='ocrx_word' id='word_1_146' title='bbox 867 1921 937 1994; x_wconf 85' lang='lat' dir='ltr'><em>olim</em></span> <span class='ocrx_word' id='word_1_147' title='bbox 950 1923 1069 1997; x_wconf 79' lang='lat' dir='ltr'><em>factum</em></span> <span class='ocrx_word' id='word_1_148' title='bbox 1083 1942 1146 1985; x_wconf 90' lang='lat' dir='ltr'><em>csse</em></span> <span class='ocrx_word' id='word_1_149' title='bbox 1159 1934 1334 2000; x_wconf 85' lang='lat' dir='ltr'><em>statuamus,</em></span> <span class='ocrx_word' id='word_1_150' title='bbox 1357 1935 1392 1987; x_wconf 90' lang='lat' dir='ltr'><em>ut</em></span> <span class='ocrx_word' id='word_1_151' title='bbox 1414 1927 1502 1988; x_wconf 75' lang='lat' dir='ltr'><em>‘Fla-</em></span> 
     </span>
    </p>

    <p class='ocr_par' dir='ltr' id='par_1_8' title="bbox 204 2023 1502 2102">
     <span class='ocr_line' id='line_1_17' title="bbox 204 2023 1502 2102; baseline 0.005 -18"><span class='ocrx_word' id='word_1_152' title='bbox 204 2024 285 2085; x_wconf 86' lang='lat' dir='ltr'><em>uius’</em></span> <span class='ocrx_word' id='word_1_153' title='bbox 308 2027 343 2085; x_wconf 82' lang='lat' dir='ltr'><em>oi</em></span> <span class='ocrx_word' id='word_1_154' title='bbox 367 2024 565 2086; x_wconf 80' lang='lat' dir='ltr'><em>‘Cominiani’</em></span> <span class='ocrx_word' id='word_1_155' title='bbox 587 2024 767 2101; x_wconf 89' lang='lat' dir='ltr'><em>pracsertim</em></span> <span class='ocrx_word' id='word_1_156' title='bbox 796 2023 927 2086; x_wconf 87' lang='lat' dir='ltr'><em>mominis</em></span> <span class='ocrx_word' id='word_1_157' title='bbox 943 2024 1207 2102; x_wconf 76' lang='lat' dir='ltr'><em>propinquitatum</em></span> <span class='ocrx_word' id='word_1_158' title='bbox 1228 2025 1263 2087; x_wconf 88' lang='lat' dir='ltr'><em>in</em></span> <span class='ocrx_word' id='word_1_159' title='bbox 1285 2025 1502 2090; x_wconf 69' lang='lat' dir='ltr'><em>‘Flauianum’</em></span> 
     </span>
    </p>

    <p class='ocr_par' dir='ltr' id='par_1_9' title="bbox 204 2123 1500 2207">
     <span class='ocr_line' id='line_1_18' title="bbox 204 2123 1500 2207; baseline 0.007 -23"><span class='ocrx_word' id='word_1_160' title='bbox 204 2123 387 2207; x_wconf 84' lang='lat' dir='ltr'><em>cederet?*)</em></span> <span class='ocrx_word' id='word_1_161' title='bbox 434 2125 514 2198; x_wconf 80' lang='lat' dir='ltr'><em>Ouid</em></span> <span class='ocrx_word' id='word_1_162' title='bbox 534 2131 655 2188; x_wconf 76' lang='lat' dir='ltr'><em>aunan?</em></span> <span class='ocrx_word' id='word_1_163' title='bbox 699 2128 778 2189; x_wconf 89' lang='lat' dir='ltr'><em>Num</em></span> <span class='ocrx_word' id='word_1_164' title='bbox 792 2127 872 2188; x_wconf 82' lang='lat' dir='ltr'><em>illuct</em></span> <span class='ocrx_word' id='word_1_165' title='bbox 885 2144 1002 2204; x_wconf 80' lang='lat' dir='ltr'><em>qaoque</em></span> <span class='ocrx_word' id='word_1_166' title='bbox 1015 2126 1151 2203; x_wconf 82' lang='lat' dir='ltr'><em>copitari</em></span> <span class='ocrx_word' id='word_1_167' title='bbox 1166 2135 1277 2205; x_wconf 87' lang='lat' dir='ltr'><em>potest,</em></span> <span class='ocrx_word' id='word_1_168' title='bbox 1300 2128 1500 2202; x_wconf 75' lang='lat' dir='ltr'><em>Flauianum,</em></span> 
     </span>
    </p>

    <p class='ocr_par' dir='ltr' id='par_1_10' title="bbox 204 2228 1500 2305">
     <span class='ocr_line' id='line_1_19' title="bbox 204 2228 1500 2305; baseline 0.005 -18"><span class='ocrx_word' id='word_1_169' title='bbox 204 2245 288 2301; x_wconf 75' lang='lat' dir='ltr'><em>quern</em></span> <span class='ocrx_word' id='word_1_170' title='bbox 313 2230 478 2289; x_wconf 88' lang='lat' dir='ltr'><em>Muellerus</em></span> <span class='ocrx_word' id='word_1_171' title='bbox 499 2228 590 2303; x_wconf 81' lang='lat' dir='ltr'><em>quasi</em></span> <span class='ocrx_word' id='word_1_172' title='bbox 610 2246 689 2290; x_wconf 89' lang='lat' dir='ltr'><em>nouo</em></span> <span class='ocrx_word' id='word_1_173' title='bbox 715 2230 847 2302; x_wconf 83' lang='lat' dir='ltr'><em>quodam</em></span> <span class='ocrx_word' id='word_1_174' title='bbox 874 2231 1034 2305; x_wconf 82' lang='lat' dir='ltr'><em>splendore</em></span> <span class='ocrx_word' id='word_1_175' title='bbox 1060 2228 1279 2305; x_wconf 71' lang='lat' dir='ltr'><em>cicumdedit,</em></span> <span class='ocrx_word' id='word_1_176' title='bbox 1309 2231 1402 2293; x_wconf 90' lang='lat' dir='ltr'><em>Pauli</em></span> <span class='ocrx_word' id='word_1_177' title='bbox 1424 2231 1500 2293; x_wconf 81' lang='lat' dir='ltr'><em>Dia·</em></span> 
     </span>
    </p>

    <p class='ocr_par' dir='ltr' id='par_1_11' title="bbox 203 2329 1501 2406">
     <span class='ocr_line' id='line_1_20' title="bbox 203 2329 1501 2406; baseline 0.006 -18"><span class='ocrx_word' id='word_1_178' title='bbox 203 2329 274 2390; x_wconf 88' lang='lat' dir='ltr'><em>coni</em></span> <span class='ocrx_word' id='word_1_179' title='bbox 300 2329 477 2406; x_wconf 79' lang='lat' dir='ltr'><em>mapistrum</em></span> <span class='ocrx_word' id='word_1_180' title='bbox 506 2339 615 2391; x_wconf 88' lang='lat' dir='ltr'><em>octauo</em></span> <span class='ocrx_word' id='word_1_181' title='bbox 647 2334 768 2392; x_wconf 90' lang='lat' dir='ltr'><em>sacculo</em></span> <span class='ocrx_word' id='word_1_182' title='bbox 796 2329 944 2392; x_wconf 87' lang='lat' dir='ltr'><em>uiuentem</em></span> <span class='ocrx_word' id='word_1_183' title='bbox 977 2329 1060 2391; x_wconf 87' lang='lat' dir='ltr'><em>inter</em></span> <span class='ocrx_word' id='word_1_184' title='bbox 1085 2331 1269 2393; x_wconf 77' lang='lat' dir='ltr'><em>scholiorum</em></span> <span class='ocrx_word' id='word_1_185' title='bbox 1298 2332 1501 2396; x_wconf 82' lang='lat' dir='ltr'><em>Bernartsium</em></span> 
     </span>
    </p>

    <p class='ocr_par' dir='ltr' id='par_1_12' title="bbox 204 2430 1504 2509">
     <span class='ocr_line' id='line_1_21' title="bbox 204 2430 1504 2509; baseline 0.005 -19"><span class='ocrx_word' id='word_1_186' title='bbox 204 2439 342 2493; x_wconf 83' lang='lat' dir='ltr'><em>auctores</em></span> <span class='ocrx_word' id='word_1_187' title='bbox 362 2431 463 2509; x_wconf 85' lang='lat' dir='ltr'><em>recipi</em></span> <span class='ocrx_word' id='word_1_188' title='bbox 482 2431 638 2508; x_wconf 83' lang='lat' dir='ltr'><em>potuisse?</em></span> <span class='ocrx_word' id='word_1_189' title='bbox 681 2430 775 2508; x_wconf 78' lang='lat' dir='ltr'><em>Atqui</em></span> <span class='ocrx_word' id='word_1_190' title='bbox 801 2442 883 2494; x_wconf 89' lang='lat' dir='ltr'><em>rcctc</em></span> <span class='ocrx_word' id='word_1_191' title='bbox 911 2431 1029 2494; x_wconf 83' lang='lat' dir='ltr'><em>Keilias</em></span> <span class='ocrx_word' id='word_1_192' title='bbox 1056 2431 1208 2507; x_wconf 89' lang='lat' dir='ltr'><em>scltolion,</em></span> <span class='ocrx_word' id='word_1_193' title='bbox 1238 2436 1323 2509; x_wconf 77' lang='lat' dir='ltr'><em>quod</em></span> <span class='ocrx_word' id='word_1_194' title='bbox 1341 2436 1436 2497; x_wconf 78' lang='lat' dir='ltr'><em>trabes</em></span> <span class='ocrx_word' id='word_1_195' title='bbox 1457 2439 1504 2497; x_wconf 82' lang='lat' dir='ltr'><em>ad</em></span> 
     </span>
    </p>

    <p class='ocr_par' dir='ltr' id='par_1_13' title="bbox 204 2533 1500 2614">
     <span class='ocr_line' id='line_1_22' title="bbox 204 2533 1500 2614; baseline 0.006 -23"><span class='ocrx_word' id='word_1_196' title='bbox 204 2535 270 2594; x_wconf 76' lang='lat' dir='ltr'><em>Ecl.</em></span> <span class='ocrx_word' id='word_1_197' title='bbox 302 2535 353 2602; x_wconf 86' lang='lat' dir='ltr'><em>VI,</em></span> <span class='ocrx_word' id='word_1_198' title='bbox 379 2541 433 2594; x_wconf 79' lang='lat' dir='ltr'><em>aa:</em></span> <span class='ocrx_word' id='word_1_199' title='bbox 456 2535 587 2596; x_wconf 71' lang='lat' dir='ltr'><em>‘muscus</em></span> <span class='ocrx_word' id='word_1_200' title='bbox 608 2551 714 2596; x_wconf 88' lang='lat' dir='ltr'><em>nomeu</em></span> <span class='ocrx_word' id='word_1_201' title='bbox 737 2537 848 2595; x_wconf 71' lang='lat' dir='ltr'><em>luerim</em></span> <span class='ocrx_word' id='word_1_202' title='bbox 870 2534 1023 2596; x_wconf 89' lang='lat' dir='ltr'><em>nascentis</em></span> <span class='ocrx_word' id='word_1_203' title='bbox 1043 2533 1077 2595; x_wconf 88' lang='lat' dir='ltr'><em>in</em></span> <span class='ocrx_word' id='word_1_204' title='bbox 1106 2534 1221 2596; x_wconf 88' lang='lat' dir='ltr'><em>cortice</em></span> <span class='ocrx_word' id='word_1_205' title='bbox 1242 2538 1291 2598; x_wconf 87' lang='lat' dir='ltr'><em>uel</em></span> <span class='ocrx_word' id='word_1_206' title='bbox 1311 2535 1345 2597; x_wconf 86' lang='lat' dir='ltr'><em>iu</em></span> <span class='ocrx_word' id='word_1_207' title='bbox 1362 2535 1500 2614; x_wconf 81' lang='lat' dir='ltr'><em>pariete,</em></span> 
     </span>
    </p>

    <p class='ocr_par' dir='ltr' id='par_1_14' title="bbox 203 2634 1502 2717">
     <span class='ocr_line' id='line_1_23' title="bbox 203 2634 1502 2717; baseline 0.004 -21"><span class='ocrx_word' id='word_1_208' title='bbox 203 2643 235 2696; x_wconf 90' lang='lat' dir='ltr'><em>at</em></span> <span class='ocrx_word' id='word_1_209' title='bbox 258 2634 429 2697; x_wconf 84' lang='lat' dir='ltr'><em>Flauianus</em></span> <span class='ocrx_word' id='word_1_210' title='bbox 450 2635 513 2701; x_wconf 58' lang='lat' dir='ltr'><em>ait?</em></span> <span class='ocrx_word' id='word_1_211' title='bbox 530 2639 575 2697; x_wconf 83' lang='lat' dir='ltr'><em>att</em></span> <span class='ocrx_word' id='word_1_212' title='bbox 596 2634 768 2698; x_wconf 76' lang='lat' dir='ltr'><em>Charisiano</em></span> <span class='ocrx_word' id='word_1_213' title='bbox 792 2640 834 2712; x_wconf 89' lang='lat' dir='ltr'><em>(p.</em></span> <span class='ocrx_word' id='word_1_214' title='bbox 853 2644 900 2712; x_wconf 85' lang='lat'><em>32,</em></span> <span class='ocrx_word' id='word_1_215' title='bbox 919 2641 951 2713; x_wconf 89' lang='lat'><em>3)</em></span> <span class='ocrx_word' id='word_1_216' title='bbox 973 2635 1092 2697; x_wconf 88' lang='lat' dir='ltr'><em>rettulit</em></span> <span class='ocrx_word' id='word_1_217' title='bbox 1114 2637 1215 2698; x_wconf 88' lang='lat' dir='ltr'><em>Herm.</em></span> <span class='ocrx_word' id='word_1_218' title='bbox 1239 2640 1262 2698; x_wconf 92' lang='lat' dir='ltr'><em>l.</em></span> <span class='ocrx_word' id='word_1_219' title='bbox 1284 2639 1306 2698; x_wconf 92' lang='lat' dir='ltr'><em>l.</em></span> <span class='ocrx_word' id='word_1_220' title='bbox 1351 2639 1430 2701; x_wconf 83' lang='lat' dir='ltr'><em>Num</em></span> <span class='ocrx_word' id='word_1_221' title='bbox 1444 2639 1502 2717; x_wconf 81' lang='lat' dir='ltr'><em>qui</em></span> 
     </span>
    </p>

    <p class='ocr_par' dir='ltr' id='par_1_15' title="bbox 204 2736 1501 2818">
     <span class='ocr_line' id='line_1_24' title="bbox 204 2736 1501 2818; baseline 0.005 -21"><span class='ocrx_word' id='word_1_222' title='bbox 204 2748 233 2797; x_wconf 86' lang='lat' dir='ltr'><em>ct</em></span> <span class='ocrx_word' id='word_1_223' title='bbox 254 2736 376 2814; x_wconf 86' lang='lat' dir='ltr'><em>ipsein</em></span> <span class='ocrx_word' id='word_1_224' title='bbox 397 2737 521 2800; x_wconf 74' lang='lat' dir='ltr'><em>scholiis</em></span> <span class='ocrx_word' id='word_1_225' title='bbox 542 2738 748 2801; x_wconf 82' lang='lat' dir='ltr'><em>Beruenst‘bas</em></span> <span class='ocrx_word' id='word_1_226' title='bbox 768 2741 917 2800; x_wconf 82' lang='lat' dir='ltr'><em>laudatur</em></span> <span class='ocrx_word' id='word_1_227' title='bbox 939 2742 1036 2816; x_wconf 84' lang='lat' dir='ltr'><em>Asper</em></span> <span class='ocrx_word' id='word_1_228' title='bbox 1055 2737 1291 2818; x_wconf 82' lang='lat' dir='ltr'><em>prammatictts,</em></span> <span class='ocrx_word' id='word_1_229' title='bbox 1315 2757 1501 2818; x_wconf 79' lang='lat' dir='ltr'><em>quormquartt</em></span> 
     </span>
    </p>

    <p class='ocr_par' dir='ltr' id='par_1_16' title="bbox 202 2838 1501 2919">
     <span class='ocr_line' id='line_1_25' title="bbox 202 2838 1501 2919; baseline 0.005 -20"><span class='ocrx_word' id='word_1_230' title='bbox 202 2843 294 2900; x_wconf 88' lang='lat' dir='ltr'><em>utalto</em></span> <span class='ocrx_word' id='word_1_231' title='bbox 316 2839 496 2902; x_wconf 86' lang='lat' dir='ltr'><em>recentioris</em></span> <span class='ocrx_word' id='word_1_232' title='bbox 523 2838 656 2916; x_wconf 79' lang='lat' dir='ltr'><em>oripinis</em></span> <span class='ocrx_word' id='word_1_233' title='bbox 676 2848 738 2919; x_wconf 85' lang='lat' dir='ltr'><em>est,</em></span> <span class='ocrx_word' id='word_1_234' title='bbox 767 2848 868 2901; x_wconf 88' lang='lat' dir='ltr'><em>tamen</em></span> <span class='ocrx_word' id='word_1_235' title='bbox 896 2848 982 2902; x_wconf 80' lang='lat' dir='ltr'><em>sexto</em></span> <span class='ocrx_word' id='word_1_236' title='bbox 1009 2857 1076 2901; x_wconf 90' lang='lat' dir='ltr'><em>eum</em></span> <span class='ocrx_word' id='word_1_237' title='bbox 1099 2850 1172 2916; x_wconf 91' lang='lat' dir='ltr'><em>post</em></span> <span class='ocrx_word' id='word_1_238' title='bbox 1200 2839 1349 2903; x_wconf 73' lang='lat' dir='ltr'><em>Christian</em></span> <span class='ocrx_word' id='word_1_239' title='bbox 1375 2846 1501 2906; x_wconf 72' lang='lat' dir='ltr'><em>saecum</em></span> 
     </span>
    </p>

    <p class='ocr_par' dir='ltr' id='par_1_17' title="bbox 202 2941 1499 3017">
     <span class='ocr_line' id='line_1_26' title="bbox 202 2941 1499 3017; baseline 0.005 -17"><span class='ocrx_word' id='word_1_240' title='bbox 202 2943 285 3001; x_wconf 76' lang='lat' dir='ltr'><em>nauta</em></span> <span class='ocrx_word' id='word_1_241' title='bbox 305 2945 398 3003; x_wconf 73' lang='lat' dir='ltr'><em>titudo</em></span> <span class='ocrx_word' id='word_1_242' title='bbox 419 2941 618 3004; x_wconf 84' lang='lat' dir='ltr'><em>recentiorem</em></span> <span class='ocrx_word' id='word_1_243' title='bbox 636 2941 737 3017; x_wconf 82' lang='lat' dir='ltr'><em>fuisse</em></span> <span class='ocrx_word' id='word_1_244' title='bbox 757 2941 874 3004; x_wconf 83' lang='lat' dir='ltr'><em>codicis</em></span> <span class='ocrx_word' id='word_1_245' title='bbox 889 2941 1056 3003; x_wconf 86' lang='lat' dir='ltr'><em>Beruensis</em></span> <span class='ocrx_word' id='word_1_246' title='bbox 1073 2949 1128 3001; x_wconf 79' lang='lat' dir='ltr'><em>ott</em></span> <span class='ocrx_word' id='word_1_247' title='bbox 1149 2951 1179 3003; x_wconf 90' lang='lat' dir='ltr'><em>et</em></span> <span class='ocrx_word' id='word_1_248' title='bbox 1198 2950 1345 3007; x_wconf 83' lang='lat' dir='ltr'><em>uetustate</em></span> <span class='ocrx_word' id='word_1_249' title='bbox 1357 2952 1387 3004; x_wconf 90' lang='lat' dir='ltr'><em>et</em></span> <span class='ocrx_word' id='word_1_250' title='bbox 1401 2943 1499 3006; x_wconf 88' lang='lat' dir='ltr'><em>inter·</em></span> 
     </span>
    </p>

    <p class='ocr_par' dir='ltr' id='par_1_18' title="bbox 198 3042 1502 3124">
     <span class='ocr_line' id='line_1_27' title="bbox 198 3042 1502 3124; baseline 0.003 -21"><span class='ocrx_word' id='word_1_251' title='bbox 198 3042 356 3119; x_wconf 83' lang='lat' dir='ltr'><em>potatione</em></span> <span class='ocrx_word' id='word_1_252' title='bbox 369 3048 576 3117; x_wconf 77' lang='lat' dir='ltr'><em>cmtfirmatur,</em></span> <span class='ocrx_word' id='word_1_253' title='bbox 596 3044 642 3119; x_wconf 84' lang='lat' dir='ltr'><em>es.</em></span> <span class='ocrx_word' id='word_1_254' title='bbox 658 3062 753 3121; x_wconf 88' lang='lat' dir='ltr'><em>supra</em></span> <span class='ocrx_word' id='word_1_255' title='bbox 766 3063 799 3121; x_wconf 92' lang='lat' dir='ltr'><em>p.</em></span> <span class='ocrx_word' id='word_1_256' title='bbox 815 3046 946 3105; x_wconf 76' lang='lat' dir='ltr'><em>LXXX.</em></span> <span class='ocrx_word' id='word_1_257' title='bbox 985 3046 1061 3113; x_wconf 86' lang='lat' dir='ltr'><em>Iam,</em></span> <span class='ocrx_word' id='word_1_258' title='bbox 1085 3052 1118 3106; x_wconf 88' lang='lat' dir='ltr'><em>ut</em></span> <span class='ocrx_word' id='word_1_259' title='bbox 1133 3043 1277 3123; x_wconf 89' lang='lat' dir='ltr'><em>omittam,</em></span> <span class='ocrx_word' id='word_1_260' title='bbox 1296 3063 1412 3122; x_wconf 90' lang='lat' dir='ltr'><em>parum</em></span> <span class='ocrx_word' id='word_1_261' title='bbox 1426 3057 1502 3124; x_wconf 86' lang='lat' dir='ltr'><em>apte</em></span> 
     </span>
    </p>

    <p class='ocr_par' dir='ltr' id='par_1_19' title="bbox 202 3144 1498 3222">
     <span class='ocr_line' id='line_1_28' title="bbox 202 3144 1498 3222; baseline 0.005 -18"><span class='ocrx_word' id='word_1_262' title='bbox 202 3163 265 3205; x_wconf 77' lang='lat' dir='ltr'><em>caua</em></span> <span class='ocrx_word' id='word_1_263' title='bbox 286 3163 353 3205; x_wconf 90' lang='lat' dir='ltr'><em>cum</em></span> <span class='ocrx_word' id='word_1_264' title='bbox 376 3145 505 3207; x_wconf 80' lang='lat' dir='ltr'><em>Olarcdio</em></span> <span class='ocrx_word' id='word_1_265' title='bbox 526 3144 560 3206; x_wconf 91' lang='lat' dir='ltr'><em>in</em></span> <span class='ocrx_word' id='word_1_266' title='bbox 582 3163 616 3205; x_wconf 89' lang='lat' dir='ltr'><em>re</em></span> <span class='ocrx_word' id='word_1_267' title='bbox 635 3144 824 3222; x_wconf 82' lang='lat' dir='ltr'><em>pronissima</em></span> <span class='ocrx_word' id='word_1_268' title='bbox 844 3149 865 3206; x_wconf 89' lang='lat' dir='ltr'><em>t.</em></span> <span class='ocrx_word' id='word_1_269' title='bbox 886 3149 907 3206; x_wconf 93' lang='lat' dir='ltr'><em>l.</em></span> <span class='ocrx_word' id='word_1_270' title='bbox 933 3145 1117 3208; x_wconf 87' lang='lat' dir='ltr'><em>Flauianum</em></span> <span class='ocrx_word' id='word_1_271' title='bbox 1139 3146 1254 3208; x_wconf 88' lang='lat' dir='ltr'><em>soeculi</em></span> <span class='ocrx_word' id='word_1_272' title='bbox 1276 3146 1378 3209; x_wconf 89' lang='lat' dir='ltr'><em>octaui</em></span> <span class='ocrx_word' id='word_1_273' title='bbox 1399 3148 1498 3211; x_wconf 77' lang='lat' dir='ltr'><em>tour·-</em></span> 
     </span>
    </p>

    <p class='ocr_par' dir='ltr' id='par_1_20' title="bbox 202 3246 1497 3328">
     <span class='ocr_line' id='line_1_29' title="bbox 202 3246 1497 3328; baseline 0.005 -21"><span class='ocrx_word' id='word_1_274' title='bbox 202 3266 277 3314; x_wconf 90' lang='lat' dir='ltr'><em>nem,</em></span> <span class='ocrx_word' id='word_1_275' title='bbox 300 3264 358 3322; x_wconf 83' lang='lat' dir='ltr'><em>quo</em></span> <span class='ocrx_word' id='word_1_276' title='bbox 379 3251 445 3310; x_wconf 91' lang='lat' dir='ltr'><em>loco</em></span> <span class='ocrx_word' id='word_1_277' title='bbox 468 3247 661 3308; x_wconf 88' lang='lat' dir='ltr'><em>Priscianum</em></span> <span class='ocrx_word' id='word_1_278' title='bbox 682 3253 789 3310; x_wconf 88' lang='lat' dir='ltr'><em>saltem</em></span> <span class='ocrx_word' id='word_1_279' title='bbox 811 3246 975 3317; x_wconf 85' lang='lat' dir='ltr'><em>nominari,</em></span> <span class='ocrx_word' id='word_1_280' title='bbox 998 3247 1026 3308; x_wconf 88' lang='lat' dir='ltr'><em>si</em></span> <span class='ocrx_word' id='word_1_281' title='bbox 1047 3247 1250 3324; x_wconf 78' lang='lat' dir='ltr'><em>antiauiorcm</em></span> <span class='ocrx_word' id='word_1_282' title='bbox 1272 3253 1373 3328; x_wconf 88' lang='lat' dir='ltr'><em>nollet,</em></span> <span class='ocrx_word' id='word_1_283' title='bbox 1395 3267 1417 3309; x_wconf 92' lang='lat' dir='ltr'><em>a</em></span> <span class='ocrx_word' id='word_1_284' title='bbox 1432 3254 1497 3313; x_wconf 87' lang='lat' dir='ltr'><em>aol-</em></span> 
     </span>
    </p>

    <p class='ocr_par' dir='ltr' id='par_1_21' title="bbox 201 3350 1497 3428">
     <span class='ocr_line' id='line_1_30' title="bbox 201 3350 1497 3428; baseline 0.005 -20"><span class='ocrx_word' id='word_1_285' title='bbox 201 3352 312 3410; x_wconf 88' lang='lat' dir='ltr'><em>lectore</em></span> <span class='ocrx_word' id='word_1_286' title='bbox 334 3352 500 3426; x_wconf 83' lang='lat' dir='ltr'><em>oportebat,</em></span> <span class='ocrx_word' id='word_1_287' title='bbox 524 3359 784 3410; x_wconf 87' lang='lat' dir='ltr'><em>contmernoratam</em></span> <span class='ocrx_word' id='word_1_288' title='bbox 802 3351 891 3428; x_wconf 86' lang='lat' dir='ltr'><em>sore,</em></span> <span class='ocrx_word' id='word_1_289' title='bbox 921 3358 1006 3410; x_wconf 90' lang='lat' dir='ltr'><em>tanta</em></span> <span class='ocrx_word' id='word_1_290' title='bbox 1029 3359 1072 3410; x_wconf 88' lang='lat' dir='ltr'><em>cst</em></span> <span class='ocrx_word' id='word_1_291' title='bbox 1093 3350 1230 3412; x_wconf 71' lang='lat' dir='ltr'><em>omuibus</em></span> <span class='ocrx_word' id='word_1_292' title='bbox 1250 3361 1394 3428; x_wconf 78' lang='lat' dir='ltr'><em>quotquot</em></span> <span class='ocrx_word' id='word_1_293' title='bbox 1415 3354 1497 3415; x_wconf 80' lang='lat' dir='ltr'><em>ma-</em></span> 
     </span>
    </p>

    <p class='ocr_par' dir='ltr' id='par_1_22' title="bbox 206 3450 1504 3530">
     <span class='ocr_line' id='line_1_31' title="bbox 206 3450 1504 3530; baseline 0.004 -19"><span class='ocrx_word' id='word_1_294' title='bbox 206 3450 293 3511; x_wconf 87' lang='lat' dir='ltr'><em>uiani</em></span> <span class='ocrx_word' id='word_1_295' title='bbox 314 3451 436 3514; x_wconf 87' lang='lat' dir='ltr'><em>nomine</em></span> <span class='ocrx_word' id='word_1_296' title='bbox 457 3460 564 3513; x_wconf 80' lang='lat' dir='ltr'><em>extant</em></span> <span class='ocrx_word' id='word_1_297' title='bbox 585 3450 663 3514; x_wconf 90' lang='lat' dir='ltr'><em>locis</em></span> <span class='ocrx_word' id='word_1_298' title='bbox 676 3469 743 3513; x_wconf 89' lang='lat' dir='ltr'><em>cum</em></span> <span class='ocrx_word' id='word_1_299' title='bbox 756 3450 897 3513; x_wconf 71' lang='lat' dir='ltr'><em>euaristo</em></span> <span class='ocrx_word' id='word_1_300' title='bbox 912 3450 1066 3525; x_wconf 74' lang='lat' dir='ltr'><em>adfinitas,</em></span> <span class='ocrx_word' id='word_1_301' title='bbox 1093 3461 1124 3513; x_wconf 91' lang='lat' dir='ltr'><em>ut</em></span> <span class='ocrx_word' id='word_1_302' title='bbox 1143 3470 1182 3513; x_wconf 86' lang='lat' dir='ltr'><em>ue</em></span> <span class='ocrx_word' id='word_1_303' title='bbox 1203 3472 1280 3515; x_wconf 87' lang='lat' dir='ltr'><em>untts</em></span> <span class='ocrx_word' id='word_1_304' title='bbox 1301 3452 1424 3530; x_wconf 70' lang='lat' dir='ltr'><em>amdam</em></span> <span class='ocrx_word' id='word_1_305' title='bbox 1443 3456 1504 3529; x_wconf 74' lang='lat' dir='ltr'><em>lta-¹</em></span> 
     </span>
    </p>

    <p class='ocr_par' dir='ltr' id='par_1_23' title="bbox 202 3552 1497 3631">
     <span class='ocr_line' id='line_1_32' title="bbox 202 3552 1497 3631; baseline 0.005 -19"><span class='ocrx_word' id='word_1_306' title='bbox 202 3553 252 3613; x_wconf 82' lang='lat' dir='ltr'><em>alie</em></span> <span class='ocrx_word' id='word_1_307' title='bbox 273 3552 313 3613; x_wconf 84' lang='lat' dir='ltr'><em>sit</em></span> <span class='ocrx_word' id='word_1_308' title='bbox 334 3553 493 3628; x_wconf 86' lang='lat' dir='ltr'><em>inuentus,</em></span> <span class='ocrx_word' id='word_1_309' title='bbox 523 3553 596 3629; x_wconf 82' lang='lat' dir='ltr'><em>quin</em></span> <span class='ocrx_word' id='word_1_310' title='bbox 624 3563 678 3615; x_wconf 90' lang='lat' dir='ltr'><em>aut</em></span> <span class='ocrx_word' id='word_1_311' title='bbox 705 3556 811 3615; x_wconf 81' lang='lat' dir='ltr'><em>cadem</em></span> <span class='ocrx_word' id='word_1_312' title='bbox 840 3562 893 3615; x_wconf 88' lang='lat' dir='ltr'><em>aut</em></span> <span class='ocrx_word' id='word_1_313' title='bbox 919 3552 1077 3615; x_wconf 88' lang='lat' dir='ltr'><em>simillima</em></span> <span class='ocrx_word' id='word_1_314' title='bbox 1105 3563 1186 3615; x_wconf 87' lang='lat' dir='ltr'><em>certe</em></span> <span class='ocrx_word' id='word_1_315' title='bbox 1213 3557 1299 3631; x_wconf 83' lang='lat' dir='ltr'><em>apud</em></span> <span class='ocrx_word' id='word_1_316' title='bbox 1320 3554 1497 3618; x_wconf 82' lang='lat' dir='ltr'><em>Oltorisium</em></span> 
     </span>
    </p>

    <p class='ocr_par' dir='ltr' id='par_1_24' title="bbox 201 3654 1496 3734">
     <span class='ocr_line' id='line_1_33' title="bbox 201 3654 1496 3734; baseline 0.003 -19"><span class='ocrx_word' id='word_1_317' title='bbox 201 3655 399 3732; x_wconf 81' lang='lat' dir='ltr'><em>reperiantur</em></span> <span class='ocrx_word' id='word_1_318' title='bbox 421 3654 516 3717; x_wconf 87' lang='lat' dir='ltr'><em>dicta.</em></span> <span class='ocrx_word' id='word_1_319' title='bbox 560 3658 628 3717; x_wconf 89' lang='lat' dir='ltr'><em>Hoc</em></span> <span class='ocrx_word' id='word_1_320' title='bbox 649 3675 708 3732; x_wconf 83' lang='lat' dir='ltr'><em>qao</em></span> <span class='ocrx_word' id='word_1_321' title='bbox 729 3655 835 3717; x_wconf 86' lang='lat' dir='ltr'><em>mal-ius</em></span> <span class='ocrx_word' id='word_1_322' title='bbox 856 3654 1061 3731; x_wconf 80' lang='lat' dir='ltr'><em>intelleputur,</em></span> <span class='ocrx_word' id='word_1_323' title='bbox 1085 3654 1158 3716; x_wconf 90' lang='lat' dir='ltr'><em>istos</em></span> <span class='ocrx_word' id='word_1_324' title='bbox 1171 3659 1263 3730; x_wconf 87' lang='lat' dir='ltr'><em>locos,</em></span> <span class='ocrx_word' id='word_1_325' title='bbox 1285 3675 1358 3733; x_wconf 82' lang='lat' dir='ltr'><em>quos</em></span> <span class='ocrx_word' id='word_1_326' title='bbox 1371 3656 1496 3734; x_wconf 74' lang='lat' dir='ltr'><em>quidem</em></span> 
     </span>
    </p>

    <p class='ocr_par' dir='ltr' id='par_1_25' title="bbox 199 3757 1496 3836">
     <span class='ocr_line' id='line_1_34' title="bbox 199 3757 1496 3836; baseline 0.005 -19"><span class='ocrx_word' id='word_1_327' title='bbox 199 3757 346 3827; x_wconf 88' lang='lat' dir='ltr'><em>nouerim,</em></span> <span class='ocrx_word' id='word_1_328' title='bbox 369 3757 460 3831; x_wconf 79' lang='lat' dir='ltr'><em>infra</em></span> <span class='ocrx_word' id='word_1_329' title='bbox 476 3775 650 3835; x_wconf 88' lang='lat' dir='ltr'><em>proponam</em></span> <span class='ocrx_word' id='word_1_330' title='bbox 673 3776 781 3833; x_wconf 85' lang='lat' dir='ltr'><em>omncs,</em></span> <span class='ocrx_word' id='word_1_331' title='bbox 806 3777 932 3834; x_wconf 82' lang='lat' dir='ltr'><em>quorum</em></span> <span class='ocrx_word' id='word_1_332' title='bbox 955 3775 1079 3820; x_wconf 89' lang='lat' dir='ltr'><em>numero</em></span> <span class='ocrx_word' id='word_1_333' title='bbox 1094 3767 1166 3834; x_wconf 89' lang='lat' dir='ltr'><em>post</em></span> <span class='ocrx_word' id='word_1_334' title='bbox 1186 3757 1284 3820; x_wconf 75' lang='lat' dir='ltr'><em>Keilii</em></span> <span class='ocrx_word' id='word_1_335' title='bbox 1310 3758 1496 3836; x_wconf 79' lang='lat' dir='ltr'><em>(lisputatio-</em></span> 
     </span>
    </p>

    <p class='ocr_par' dir='ltr' id='par_1_26' title="bbox 200 3859 947 3935">
     <span class='ocr_line' id='line_1_35' title="bbox 200 3859 947 3935; baseline 0.004 -17"><span class='ocrx_word' id='word_1_336' title='bbox 200 3877 265 3919; x_wconf 90' lang='lat' dir='ltr'><em>ncm</em></span> <span class='ocrx_word' id='word_1_337' title='bbox 289 3861 392 3920; x_wconf 87' lang='lat' dir='ltr'><em>Herm.</em></span> <span class='ocrx_word' id='word_1_338' title='bbox 415 3862 437 3923; x_wconf 94' lang='lat' dir='ltr'><em>l.</em></span> <span class='ocrx_word' id='word_1_339' title='bbox 461 3864 482 3924; x_wconf 92' lang='lat' dir='ltr'><em>l.</em></span> <span class='ocrx_word' id='word_1_340' title='bbox 505 3860 622 3935; x_wconf 80' lang='lat' dir='ltr'><em>aliqtcot</em></span> <span class='ocrx_word' id='word_1_341' title='bbox 644 3859 717 3922; x_wconf 88' lang='lat' dir='ltr'><em>noui</em></span> <span class='ocrx_word' id='word_1_342' title='bbox 738 3868 947 3922; x_wconf 86' lang='lat' dir='ltr'><em>accesserunt:</em></span> 
     </span>
    </p>
   </div>
   <div class='ocr_carea' id='block_1_3' title="bbox 199 4012 1349 4092">
    <p class='ocr_par' dir='ltr' id='par_1_27' title="bbox 199 4012 1349 4092">
     <span class='ocr_line' id='line_1_36' title="bbox 199 4012 1349 4092; baseline 0.003 -21"><span class='ocrx_word' id='word_1_343' title='bbox 199 4014 221 4071; x_wconf 91' lang='lat' dir='ltr'><em>I</em></span> <span class='ocrx_word' id='word_1_344' title='bbox 232 4014 291 4072; x_wconf 86' lang='lat' dir='ltr'><em>Ars</em></span> <span class='ocrx_word' id='word_1_345' title='bbox 306 4031 459 4092; x_wconf 73' lang='lat' dir='ltr'><em>anonyma</em></span> <span class='ocrx_word' id='word_1_346' title='bbox 473 4013 638 4074; x_wconf 86' lang='lat' dir='ltr'><em>Beruensis</em></span> <span class='ocrx_word' id='word_1_347' title='bbox 648 4031 682 4088; x_wconf 88' lang='lat' dir='ltr'><em>p.</em></span> <span class='ocrx_word' id='word_1_348' title='bbox 699 4021 762 4086; x_wconf 80' lang='lat' dir='ltr'><em>tot,</em></span> <span class='ocrx_word' id='word_1_349' title='bbox 781 4020 833 4073; x_wconf 74' lang='lat'><em>28:</em></span> <span class='ocrx_word' id='word_1_350' title='bbox 1009 4012 1165 4074; x_wconf 75' lang='lat' dir='ltr'><em>Charisius</em></span> <span class='ocrx_word' id='word_1_351' title='bbox 1183 4033 1216 4090; x_wconf 93' lang='lat' dir='ltr'><em>p.</em></span> <span class='ocrx_word' id='word_1_352' title='bbox 1244 4023 1291 4088; x_wconf 80' lang='lat'><em>25,</em></span> <span class='ocrx_word' id='word_1_353' title='bbox 1318 4023 1349 4076; x_wconf 89' lang='lat' dir='ltr'><em>t:</em></span> 
     </span>
    </p>
   </div>
   <div class='ocr_carea' id='block_1_4' title="bbox 201 4131 1493 4313">
    <p class='ocr_par' dir='ltr' id='par_1_28' title="bbox 201 4131 1493 4313">
     <span class='ocr_line' id='line_1_37' title="bbox 243 4131 1493 4211; baseline 0.004 -20"><span class='ocrx_word' id='word_1_354' title='bbox 243 4131 463 4211; x_wconf 81' lang='lat' dir='ltr'><em>Quinquaginta</em></span> <span class='ocrx_word' id='word_1_355' title='bbox 497 4138 594 4192; x_wconf 85' lang='lat' dir='ltr'><em>autam</em></span> <span class='ocrx_word' id='word_1_356' title='bbox 630 4131 704 4191; x_wconf 86' lang='lat' dir='ltr'><em>dnae</em></span> <span class='ocrx_word' id='word_1_357' title='bbox 733 4133 832 4193; x_wconf 88' lang='lat' dir='ltr'><em>termi·</em></span> <span class='ocrx_word' id='word_1_358' title='bbox 903 4131 1071 4193; x_wconf 82' lang='lat' dir='ltr'><em>Edernntut</em></span> <span class='ocrx_word' id='word_1_359' title='bbox 1087 4139 1183 4192; x_wconf 85' lang='lat' dir='ltr'><em>autent</em></span> <span class='ocrx_word' id='word_1_360' title='bbox 1200 4132 1303 4193; x_wconf 86' lang='lat' dir='ltr'><em>ordine</em></span> <span class='ocrx_word' id='word_1_361' title='bbox 1318 4132 1493 4197; x_wconf 86' lang='lat' dir='ltr'><em>litterarum</em></span> 
     </span>
     <span class='ocr_line' id='line_1_38' title="bbox 201 4231 1492 4313; baseline 0.004 -21"><span class='ocrx_word' id='word_1_362' title='bbox 201 4233 512 4295; x_wconf 84' lang='lat' dir='ltr'><em>nationessecundum</em></span> <span class='ocrx_word' id='word_1_363' title='bbox 536 4231 754 4294; x_wconf 84' lang='lat' dir='ltr'><em>Flauianum</em></span> <span class='ocrx_word' id='word_1_364' title='bbox 776 4234 832 4295; x_wconf 83' lang='lat' dir='ltr'><em>hae</em></span> <span class='ocrx_word' id='word_1_365' title='bbox 859 4236 917 4294; x_wconf 84' lang='lat' dir='ltr'><em>sic:</em></span> <span class='ocrx_word' id='word_1_366' title='bbox 947 4253 999 4313; x_wconf 86' lang='lat' dir='ltr'><em>per</em></span> <span class='ocrx_word' id='word_1_367' title='bbox 1029 4253 1044 4294; x_wconf 84' lang='lat' dir='ltr'><em>a</em></span> <span class='ocrx_word' id='word_1_368' title='bbox 1075 4232 1100 4294; x_wconf 87' lang='lat' dir='ltr'><em>ai</em></span> <span class='ocrx_word' id='word_1_369' title='bbox 1125 4252 1160 4293; x_wconf 88' lang='lat' dir='ltr'><em>an</em></span> <span class='ocrx_word' id='word_1_370' title='bbox 1184 4253 1237 4295; x_wconf 87' lang='lat' dir='ltr'><em>ans</em></span> <span class='ocrx_word' id='word_1_371' title='bbox 1259 4253 1292 4295; x_wconf 86' lang='lat' dir='ltr'><em>ar</em></span> <span class='ocrx_word' id='word_1_372' title='bbox 1314 4253 1368 4296; x_wconf 86' lang='lat' dir='ltr'><em>ars</em></span> <span class='ocrx_word' id='word_1_373' title='bbox 1387 4253 1422 4297; x_wconf 84' lang='lat' dir='ltr'><em>as</em></span> <span class='ocrx_word' id='word_1_374' title='bbox 1444 4255 1492 4307; x_wconf 85' lang='lat' dir='ltr'><em>ax,</em></span> 
     </span>
    </p>
   </div>
   <div class='ocr_carea' id='block_1_5' title="bbox 197 4416 1493 4889">
    <p class='ocr_par' dir='ltr' id='par_1_29' title="bbox 197 4416 1493 4889">
     <span class='ocr_line' id='line_1_39' title="bbox 266 4416 1491 4488; baseline 0.004 -20"><span class='ocrx_word' id='word_1_375' title='bbox 266 4416 294 4482; x_wconf 80' lang='lat' dir='ltr'><em>*J</em></span> <span class='ocrx_word' id='word_1_376' title='bbox 314 4419 375 4468; x_wconf 86' lang='lat' dir='ltr'><em>Nam</em></span> <span class='ocrx_word' id='word_1_377' title='bbox 395 4419 457 4481; x_wconf 86' lang='lat' dir='ltr'><em>hoo,</em></span> <span class='ocrx_word' id='word_1_378' title='bbox 480 4420 549 4482; x_wconf 89' lang='lat' dir='ltr'><em>quod</em></span> <span class='ocrx_word' id='word_1_379' title='bbox 568 4419 630 4469; x_wconf 87' lang='lat' dir='ltr'><em>mihi</em></span> <span class='ocrx_word' id='word_1_380' title='bbox 647 4419 784 4483; x_wconf 84' lang='lat' dir='ltr'><em>aliquando</em></span> <span class='ocrx_word' id='word_1_381' title='bbox 803 4421 828 4468; x_wconf 91' lang='lat' dir='ltr'><em>in</em></span> <span class='ocrx_word' id='word_1_382' title='bbox 848 4432 955 4470; x_wconf 71' lang='lat' dir='ltr'><em>{stentem</em></span> <span class='ocrx_word' id='word_1_383' title='bbox 974 4423 1056 4483; x_wconf 87' lang='lat' dir='ltr'><em>uenit,</em></span> <span class='ocrx_word' id='word_1_384' title='bbox 1079 4435 1138 4470; x_wconf 89' lang='lat' dir='ltr'><em>cum</em></span> <span class='ocrx_word' id='word_1_385' title='bbox 1157 4436 1208 4470; x_wconf 89' lang='lat' dir='ltr'><em>non</em></span> <span class='ocrx_word' id='word_1_386' title='bbox 1227 4421 1349 4485; x_wconf 79' lang='lat' dir='ltr'><em>habeam,</em></span> <span class='ocrx_word' id='word_1_387' title='bbox 1372 4436 1424 4483; x_wconf 86' lang='lat' dir='ltr'><em>quo</em></span> <span class='ocrx_word' id='word_1_388' title='bbox 1443 4436 1491 4488; x_wconf 85' lang='lat' dir='ltr'><em>po·</em></span> 
     </span>
     <span class='ocr_line' id='line_1_40' title="bbox 197 4487 1490 4554; baseline 0.003 -19"><span class='ocrx_word' id='word_1_389' title='bbox 197 4488 323 4537; x_wconf 82' lang='lat' dir='ltr'><em>tissimum</em></span> <span class='ocrx_word' id='word_1_390' title='bbox 351 4497 504 4553; x_wconf 83' lang='lat' dir='ltr'><em>argumento</em></span> <span class='ocrx_word' id='word_1_391' title='bbox 523 4487 710 4537; x_wconf 76' lang='lat' dir='ltr'><em>exinteratum</em></span> <span class='ocrx_word' id='word_1_392' title='bbox 737 4488 846 4538; x_wconf 74' lang='lat' dir='ltr'><em>historia</em></span> <span class='ocrx_word' id='word_1_393' title='bbox 868 4489 947 4554; x_wconf 89' lang='lat' dir='ltr'><em>petito</em></span> <span class='ocrx_word' id='word_1_394' title='bbox 971 4489 1119 4552; x_wconf 78' lang='lat' dir='ltr'><em>defendam,</em></span> <span class='ocrx_word' id='word_1_395' title='bbox 1149 4491 1211 4538; x_wconf 81' lang='lat' dir='ltr'><em>satis</em></span> <span class='ocrx_word' id='word_1_396' title='bbox 1238 4490 1353 4539; x_wconf 83' lang='lat' dir='ltr'><em>modeste</em></span> <span class='ocrx_word' id='word_1_397' title='bbox 1375 4489 1490 4553; x_wconf 77' lang='lat' dir='ltr'><em>eloquar,</em></span> 
     </span>
     <span class='ocr_line' id='line_1_41' title="bbox 199 4555 1491 4621; baseline 0.003 -18"><span class='ocrx_word' id='word_1_398' title='bbox 199 4555 345 4605; x_wconf 81' lang='lat' dir='ltr'><em>Maximiani</em></span> <span class='ocrx_word' id='word_1_399' title='bbox 365 4567 389 4605; x_wconf 85' lang='lat' dir='ltr'><em>et</em></span> <span class='ocrx_word' id='word_1_400' title='bbox 408 4555 522 4605; x_wconf 77' lang='lat' dir='ltr'><em>Flauiani</em></span> <span class='ocrx_word' id='word_1_401' title='bbox 543 4557 686 4606; x_wconf 86' lang='lat' dir='ltr'><em>nominibus</em></span> <span class='ocrx_word' id='word_1_402' title='bbox 709 4556 818 4607; x_wconf 78' lang='lat' dir='ltr'><em>fortasse</em></span> <span class='ocrx_word' id='word_1_403' title='bbox 843 4571 893 4606; x_wconf 90' lang='lat' dir='ltr'><em>uon</em></span> <span class='ocrx_word' id='word_1_404' title='bbox 916 4559 988 4621; x_wconf 82' lang='lat' dir='ltr'><em>ipsos</em></span> <span class='ocrx_word' id='word_1_405' title='bbox 1009 4557 1111 4607; x_wconf 79' lang='lat' dir='ltr'><em>Maximi</em></span> <span class='ocrx_word' id='word_1_406' title='bbox 1132 4559 1256 4607; x_wconf 78' lang='lat' dir='ltr'><em>Victorini</em></span> <span class='ocrx_word' id='word_1_407' title='bbox 1274 4569 1298 4607; x_wconf 81' lang='lat' dir='ltr'><em>et</em></span> <span class='ocrx_word' id='word_1_408' title='bbox 1318 4557 1398 4605; x_wconf 80' lang='lat' dir='ltr'><em>Flauii</em></span> <span class='ocrx_word' id='word_1_409' title='bbox 1416 4556 1491 4607; x_wconf 83' lang='lat' dir='ltr'><em>Sosi—</em></span> 
     </span>
     <span class='ocr_line' id='line_1_42' title="bbox 197 4623 1492 4690; baseline 0.003 -19"><span class='ocrx_word' id='word_1_410' title='bbox 197 4626 262 4687; x_wconf 84' lang='lat' dir='ltr'><em>patti</em></span> <span class='ocrx_word' id='word_1_411' title='bbox 277 4624 385 4673; x_wconf 84' lang='lat' dir='ltr'><em>Charisii</em></span> <span class='ocrx_word' id='word_1_412' title='bbox 404 4623 483 4673; x_wconf 79' lang='lat' dir='ltr'><em>libros</em></span> <span class='ocrx_word' id='word_1_413' title='bbox 501 4623 640 4674; x_wconf 83' lang='lat' dir='ltr'><em>intellectos</em></span> <span class='ocrx_word' id='word_1_414' title='bbox 659 4624 748 4685; x_wconf 83' lang='lat' dir='ltr'><em>inisse,</em></span> <span class='ocrx_word' id='word_1_415' title='bbox 768 4626 813 4674; x_wconf 84' lang='lat' dir='ltr'><em>sed</em></span> <span class='ocrx_word' id='word_1_416' title='bbox 832 4625 1006 4675; x_wconf 85' lang='lat' dir='ltr'><em>tantummodo</em></span> <span class='ocrx_word' id='word_1_417' title='bbox 1025 4625 1219 4690; x_wconf 87' lang='lat' dir='ltr'><em>discipulorum,</em></span> <span class='ocrx_word' id='word_1_418' title='bbox 1238 4627 1281 4687; x_wconf 85' lang='lat' dir='ltr'><em>qui</em></span> <span class='ocrx_word' id='word_1_419' title='bbox 1300 4624 1399 4673; x_wconf 85' lang='lat' dir='ltr'><em>iliorum</em></span> <span class='ocrx_word' id='word_1_420' title='bbox 1420 4625 1492 4675; x_wconf 85' lang='lat' dir='ltr'><em>uiso·</em></span> 
     </span>
     <span class='ocr_line' id='line_1_43' title="bbox 198 4690 1493 4758; baseline 0.005 -21"><span class='ocrx_word' id='word_1_421' title='bbox 198 4706 253 4739; x_wconf 82' lang='lat' dir='ltr'><em>unm</em></span> <span class='ocrx_word' id='word_1_422' title='bbox 271 4692 385 4741; x_wconf 77' lang='lat' dir='ltr'><em>doctrina</em></span> <span class='ocrx_word' id='word_1_423' title='bbox 403 4692 483 4740; x_wconf 82' lang='lat' dir='ltr'><em>inbuti</em></span> <span class='ocrx_word' id='word_1_424' title='bbox 502 4690 612 4741; x_wconf 83' lang='lat' dir='ltr'><em>inissent</em></span> <span class='ocrx_word' id='word_1_425' title='bbox 629 4707 767 4756; x_wconf 86' lang='lat' dir='ltr'><em>eorumque</em></span> <span class='ocrx_word' id='word_1_426' title='bbox 785 4695 894 4758; x_wconf 85' lang='lat' dir='ltr'><em>scriptu,</em></span> <span class='ocrx_word' id='word_1_427' title='bbox 912 4703 941 4741; x_wconf 89' lang='lat' dir='ltr'><em>nt</em></span> <span class='ocrx_word' id='word_1_428' title='bbox 959 4708 1005 4758; x_wconf 84' lang='lat' dir='ltr'><em>put·</em></span> <span class='ocrx_word' id='word_1_429' title='bbox 1023 4704 1089 4751; x_wconf 84' lang='lat' dir='ltr'><em>erat,</em></span> <span class='ocrx_word' id='word_1_430' title='bbox 1109 4706 1135 4742; x_wconf 85' lang='lat' dir='ltr'><em>et</em></span> <span class='ocrx_word' id='word_1_431' title='bbox 1146 4692 1313 4742; x_wconf 83' lang='lat' dir='ltr'><em>describenda</em></span> <span class='ocrx_word' id='word_1_432' title='bbox 1330 4704 1448 4743; x_wconf 78' lang='lat' dir='ltr'><em>curarent</em></span> <span class='ocrx_word' id='word_1_433' title='bbox 1464 4705 1493 4743; x_wconf 81' lang='lat' dir='ltr'><em>et</em></span> 
     </span>
     <span class='ocr_line' id='line_1_44' title="bbox 197 4759 1492 4826; baseline 0.008 -22"><span class='ocrx_word' id='word_1_434' title='bbox 197 4759 251 4806; x_wconf 73' lang='lat' dir='ltr'><em>suin</em></span> <span class='ocrx_word' id='word_1_435' title='bbox 270 4759 411 4809; x_wconf 83' lang='lat' dir='ltr'><em>niiornmne</em></span> <span class='ocrx_word' id='word_1_436' title='bbox 429 4760 540 4809; x_wconf 85' lang='lat' dir='ltr'><em>inuentis</em></span> <span class='ocrx_word' id='word_1_437' title='bbox 559 4761 722 4826; x_wconf 82' lang='lat' dir='ltr'><em>adaugerent.</em></span> <span class='ocrx_word' id='word_1_438' title='bbox 758 4761 808 4810; x_wconf 81' lang='lat' dir='ltr'><em>Sed</em></span> <span class='ocrx_word' id='word_1_439' title='bbox 831 4761 892 4810; x_wconf 79' lang='lat' dir='ltr'><em>lineo</em></span> <span class='ocrx_word' id='word_1_440' title='bbox 911 4774 938 4810; x_wconf 87' lang='lat' dir='ltr'><em>nt</em></span> <span class='ocrx_word' id='word_1_441' title='bbox 956 4762 1031 4810; x_wconf 86' lang='lat' dir='ltr'><em>nimis</em></span> <span class='ocrx_word' id='word_1_442' title='bbox 1055 4763 1149 4809; x_wconf 81' lang='lat' dir='ltr'><em>incerta</em></span> <span class='ocrx_word' id='word_1_443' title='bbox 1167 4762 1283 4824; x_wconf 78' lang='lat' dir='ltr'><em>quaestio</em></span> <span class='ocrx_word' id='word_1_444' title='bbox 1301 4762 1326 4809; x_wconf 91' lang='lat' dir='ltr'><em>in</em></span> <span class='ocrx_word' id='word_1_445' title='bbox 1346 4761 1432 4812; x_wconf 88' lang='lat' dir='ltr'><em>medio</em></span> <span class='ocrx_word' id='word_1_446' title='bbox 1449 4777 1492 4813; x_wconf 75' lang='lat' dir='ltr'><em>re·</em></span> 
     </span>
     <span class='ocr_line' id='line_1_45' title="bbox 197 4826 399 4889; baseline 0.01 -16"><span class='ocrx_word' id='word_1_447' title='bbox 197 4826 334 4889; x_wconf 84' lang='lat' dir='ltr'><em>linquenda</em></span> <span class='ocrx_word' id='word_1_448' title='bbox 352 4839 399 4875; x_wconf 78' lang='lat' dir='ltr'><em>cst.</em></span> 
     </span>
    </p>
   </div>
   <div class='ocr_carea' id='block_1_6' title="bbox 0 0 1714 5378">
    <p class='ocr_par' dir='ltr' id='par_1_30' title="bbox 0 0 1714 5378">
     <span class='ocr_line' id='line_1_46' title="bbox 0 0 1714 5378; baseline 0 1"><span class='ocrx_word' id='word_1_449' title='bbox 0 0 1714 5378; x_wconf 95' lang='lat' dir='ltr'><em> </em></span> 
     </span>
    </p>
   </div>
  </div>
 </body>
</html>
