3420 5378
201 298 303 348 ccmv
366 285 416 336 nt:
434 283 648 337 uuxtnttuo
668 283 851 336 PAPERINO
869 282 1088 336 Hiuuouutto
1106 280 1323 338 tvuvsutttO.
1425 245 1429 251 Ι

283 475 303 533 i.
326 470 389 534 2tb
415 471 667 552 Hieronymus
691 489 768 533 nouo
789 489 900 551 genere
922 471 1041 533 dicendi
1063 472 1117 532 eit:
1147 471 1220 532 item
1243 480 1276 530 ut
1298 480 1402 531 notum
1425 488 1492 531 sen·

200 594 266 637 sum
288 593 342 655 per
364 576 496 653 ignotum
519 574 662 643 ostendat,
687 581 719 634 ut
742 582 799 634 est:
824 576 949 634 ‘nornen
973 573 1086 634 dictum
1108 581 1154 634 est
1175 574 1258 653 quusi
1280 574 1440 634 notamen’
1463 583 1493 632 et

199 675 325 754 reliquo.

268 866 281 912 l
300 861 372 914 hieru
421 863 521 913 dicendi
540 873 568 913 nt
586 859 607 915 ἰὶ
659 865 675 912 ’2
694 863 843 912 ostendetur
893 862 987 911 dictum
1007 859 1056 927 ost]
1080 863 1189 913 Videtur
1207 863 1239 913 de
1256 863 1397 925 definiendi
1412 863 1440 910 ui
1456 868 1492 910 at·

200 947 248 998 que
264 934 366 983 ratione
384 934 439 996 opi,
457 932 492 994 os.
511 947 557 981 are
575 946 699 997 anonymo
717 929 797 983 Bern.
816 947 842 995 p.
862 933 904 994 di,
922 934 939 979 d

284 1105 364 1164 Huic
384 1103 563 1177 subiunpunr
578 1102 653 1164 duos
675 1104 702 1161 A
707 1105 837 1177 upurti
841 1104 880 1162 ni
899 1104 991 1173 locos,
1016 1117 1143 1175 quorum
1157 1102 1237 1159 ulter
1251 1102 1282 1160 in
1298 1102 1404 1160 eudem
1420 1101 1490 1173 defi-

199 1208 321 1266 nitionis
342 1206 548 1281 explicandae
567 1208 695 1266 neoterio
716 1210 868 1277 uniatur,
889 1201 919 1276 f.
943 1209 979 1261 θ’
1000 1209 1029 1261 et
1047 1200 1077 1275 s.
1102 1207 1173 1261 14⁰:

284 1305 305 1366 i.
328 1302 369 1367 8⁸
397 1307 433 1367 vt
460 1305 692 1383 Augustinus
720 1304 803 1366 dicit:
833 1304 888 1365 vui
913 1304 1081 1366 tnuonimus
1104 1303 1223 1364 ‘dictus’
1248 1301 1295 1363 uei
1318 1302 1421 1365 ‘dieto‘
1445 1302 1492 1364 uei

199 1407 345 1477 ‘dietum',
369 1425 429 1468 non
452 1415 555 1469 nature
583 1405 624 1469 ttt
652 1407 803 1477 definitur,
830 1407 881 1467 sed
905 1407 982 1487 quod
1005 1424 1060 1467 usu
1082 1404 1131 1465 uel
1152 1406 1328 1465 auctoritate
1349 1403 1399 1465 uei
1421 1421 1491 1463 con·

199 1509 356 1571 suetudine
384 1510 432 1577 tn;
462 1508 513 1569 ubi
540 1527 613 1570 uero
640 1508 791 1569 inuenitur
819 1507 959 1577 uerbum,
988 1506 1066 1588 qttod
1092 1506 1200 1568 dieitur
1221 1508 1299 1574 ‘est'‚
1323 1505 1364 1567 ibi
1386 1513 1491 1568 nature
1558 1555 1560 1560 .

199 1628 306 1672 sensus
328 1609 377 1672 uei
399 1612 481 1672 uocis
502 1609 550 1673 uei
572 1627 677 1673 sensus
698 1619 729 1671 et
749 1612 832 1671 uocis
854 1609 1001 1671 definitur.

284 1710 382 1775 [15⁰
404 1711 441 1773 Et
461 1713 693 1791 Augustinus
715 1712 798 1773 dicit:
821 1712 964 1774 Neutrum
979 1712 1093 1772 dietum
1108 1718 1154 1772 est
1175 1730 1211 1772 ex
1228 1712 1404 1772 necessitate
1419 1728 1515 1773 usust

199 1816 231 1875 in
253 1813 431 1894 quibusdam
453 1813 636 1885 mortalibus,
659 1832 735 1892 quae
758 1832 813 1875 nee
835 1820 995 1894 potuerunt
1017 1814 1075 1875 dici
1097 1812 1258 1875 masculina
1279 1830 1334 1873 nee
1351 1812 1491 1873 feminine

201 1934 255 1978 nec
277 1915 388 1996 aliquid
411 1923 555 1995 generent
576 1933 631 1977 nee
652 1937 669 1978 a
691 1915 818 1994 quodam
841 1918 1013 1995 gignuntur.
1058 1914 1129 1976 lude
1151 1915 1347 1976 articuloriter
1371 1922 1491 1975 natura·

200 2018 326 2098 {iterque
350 2016 524 2079 mortalibus
546 2019 716 2095 iunguntur.

269 2206 281 2252 1
301 2215 329 2252 ut
346 2201 491 2319 agustinus]
510 2204 546 2267 ef.
564 2219 610 2254 nre
627 2220 753 2269 anonymo
770 2203 850 2255 Bern.
866 2220 893 2269 p.
913 2207 956 2269 dd,
976 2207 1043 2255 2-8
1112 2207 1127 2253 2
1146 2205 1180 2253 ibi
1197 2200 1231 2253 de
1247 2203 1342 2253 diuitnr
1411 2203 1429 2253 ‘t
1447 2217 1493 2251 nee

202 2269 272 2321 eliud
289 2272 358 2337 signi
378 2283 436 2320 cent

289 2426 380 2487 Vides
404 2428 481 2486 miro
510 2428 589 2486 inter
616 2442 647 2485 se
672 2432 821 2487 concentu
848 2426 1027 2504 Hieronymi
1051 2434 1080 2487 et
1101 2428 1263 2501 Aupustini
1287 2427 1370 2487 iocos
1397 2427 1491 2487 conti

199 2529 277 2605 neri,
299 2528 383 2603 qnod
401 2528 488 2587 nond
506 2514 719 2601 cnsu'fuetum
740 2545 804 2588 esse
825 2530 954 2603 uidetur,
979 2530 1032 2589 sed
1053 2528 1200 2603 quomodo
1222 2530 1256 2588 id
1275 2525 1426 2588 cecidisse
1447 2529 1492 2588 di·

198 2645 278 2706 cam,
301 2629 447 2704 expedire
468 2646 527 2688 non
549 2631 645 2690 unteo.

289 2730 398 2791 Vitimo
419 2731 485 2790 loco
503 2748 673 2807 proponam
695 2737 871 2807 excerptum
893 2733 931 2792 de
949 2735 1206 2808 praepositionum
1228 2729 1492 2793 occurat-incensu

197 2830 372 2893 iunctorum
394 2830 563 2908 quontitate
583 2829 740 2894 metricum
761 2842 928 2893 memoratu
950 2832 1166 2908 dipnissirnwn,
1190 2835 1221 2893 in
1236 2851 1295 2908 quo
1309 2834 1342 2894 id
1363 2850 1491 2895 omnmo

194 2950 271 3009 pere
297 2936 482 3010 querendum
509 2943 567 3008 est,
596 2936 678 3011 quod
707 2934 844 2995 auctoris
872 2952 977 2995 nornen
1006 2937 1133 2995 dimidiu
1161 2951 1201 2994 en
1216 2942 1310 3012 porte
1326 2935 1493 3011 putredine

198 3034 342 3096 euurruit:

283 3135 304 3196 i.
327 3133 368 3197 3¹³
395 3137 466 3197 item
577 3155 695 3198 nouus
717 3137 801 3198 dicit:
824 3137 1062 3218 Praepositiones
1078 3140 1276 3200 accusetiuoe:
1300 3137 1361 3199 ‘ad'
1378 3137 1489 3206 breuis.

198 3240 292 3318 ‘aput'
315 3238 419 3300 ambae
445 3238 564 3309 breues,
588 3238 691 3299 ‘onte'
714 3238 818 3300 otnttae
841 3239 949 3301 breues
971 3246 1053 3310 sunt,
1078 3240 1271 3301 ‘aduersum’
1295 3257 1399 3301 omnes
1420 3239 1490 3302 bre·

201 3357 261 3410 ues,
285 3341 353 3402 ‘cis'
376 3340 472 3419 ionga,
496 3341 594 3401 ‘citro'
618 3342 644 3401 ei
660 3340 760 3402 breuis
781 3349 825 3400 tra
842 3339 937 3420 ionga,
962 3343 1099 3403 ‘circum’
1123 3342 1226 3404 curbae
1242 3340 1360 3412 breues,
1385 3342 1490 3403 ‘circa’

199 3445 242 3503 eir
264 3442 364 3506 breuis
393 3462 427 3504 eo
456 3442 557 3521 ionga,
589 3443 716 3504 ‘eontra’
744 3461 800 3503 eon
830 3442 930 3504 breuis
953 3451 996 3503 tra
1019 3443 1122 3523 ionga,
1155 3445 1250 3521 ‘ergo'
1273 3462 1306 3504 er
1331 3443 1432 3505 breuis
1453 3460 1491 3521 go

199 3542 296 3624 ionga,
320 3546 427 3606 ‘extro'
451 3563 487 3605 ex
509 3544 610 3605 breuis
632 3552 676 3605 tro
699 3545 794 3624 ionga,
819 3546 921 3605 ‘inter'
944 3545 1048 3607 ontboe
1072 3544 1186 3615 breues,
1210 3547 1312 3607 ‘intro’
1335 3546 1366 3605 in
1390 3543 1514 3607 breuise

198 3655 243 3707 tre
266 3645 367 3725 longa,
396 3647 497 3709 ‘inire’
521 3648 551 3707 in
576 3646 676 3707 breuis
697 3648 741 3708 ira
763 3646 867 3724 longo,
895 3648 1003 3707 ‘iuxta’
1026 3649 1108 3727 prior
1130 3648 1231 3708 breuis
1253 3655 1282 3707 to
1303 3644 1402 3725 ionga,
1426 3646 1490 3707 ‘ob’

199 3749 305 3819 brente,
330 3749 445 3828 ‘penes’
468 3750 572 3811 ambae
595 3748 717 3818 breues,
740 3750 818 3834 ‘per’
842 3749 956 3820 breuis,
980 3751 1109 3829 ‘prope’
1131 3740 1235 3810 amosi
1261 3749 1383 3817 breues,
1407 3752 1491 3828 ‘pro-

198 3855 276 3930 pter’
308 3848 412 3912 ambae
436 3848 557 3922 breues,
587 3855 729 3933 ‘praeter’
752 3868 824 3930 prae
845 3850 932 3928 longe
962 3860 1007 3913 ter
1036 3851 1149 3926 breuis,
1179 3852 1269 3930 ‘post’
1293 3851 1409 3920 breuis,
1438 3850 1490 3911 sed

198 3953 284 4030 longo
307 3953 462 4033 positione.

268 4141 281 4188 1
300 4140 500 4205 praepositionis
518 4141 663 4189 nrcnsntiuc
681 4141 723 4190 adi
742 4141 825 4189 tironis
894 4141 1016 4191 innume
1040 4141 1169 4205 tremente
1186 4141 1261 4207 nnibq
1280 4142 1369 4189 breues
1389 4151 1427 4190 est
1446 4142 1490 4189 ad-

199 4222 301 4256 uersum
368 4209 440 4257 4eir
459 4208 644 4266 b1·eues,corr.
662 4209 747 4257 breuis
800 4224 860 4273 ergn
880 4224 919 4257 ror
937 4208 1021 4256 breuis
1090 4208 1202 4271 ipeues
1221 4209 1353 4258 ambrones

286 4379 356 4450 Quis
377 4379 428 4437 ille
448 4381 487 4438 sit
509 4386 631 4453 auctor,
656 4377 772 4454 neseio,
796 4381 851 4439 sed
871 4381 909 4438 de
930 4381 1034 4439 cedern
1055 4396 1090 4438 re
1111 4385 1322 4440 tructuuernnt
1343 4380 1493 4455 [Probus]

198 4483 236 4541 de
258 4482 369 4542 ultimis
389 4479 514 4557 opilabis
531 4499 564 4556 p.
589 4486 661 4553 253,
688 4487 726 4538 28
751 4488 780 4540 et
801 4480 929 4541 Seruius
951 4482 989 4540 de
1007 4479 1152 4554 finalibus
1170 4500 1203 4558 p.
1227 4490 1300 4555 454,
1326 4487 1379 4555 27,
1411 4492 1492 4543 uter-

198 4600 256 4658 que
283 4600 359 4642 itero
387 4585 449 4656 ito,
480 4589 512 4642 ut
539 4599 558 4639 n
585 4589 687 4643 nostro
710 4584 823 4657 procul
849 4582 1009 4659 discrepet.
1057 4583 1144 4642 Beda
1167 4601 1283 4658 quoquc
1307 4601 1340 4658 p.
1368 4591 1447 4643 23⁶3
1470 4585 1497 4643 P

197 4683 275 4744 ninii
295 4685 401 4744 norum
423 4681 522 4743 sinite
539 4686 676 4758 protulit.
