3420 5378
208 262 271 328 262
600 253 832 313 οοιιιιιιιιτιιιι
849 258 1091 312 mnsmmmsu

209 453 384 520 uocabatur;
413 453 506 512 eiecto
534 449 585 511 illo
613 451 768 531 prouincia
797 447 872 509 dicta
895 457 949 509 cst.
994 446 1094 509 Sicilia
1117 446 1227 509 dicitur
1248 465 1264 507 a
1288 446 1391 509 Siculo
1413 463 1494 524 rege.

88 554 285 621 ‹nosanltalia
302 551 339 615 ab
354 553 437 614 ltalo.
452 587 488 597 -
503 553 684 631 Praepositio
700 549 850 612 aduerbiis
865 568 1009 628 nusquam
1026 550 1182 631 apponitur
1196 567 1251 629 per
1266 549 1495 630 appositionem.

205 656 256 717 secl
279 673 335 734 per
357 656 617 735 compositionem,
648 663 677 715 ut
707 653 898 733 ‘derepente’
929 652 983 713 sub
1005 671 1065 713 uno
1087 661 1210 714 accentu
1232 652 1446 732 pronuntiatur
1468 658 1499 712 et

206 765 314 818 cetera.

700 909 749 970 DE
771 906 991 970 nauticum.
1509 924 1522 961 a

104 1066 192 1113 rann
290 1046 538 1123 Participium
562 1053 726 1123 estpars
753 1044 949 1105 orationis.
994 1043 1063 1104 Post
1085 1062 1193 1106 nomen
1216 1054 1246 1104 et
1268 1042 1397 1105 uerbum
1421 1044 1499 1105 benc

206 1149 310 1230 posuit
325 1147 549 1209 Priscianus
572 1147 776 1226 participium,
800 1147 869 1223 quia
893 1144 930 1204 ab
946 1151 1072 1225 utroque
1094 1147 1191 1206 uenit:
1215 1146 1284 1207 inde
1306 1147 1498 1227 participium

207 1250 315 1310 elicitur
342 1249 427 1327 qtrasi
455 1250 685 1327 ‘particapium'
710 1256 739 1307 et
760 1258 869 1310 cetera.
915 1244 982 1306 ldeo
1004 1249 1157 1307 inuentum
1181 1256 1226 1308 est
1248 1249 1440 1328 participium
1463 1249 1499 1310 ad

207 1352 389 1414 transitiuam
412 1347 424 1432 ΙΙ
444 1345 504 1409 190
519 1346 530 1430 ΙΙ
551 1351 802 1411 constructionem
825 1346 925 1413 nerhi;
955 1367 1009 1426 por
1031 1367 1138 1410 nomen
1162 1357 1191 1408 et
1213 1349 1339 1410 uerbum
1364 1350 1445 1412 nulla
1469 1352 1502 1411 lrt

207 1454 358 1519 transitio,
388 1460 420 1511 ut
443 1450 677 1529 ‘homolegit'z
707 1471 765 1512 non
789 1458 885 1530 potest
907 1452 1034 1511 transire
1057 1450 1091 1511 ad
1115 1451 1201 1512 aliam
1224 1469 1401 1532 personam,
1430 1455 1499 1533 quia
1513 1472 1535 1511 n

207 1555 407 1615 nominatiuus
429 1553 636 1614 intransitiuus
659 1556 754 1613 estin
777 1572 810 1614 se
832 1569 970 1621 maneum
1002 1551 1053 1613 sed
1076 1552 1200 1613 uerbum
1223 1555 1329 1614 transit
1351 1556 1383 1614 in
1406 1556 1502 1634 parti·

208 1656 334 1737 cipium,
363 1665 396 1714 ut
423 1655 458 1715 nt
485 1656 622 1715 transitio
651 1653 734 1714 uerbi
763 1656 869 1732 gratia:
898 1654 1045 1714 ‘hominis
1071 1652 1222 1731 loquentis
1248 1654 1328 1717 iilius
1352 1666 1398 1717 est
1419 1657 1500 1718 iste’.

106 1778 157 1825 mr,
171 1779 195 1818 ιι
210 1758 269 1819 lam
292 1756 368 1818 tluae
390 1764 460 1816 sunt
483 1774 641 1834 personae:
665 1773 792 1836 persona
815 1757 908 1835 patris
931 1758 1036 1816 transit
1056 1757 1087 1816 in
1108 1755 1208 1817 lilium.
1227 1791 1263 1802 -
1288 1757 1500 1840 Participia

209 1858 426 1938 praesentis
455 1861 633 1937 temporis
660 1859 813 1936 generis
840 1867 925 1919 sunt
952 1860 1078 1919 omnis.
1122 1858 1203 1919 Licet
1230 1860 1414 1937 generaliter
1443 1860 1500 1923 lroc

208 1961 297 2028 uixit,
327 1968 393 2019 sunt
417 1967 514 2018 tamen
536 1959 696 2039 quaedam,
726 1977 800 2037 quae
823 1958 859 2019 arl
883 1977 979 2020 mares
1001 1958 1047 2019 uel
1071 1959 1107 2020 ad
1130 1960 1252 2021 seminas
1275 1964 1445 2041 pertinent,
1467 1972 1532 2025 utu

210 2061 314 2122 ‘nubo'
338 2060 462 2122 uerbum
485 2061 603 2122 lerninis
626 2062 781 2129 adhaeret,
809 2060 879 2121 inde
903 2063 1089 2140 participium
1113 2064 1179 2122 eius
1201 2061 1340 2124 ‘nubens'
1365 2065 1501 2127 feminini

210 2164 327 2241 generis
350 2170 407 2232 est,
437 2164 461 2221 si
484 2181 542 2223 non
565 2165 689 2240 figurate
712 2164 821 2224 dixeris
843 2162 952 2222 ‘bonus
973 2165 1089 2223 animus
1111 2166 1214 2242 nupsit
1235 2164 1318 2224 mihi’
1343 2182 1400 2243 pro
1424 2168 1501 2229 ‘mu-

210 2264 284 2326 liero
308 2263 416 2325 bonurn
439 2264 569 2324 animum
591 2264 742 2325 habente'.
780 2265 920 2326 Ecoutra
937 2264 1045 2325 ‘lutno'
1061 2263 1096 2326 ad
1119 2267 1200 2325 uiros
1222 2274 1336 2327 tanturn
1360 2270 1501 2348 pertinet.

107 2391 119 2426 a·
152 2366 278 2431 ,mindo
301 2367 455 2425 ‘intuens'
480 2364 634 2426 masculini
658 2368 783 2444 generis.
830 2367 1144 2444 significationes
1167 2370 1462 2447 participiorum
1485 2392 1501 2431 ιι

210 2465 335 2528 uerbis
363 2476 572 2537 sumuntur,
607 2469 673 2547 ‹puia
707 2471 791 2528 euius
819 2468 1040 2544 significationis
1068 2470 1108 2529 sit
1135 2469 1274 2538 ueritum,
1309 2471 1377 2531 cius
1404 2473 1445 2531 sit
1472 2483 1534 2533 etto

210 2570 413 2647 participium,
437 2568 522 2630 uerbi
544 2571 637 2648 gratia
661 2569 751 2647 ‘lego’
775 2571 887 2630 actiuae
909 2570 1131 2647 significationis
1152 2568 1212 2637 ¹cst,
1241 2573 1284 2630 sic
1307 2581 1338 2632 et
1361 2570 1500 2650 ‘legens’.

209 2670 366 2751 Deporrous
390 2672 444 2731 tria
468 2669 570 2740 lrabet,
600 2673 669 2749 quia
699 2670 753 2732 sub
782 2672 944 2731 litteratura
967 2672 1076 2750 passini
1099 2690 1217 2733 sensum
1241 2672 1330 2734 lrabet
1353 2678 1448 2738 actiui
1473 2686 1503 2737 et

210 2781 351 2851 exparte
378 2774 489 2852 passini
516 2791 607 2833 unum
635 2771 724 2834 habet
754 2775 946 2851 praeteritum
976 2771 1147 2839 ‘luctatus',
1177 2792 1191 2833 n
1216 2782 1298 2854 parte
1327 2779 1420 2839 actiui
1444 2780 1502 2839 dun

209 2874 341 2935 ‘luctans
364 2874 553 2934 luctaturus'.
599 2877 761 2936 Commune
784 2873 874 2935 habet
895 2882 1041 2952 quattuor,
1070 2878 1138 2954 quia
1165 2874 1221 2936 sub
1248 2894 1307 2937 una
1331 2877 1501 2942 litteratura

210 2975 284 3036 duos
306 2975 394 3036 habet
416 2993 532 3037 sensus:
562 2976 599 3036 de
622 2978 718 3037 actiuo
741 2995 829 3038 sensu
860 2975 918 3036 duo
948 2975 1037 3037 habet
1065 2979 1219 3056 participia
1241 2977 1394 3040 ‘scrutans
1417 2998 1535 3044 seru-rs

121 3100 169 3137 :ne
183 3098 195 3137 a
209 3079 345 3149 taturus,
369 3095 383 3135 a
400 3079 519 3156 passiuo
535 3096 623 3139 sensu
639 3077 696 3140 alia
711 3078 784 3148 cliro,
809 3089 841 3137 ut
855 3079 1015 3140 ‘scrutatus
1030 3078 1229 3140 scrutandus’.
1273 3080 1322 3142 Te
1329 3100 1502 3162 poscens,

209 3180 229 3237 i·
246 3180 430 3257 pigrescens:
460 3177 529 3239 inde
551 3179 692 3258 ‘tepidus'
709 3180 816 3241 dicitnr
838 3198 893 3240 nec
916 3179 1027 3241 calidus
1050 3199 1105 3241 uec
1120 3179 1254 3258 frigidus.
1298 3183 1503 3249 Delectiua

211 3279 396 3340 interdum
425 3281 587 3343 alicuius
619 3291 704 3344 sunt
732 3283 924 3362 temporis
959 3290 997 3341 ut
1028 3283 1129 3343 soleo
1162 3281 1303 3352 soleas,
1338 3287 1370 3345 in
1399 3288 1509 3350 futuro·

211 3381 321 3441 delicit:
359 3384 402 3441 sic
429 3383 586 3445 ‘studens'
611 3393 641 3444 ot.
663 3387 835 3446 ‘crescens'
863 3385 892 3443 in
922 3385 1020 3444 iutnro
1049 3383 1196 3445 deficiunt.
1242 3385 1388 3466 Compoui
1412 3391 1502 3451 etiam

211 3485 365 3564 participia
399 3494 539 3561 quattuor
576 3487 672 3548 morlis
707 3493 844 3566 possunt,
878 3493 911 3546 ut
947 3485 1119 3547 describens
1154 3485 1304 3549 sufficiens
1340 3491 1535 3567 perficiemur

209 3586 364 3648 sullereus.

108 3710 196 3757 :nen
295 3689 387 3749 Sunt
409 3698 442 3750 et
466 3692 612 3751 nomina
635 3693 796 3770 speciem
819 3692 1110 3770 participiorum
1134 3689 1325 3761 habentia,
1342 3700 1382 3754 ut
1405 3698 1504 3756 tuui-

174 3866 183 3883 ,
210 3797 325 3850 cutus.
349 3787 361 3870 ΙΙ
383 3788 440 3851 191
464 3788 477 3872 ll
493 3791 690 3854 ‘Tunicatus'
714 3791 907 3853 litteraturam
930 3791 1019 3852 habet
1040 3793 1200 3872 participii,
1224 3801 1257 3854 ut
1278 3803 1427 3865 armatus,
1451 3797 1503 3858 sed

210 3910 318 3951 nomen
343 3901 396 3952 est.
442 3893 478 3952 ttt
501 3894 670 3955 ‘tunicatus’
695 3894 803 3955 (licitur
826 3897 923 3954 tunica
947 3894 1080 3959 intimus,
1106 3903 1135 3955 ot
1150 3894 1256 3955 elicitur
1272 3899 1399 3958 ‘tunica'
1417 3902 1503 3978 quasi

211 3995 322 4061 tunica,
352 3993 420 4053 indo
444 4003 472 4053 ot
495 4000 597 4072 ‘toga’
625 3998 734 4059 dicitur
763 3997 845 4074 qnasi
872 3997 974 4071 ‘tega'
997 4015 1012 4055 a
1036 3995 1171 4072 tegendo.
1202 3997 1394 4061 .Galeatus
1417 4000 1538 4080 galeas

212 4097 356 4159 nnmitus:
387 4095 468 4173 galea
493 4107 536 4157 est
559 4101 774 4159 munimentum
803 4099 917 4177 capitis.
966 4098 1195 4176 Applicautla
1224 4100 1248 4157 i·
1278 4102 1502 4179 coniungenda.

79 4195 454 4275 :noran'l'riumplrata
478 4200 496 4257 i·
522 4201 694 4261 uictoriosa:
717 4200 787 4261 hinc
810 4197 1010 4277 Virgilius:

413 4297 479 4359 llle
503 4301 730 4380 triumphata
753 4299 938 4381 Capitolia
961 4299 1001 4359 atl
1025 4299 1097 4361 alta
1122 4301 1311 4363 Corintho.
1346 4300 1349 4304 ’

210 4399 393 4477 Regnata,
417 4401 495 4461 unde
520 4402 712 4480 Virgilius:

459 4670 760 4788 pcfilpssssstreq.
829 4676 860 4724 12
879 4685 906 4723 ut
924 4674 956 4722 sit
1007 4678 1039 4723 ‘2⁸2
1057 4676 1166 4726 nctiunm
1219 4677 1251 4727 at
1271 4677 1415 4746 Virgilius]
1436 4680 1506 4731 Aen.

216 4739 255 4790 VI
275 4742 327 4789 831
397 4741 430 4790 38
447 4750 562 4790 cromnto
632 4744 664 4791 39
681 4739 818 4809 Virgilius]
838 4744 904 4792 Aen.
923 4742 974 4791 III
993 4745 1026 4791 H

279 4674 293 4721 7
312 4671 457 4722 Priscianus
