3420 5378
808 962 888 1043 Π.

382 1141 511 1225 Ans
544 1093 799 1225 Asnam
831 1143 1300 1227 conuocatos.

778 1465 861 1530 Ono.
884 1464 912 1529 I.

461 1581 520 1647 DE
543 1581 713 1649 ASPERO
736 1583 836 1649 EIVS
859 1582 987 1650 ARTIS
1008 1583 1222 1650 AVCTORE.

284 1727 329 1786 Ile
350 1725 467 1802 Aspero
487 1727 687 1799 arammatico
708 1726 772 1785 eins
792 1728 920 1786 nominis
947 1728 1051 1799 tertio,
1080 1728 1167 1787 cuius
1188 1733 1285 1785 artem
1313 1728 1357 1785 ad
1377 1728 1497 1790 Donati

201 1831 370 1906 exemplum
392 1829 537 1903 scriptam
559 1828 609 1887 liic
625 1829 758 1903 primum
774 1828 894 1902 publici
913 1829 989 1887 iuris
1006 1827 1155 1901 sacimas,
1188 1829 1397 1903 disputaturus
1425 1832 1494 1905 ipso

200 1932 383 2007 quaestionis
405 1931 490 1989 initio
512 1946 572 1989 non
589 1946 714 2005 possum
737 1946 796 1989 non
818 1931 912 1989 libere
928 1929 1041 2002 fateri,
1062 1929 1148 2003 salso
1163 1945 1209 1989 me
1228 1937 1299 1990 ante
1319 1932 1372 1991 lios
1393 1948 1496 1992 atticos

199 2042 259 2094 tres
281 2036 312 2093 in
339 2032 519 2092 scholiorum
542 2029 742 2092 Beroensinm
764 2034 807 2091 od
835 2034 964 2106 Verpilii
993 2031 1138 2092 Bucolico
1165 2041 1194 2091 et
1224 2035 1372 2107 Georpica
1395 2036 1494 2109 perti-

199 2138 331 2195 nentiam
348 2133 550 2210 praefatione
565 2150 600 2208 p.
628 2139 694 2206 727,
720 2139 760 2191 21
782 2134 910 2208 Asprum
932 2150 1017 2208 quem
1040 2142 1152 2194 uocant
1174 2134 1326 2194 Iuniorem
1349 2130 1396 2215 (p.
1416 2142 1496 2194 1735

199 2242 318 2295 -1733
335 2236 374 2304 P;
395 2251 524 2309 pramm.
548 2233 615 2293 lat.
646 2236 711 2294 Vol.
736 2234 763 2293 l'
775 2252 811 2310 p.
837 2243 1002 2294 stt—554
1023 2232 1069 2318 K)
1092 2238 1219 2296 eundem
1243 2253 1305 2295 csse
1326 2237 1496 2297 credidisse

200 2346 290 2414 atque
310 2339 404 2410 hient,
430 2355 470 2397 esc
491 2352 550 2411 qno
563 2336 656 2395 schol.
674 2336 767 2397 Bern.
786 2336 895 2412 Georp.
912 2338 985 2398 IIII
1000 2345 1057 2397 233
1073 2332 1117 2417 (p.
1134 2333 1204 2417 363)
1223 2341 1351 2415 sliunisse
1365 2340 1493 2399 ostendi.

201 2441 292 2501 Ilecte
322 2441 399 2499 enim
432 2440 583 2498 Hearicns
610 2437 727 2498 Kailios
759 2441 790 2497 in
821 2438 1019 2514 praefatione
1050 2442 1149 2516 Aspro
1175 2441 1298 2501 Iuniori
1320 2443 1496 2517 praemissa

195 2563 230 2620 p.
248 2549 306 2602 533
327 2542 482 2615 utriusque
504 2542 638 2600 auctoris
659 2539 793 2600 liuditum
816 2543 894 2602 adeo
916 2544 995 2601 inter
1015 2559 1047 2601 se
1066 2543 1218 2603 diuersum
1241 2560 1304 2602 esse
1324 2543 1493 2616 contendit,

200 2652 234 2706 ut
254 2646 381 2704 alternent
407 2660 448 2703 ex
475 2645 573 2702 altero
591 2645 719 2718 (luxisse
739 2645 859 2703 minime
884 2644 972 2703 credi
992 2646 1097 2719 possit.
1142 2645 1224 2704 duos
1245 2647 1339 2719 ipitur
1360 2644 1495 2719 Asperat

199 2744 333 2808 iuniores
346 2752 513 2807 statuamus
527 2751 660 2820 oportet,
684 2763 810 2820 otiorum
832 2749 873 2821 is,
899 2763 984 2821 qoem
998 2747 1048 2806 nic
1062 2748 1159 2824 edidi,
1183 2763 1361 2821 ennumquam
1380 2763 1495 2821 parum

200 2851 231 2909 in
254 2866 289 2909 eo
312 2849 469 2908 doctrinae
491 2849 657 2922 inuenitur,
681 2855 794 2922 tamen,
819 2851 891 2924 quia
914 2850 949 2909 ol
977 2849 1114 2909 codicum
1141 2851 1381 2923 scriptorumque
1407 2848 1492 2909 lianc

201 2959 296 3012 artem
323 2951 514 3010 laudantium
542 2956 717 3010 uetustatem
745 2968 805 3011 non
827 2959 898 3027 post
924 2954 1080 3028 septimum
1104 2949 1175 3023 sere
1200 2952 1353 3011 saecolum
1380 2952 1497 3011 uixisse

196 3053 354 3129 putandus
375 3058 433 3124 est,
457 3052 543 3111 hand
563 3052 706 3126 indipnus
727 3054 802 3114 nitu·
822 3054 991 3127 uidebatur,
1016 3055 1070 3129 qui
1082 3070 1122 3114 ex
1143 3053 1390 3114 bibliothecarum
1412 3059 1495 3113 terce-

202 3156 263 3215 ltris
283 3161 405 3229 ereptus
426 3154 456 3212 in
477 3155 572 3214 lucem
601 3156 768 3229 aliqnando
788 3156 945 3232 prodiret,
971 3157 1150 3231 praesertim
1178 3173 1245 3215 cnm
1272 3172 1340 3217 enm
1362 3172 1382 3214 o
1403 3156 1500 3215 medii

203 3255 280 3317 aeui
295 3256 484 3331 artiprapitis
501 3258 618 3332 passim
641 3260 672 3317 in
696 3259 843 3318 auxilium
871 3259 980 3317 uocari
1000 3259 1287 3317 animaduertissem.
1332 3257 1497 3317 Laudatur

201 3361 281 3418 enim
302 3360 340 3418 al
362 3360 439 3418 artis
462 3358 624 3419 Bonnensis
646 3376 817 3437 anonymae
837 3366 963 3421 auctore
983 3360 1028 3418 lis
1043 3376 1079 3435 p.
1105 3365 1175 3434 103,
1203 3366 1239 3417 22
1260 3366 1289 3418 et
1305 3376 1341 3435 p.
1366 3364 1430 3433 133,
1457 3365 1497 3418 32

202 3478 297 3536 neque
313 3462 411 3537 parui
426 3459 620 3535 faciendum,
645 3463 727 3537 quod
748 3463 963 3523 ascholiorum
979 3461 1177 3521 Bernensium
1199 3477 1315 3536 quoqne
1336 3462 1497 3520 collectore

203 3565 247 3623 acl
266 3563 503 3640 interpretanda
532 3562 660 3637 Verpilii
680 3565 773 3625 uerita
796 3565 950 3624 adiciamus
971 3571 1025 3624 est.

773 3814 856 3880 cna.
879 3814 925 3880 ΙΙ.

564 3931 623 3997 DE
646 3932 788 3998 LIBRIS
810 3931 1141 4000 MANVSORIPTIS.

289 4076 385 4149 Atque
407 4075 445 4133 de
466 4076 593 4134 nominis
614 4077 769 4151 scriptura
790 4092 858 4135 cum
881 4091 941 4134 non
964 4077 1135 4151 discrepent
1156 4077 1235 4135 inter
1250 4092 1281 4135 se
1300 4076 1372 4134 libri
1392 4093 1497 4137 mnriu-

203 4181 313 4254 scripti
333 4194 352 4235 a
375 4177 473 4237 Keilio
491 4194 524 4253 p.
551 4183 607 4234 523
629 4180 770 4236 recensiti
791 4178 849 4253 (cs.
867 4178 992 4236 Hermes
1013 4179 1033 4238 Ι
1054 4185 1122 4253 ip.
1141 4181 1226 4254 331),
1250 4180 1281 4237 in
1303 4179 1408 4252 quidus
1431 4182 1498 4238 ‘ors

204 4282 309 4356 Aspri'
333 4281 381 4338 uel
403 4277 533 4355 ‘Asperi’
557 4282 702 4355 scriptum
726 4286 782 4352 est,
808 4281 923 4339 dicolos
945 4282 1022 4338 actis
1044 4277 1209 4338 Berncnsis
1232 4296 1402 4358 artonpmoe
1423 4283 1498 4341 locis

205 4400 300 4459 supra
329 4383 418 4442 dictis
444 4390 473 4441 et
502 4384 532 4441 in
559 4382 664 4441 codice
685 4384 836 4442 Beruensi
858 4388 914 4439 207
936 4382 988 4440 sno
1010 4381 1123 4441 calcem
1151 4388 1300 4442 tractatus
1322 4386 1416 4459 ipsius
1437 4401 1498 4443 non

206 4486 337 4560 ‘.tsper’,
367 4486 420 4543 sed
442 4483 622 4559 ‘Asperius’
646 4484 768 4558 dicitnr,
792 4484 836 4556 cf.
856 4501 889 4559 p.
916 4491 967 4557 31,
994 4490 1027 4541 17
1050 4477 1196 4560 adriot.*)
1244 4483 1438 4553 (incantaionem
1460 4488 1499 4545 de

291 4669 318 4733 *)
337 4671 496 4736 ‘Asperius’
520 4680 624 4719 uocatur
650 4670 675 4718 in
702 4682 757 4721 arte
775 4671 860 4734 aliqua
879 4669 974 4719 codicis
994 4668 1102 4717 I'arisini
1122 4683 1158 4717 nr.
1178 4669 1259 4727 7560,
1287 4670 1320 4721 cs.
1340 4671 1369 4720 ΙΙ.
1389 4671 1496 4721 Keiliom

207 4739 290 4789 Herm.
309 4739 319 4786 1
337 4755 364 4806 p.
382 4741 440 4799 331,
460 4749 484 4787 et
502 4736 529 4793 C.
547 4737 685 4788 Thurotum
703 4739 827 4789 ‘Extraits
845 4739 890 4789 des
910 4738 1074 4788 manuscrits'
1093 4745 1154 4790 tom.
1175 4734 1248 4785 xxo
1267 4750 1330 4803 part.
1349 4742 1365 4789 2
1383 4756 1409 4806 p.
1422 4741 1464 4794 62.
