3420 5378
202 303 243 365 90
277 366 280 372 ¹
716 301 784 353 ans
803 301 980 354 anonrna

200 490 317 570 Europa
347 490 470 549 Graecia
493 486 574 548 ltalia
598 488 721 550 Francia
746 486 757 570 ss
774 488 825 549 iol.
848 485 910 549 96⁰
926 485 937 570 ΙΙ
960 486 1052 549 Gallia
1074 487 1216 568 llispania
1238 489 1340 551 Sicilia
1362 488 1451 551 crea
1471 498 1501 551 et

201 600 311 652 cetera.
356 590 430 650 ltcm
455 590 630 651 diminutiua
654 592 772 652 nomina
797 590 937 652 leminina
951 592 983 651 in
998 608 1015 650 a
1030 589 1198 652 desinentia
1221 592 1337 670 primae
1358 598 1431 653 sunt
1450 590 1498 651 de·

201 692 377 760 dicationis,
394 699 426 751 nt
448 692 521 752 haee
544 693 674 753 mensula
696 689 807 771 capella
830 690 944 752 anicula
967 690 1057 753 asella
1078 690 1206 770 gemella
1219 690 1381 753 columella
1395 689 1499 753 labella

201 793 309 855 tenella
332 792 440 855 tabella
463 793 571 855 sacella
587 792 700 855 misella
724 793 839 856 literula
856 792 1012 873 uulpecula
1035 794 1159 855 reticula
1181 792 1298 855 diecula
1320 791 1423 856 arcula
1437 813 1499 855 cer-

201 896 299 958 :ricula
324 905 353 957 et
375 903 485 957 cetera.
530 894 641 957 Neutra
670 895 788 956 nomina
812 897 925 975 primae
948 892 1155 957 declinationis
1176 897 1208 957 in
1229 913 1248 957 a
1269 894 1438 957 desinentia
1458 897 1520 957 sica

201 998 402 1059 declinantur:
426 998 483 1058 hoc
505 996 617 1059 Pascha
640 996 726 1058 huius
750 996 880 1058 Paschae
902 996 972 1057 huic
987 997 1117 1059 Paschae
1140 997 1198 1059 hoc
1212 996 1327 1059 Pascha
1350 1016 1370 1056 o
1392 994 1498 1059 Pascha

201 1099 238 1160 ah
261 1101 318 1161 hoc
341 1098 466 1161 Pascha:
501 1101 544 1161 sic
574 1098 763 1161 declinantur
786 1098 842 1158 hoc
865 1116 973 1159 manna
996 1098 1053 1160 hoc
1075 1097 1098 1179 †
1120 1097 1215 1161 iliaria
1237 1098 1296 1161 hoc
1318 1100 1414 1167 toria,
1433 1101 1496 1179 qnia

201 1202 345 1280 pluralem
371 1219 526 1262 nnmerum
550 1219 609 1261 non
626 1199 745 1262 habent.
783 1199 855 1259 ltem
879 1201 998 1260 nomina
1014 1203 1180 1263 communia
1203 1200 1334 1263 duorum
1355 1218 1497 1279 genearum

200 1305 230 1363 in
253 1322 270 1363 a
291 1302 457 1364 desinentia
480 1304 510 1362 in
527 1305 621 1381 prima
646 1301 845 1363 declinatione
867 1303 906 1361 ita
930 1299 1132 1363 declinantur:
1155 1301 1203 1363 hic
1218 1310 1248 1363 et
1263 1303 1338 1365 haec
1362 1305 1498 1371 conuiua.

201 1405 288 1466 liuius
311 1405 465 1471 conuiuae,
489 1403 559 1463 huic
581 1405 740 1473 conuiuae,
764 1403 843 1463 harno
866 1411 895 1462 et
911 1403 986 1463 hanc
1008 1406 1178 1479 conuiuam,
1195 1423 1214 1464 o
1229 1406 1376 1475 conuiua,
1392 1404 1430 1465 alr
1445 1404 1528 1465 hecra

201 1516 232 1568 et
253 1507 308 1568 hac
331 1507 473 1575 conuiua,
504 1512 534 1564 et
554 1504 711 1583 pluraliter
739 1504 768 1564 hi
798 1512 828 1565 et
850 1503 905 1564 hae
928 1506 1087 1574 conuiuae,
1117 1503 1225 1567 horrrm
1247 1515 1278 1568 et
1300 1506 1410 1568 harum
1432 1524 1497 1569 cou-

125 1612 128 1619 '
200 1611 354 1676 uiuorum,
378 1608 423 1667 his
446 1608 597 1676 conuiuis.
621 1607 676 1671 hos
700 1614 728 1666 et
752 1606 804 1667 has
827 1608 984 1675 concriuas,
1008 1614 1026 1668 'o
1048 1608 1203 1677 conuiuae,
1226 1606 1264 1667 ah
1287 1606 1335 1669 his
1357 1608 1496 1670 conuiuis.

201 1710 251 1771 Sic
274 1708 460 1770 declinantur
482 1709 532 1769 hic
555 1715 584 1769 et
606 1708 680 1769 haec
702 1706 802 1767 accola
832 1707 926 1768 incola
950 1707 1061 1787 collega
1084 1717 1171 1770 nauta
1194 1711 1348 1788 terrigena
1371 1710 1498 1789 agricola

201 1810 341 1872 caelicola
370 1810 517 1891 parricida
545 1810 711 1887 Graiugena
735 1808 913 1887 Troiugena.
959 1808 1032 1870 ltem
1060 1812 1180 1871 nomina
1210 1813 1383 1873 eommunia
1414 1813 1497 1873 trium

201 1931 344 1991 generum
367 1914 398 1973 in
421 1914 515 1992 prima
533 1911 730 1973 declinatione
753 1911 796 1973 sic
811 1909 1012 1972 declinantur:
1036 1910 1085 1972 hic
1108 1911 1224 1973 ethaeo
1247 1920 1278 1973 ct
1300 1913 1359 1973 hoo
1373 1912 1527 1981 aduenae

201 2016 288 2077 huius
317 2015 464 2084 aduenae.
492 2016 564 2075 huic
585 2017 735 2083 aduenae,
759 2014 839 2074 laune
862 2021 891 2072 et
917 2012 994 2074 hanc
1016 2013 1161 2075 aduenam
1190 2020 1219 2073 et
1247 2014 1306 2075 hoc
1327 2013 1498 2083 aduena.o

201 2117 329 2190 adirem,
360 2115 397 2176 ab
419 2116 477 2176 hoc
499 2124 529 2176 et
551 2116 587 2176 alr
610 2115 666 2177 hac
697 2122 726 2178 et
753 2114 790 2175 ab
813 2114 870 2176 hoc
892 2114 1005 2177 aduena
1029 2124 1059 2176 et
1086 2114 1241 2195 pluraliter
1262 2114 1294 2175 hi
1317 2123 1348 2177 et
1370 2115 1429 2177 hae
1451 2114 1499 2177 ad·

204 2236 297 2279 uenae
321 2227 351 2278 et
373 2218 446 2278 haec
468 2215 599 2287 aduena,
623 2218 729 2279 horum
753 2227 783 2278 et
804 2218 908 2279 harum
933 2218 1091 2279 ethorum
1114 2217 1314 2287 aduenarum,
1338 2216 1390 2279 lais
1412 2216 1498 2279 adue·

203 2323 265 2386 nis,
290 2317 343 2379 hos
370 2327 400 2378 et
422 2318 474 2378 has
496 2318 626 2379 aduenas
648 2321 773 2380 ethaeo
796 2320 924 2390 aduena,
954 2340 971 2379 o
995 2318 1130 2381 aduenae
1152 2326 1182 2379 et
1202 2338 1221 2379 o
1243 2318 1372 2389 aduena,
1397 2319 1499 2381 alahis

206 2421 339 2498 aduenis.
376 2418 439 2480 lloc
455 2428 500 2480 est
514 2439 638 2493 nomen,
662 2420 738 2499 quod
755 2420 862 2481 dicitur
877 2421 1005 2481 aduena:
1029 2421 1094 2481 alii
1118 2420 1228 2491 dicunt,
1246 2419 1325 2501 quod
1343 2438 1530 2483 communen

200 2525 238 2583 sit
260 2523 388 2583 duorum
411 2539 569 2599 generum,
593 2521 646 2583 sed
671 2521 790 2591 melius,
820 2529 853 2582 ut
875 2529 1050 2583 auctores
1072 2523 1206 2591 tradunt,
1235 2523 1327 2585 trium
1353 2540 1500 2602 generum

202 2643 369 2686 commune.
415 2622 621 2685 lliciturenim
644 2626 885 2704 ‘mancipium
908 2622 1135 2685 hocaduena
1159 2626 1230 2685 eet’
1254 2631 1284 2685 et
1306 2626 1339 2686 in
1353 2624 1416 2686 alio
1438 2624 1500 2687 loco

201 2733 305 2788 ‘ossa
328 2726 498 2787 aduena'.
544 2725 783 2787 Cominianus
807 2726 1013 2787 autemdicit:
1036 2727 1229 2787 Commune
1253 2728 1365 2787 trium
1387 2744 1500 2806 geue·

202 2847 277 2888 rum
307 2829 341 2887 in
365 2848 382 2887 a
404 2845 514 2888 unum
538 2828 657 2897 uenit,
687 2837 724 2889 ut
747 2828 806 2889 hic
829 2836 862 2889 et
885 2828 974 2888 haec
1003 2835 1038 2887 et
1059 2826 1129 2887 hoc
1152 2846 1279 2907 nequa.
1327 2827 1501 2891 Promiacua

202 2932 245 2990 sie
269 2929 466 2997 declinantur,
491 2937 523 2989 ut
546 2928 594 2990 hic
617 2928 663 2990 uel
687 2929 761 2989 haee
783 2928 890 3005 aquila,
914 2929 1003 2990 huius
1025 2928 1149 3009 aquilae,
1174 2930 1245 2990 huic
1266 2929 1398 3010 aquilae,
1422 2930 1531 2993 hunos

201 3028 250 3091 trel
273 3029 350 3089 hanc
372 3028 508 3106 aquilam,
532 3049 550 3089 o
572 3030 678 3110 aqrrila,
701 3031 738 3091 ah
761 3031 818 3090 hoc
842 3028 890 3090 uel
911 3030 947 3090 ah
970 3031 1024 3091 hac
1040 3029 1146 3110 aquila,
1170 3040 1200 3091 et
1221 3030 1379 3111 pluraliter
1402 3032 1433 3093 hi
1455 3030 1500 3095 uel

201 3133 257 3191 hae
281 3130 406 3210 aquilae,
429 3131 535 3191 horum
559 3131 606 3191 uel
622 3132 728 3193 harum
751 3132 925 3210 aquilarum,
949 3132 995 3191 his
1010 3131 1126 3209 aquilis,
1150 3133 1205 3193 hos
1228 3133 1276 3195 uel
1299 3133 1354 3195 has
1376 3133 1499 3215 aquilas.

200 3232 370 3312 oaquilae,
394 3232 431 3292 ah
454 3233 500 3294 his
523 3231 638 3311 aquilis.
682 3234 740 3294 Sed
764 3243 862 3294 tamen
892 3235 968 3295 scire
991 3234 1097 3302 debes,
1126 3233 1204 3313 quod
1232 3233 1306 3295 haec
1330 3237 1499 3312 promiscua

201 3336 335 3404 nomina,
359 3332 431 3393 licet
452 3336 513 3394 sint
534 3334 639 3395 incerti
662 3338 794 3412 generis,
824 3334 880 3396 suh
904 3354 962 3395 uno
986 3335 1109 3396 articulo
1133 3342 1270 3396 auctores
1291 3338 1498 3414 pronuntiant

200 3435 262 3496 tha
290 3455 324 3497 ex
354 3434 402 3495 lris
430 3436 573 3497 feminino
601 3437 725 3497 articulo
753 3437 905 3498 declarant
937 3446 1060 3516 propter
1093 3439 1219 3498 lormam
1247 3444 1277 3498 ct
1309 3439 1531 3518 superfluens

202 3541 285 3607 soni,
310 3546 343 3597 ut
364 3537 436 3597 haec
459 3537 573 3618 aquila,
590 3540 657 3617 quia
680 3540 798 3599 nomina
823 3541 853 3598 in
876 3558 896 3598 a
919 3538 1081 3600 desinentia
1104 3541 1231 3600 maxime
1255 3539 1398 3600 lerninina
1422 3549 1499 3602 sunt

203 3638 266 3700 Alia
290 3657 364 3699 uero
386 3640 555 3717 promiscua
578 3641 739 3701 masculino
763 3639 887 3700 articulo
910 3641 1109 3709 manifestant.
1133 3650 1166 3702 ut
1187 3642 1236 3701 hic
1257 3660 1372 3702 coruus
1401 3640 1500 3703 ethic

200 3760 318 3821 passer,
347 3742 416 3819 quia
430 3740 460 3805 in
475 3741 529 3802 has
544 3743 767 3804 terminationes
782 3741 942 3802 masculina
959 3744 1077 3802 nomina
1096 3744 1301 3804 terminantur.
1333 3744 1499 3807 Priscia-

203 3863 269 3904 nus
291 3843 377 3904 dixit:
401 3843 620 3921 promiscuum,
644 3853 678 3905 ut
700 3844 795 3923 talpae
819 3850 848 3903 et
870 3843 1014 3912 dammae,
1039 3843 1271 3922 utVirgilius
1293 3846 1410 3924 primo:
1433 3851 1500 3909 Aut

199 3944 324 4006 oeulis
347 3947 448 4024 capti
472 3944 603 4006 ledere
627 3944 766 4006 cubilia
790 3945 926 4025 talpae.
972 3947 1065 4006 idem:
1090 3947 1176 4007 Cum
1199 3946 1355 4008 canibus
1376 3946 1530 4009 timidis

278 4084 426 4093 —a—-..-

269 4169 400 4232 leoropa
452 4164 547 4229 hytalia
599 4166 696 4215 huncio
748 4161 1016 4233 galill.96·llgnllia
1069 4167 1176 4231 espania
1244 4168 1415 4218 3colomclla
1481 4170 1497 4218 4

199 4234 292 4283 tauella
335 4233 464 4299 rrrrlpicula
507 4234 606 4283 diacula
620 4233 739 4283 ornacula
814 4233 929 4284 ‘liliaria
949 4230 1090 4299 hectaria]
1111 4235 1498 4301 Saprap.aa‚12ateetantar

199 4303 288 4352 eadem
305 4303 428 4352 uocabula
446 4300 552 4350 ‘hiliria'
572 4309 597 4352 et
615 4302 753 4352 ‘historiast
822 4291 988 4352 8nhmeruur
1041 4317 1134 4367 genera
1189 4304 1283 4352 ditem
1301 4304 1467 4355 declinantur

198 4371 244 4419 hec
263 4372 382 4419 cunamen
440 4371 469 4418 il
489 4368 524 4417 hii
578 4372 609 4420 13
627 4371 748 4434 terrigina
766 4370 879 4434 agriculo
897 4369 1000 4418 calicula
1069 4372 1100 4418 14
1118 4386 1254 4438 commune
1325 4374 1358 4422 16
1375 4372 1497 4423 huicatl·

199 4453 344 4488 irenaeum.
414 4439 444 4486 l'l
463 4437 499 4486 hii
586 4441 617 4488 19
636 4438 683 4488 hos
702 4437 748 4486 has
833 4440 866 4486 21
885 4439 907 4486 si
926 4437 1016 4486 melius
1085 4440 1118 4487 22
1138 4440 1289 4504 anantipium
1361 4444 1395 4492 23
1414 4440 1497 4493 Comi-

199 4504 301 4570 niauus]
322 4519 453 4557 commem:
477 4506 510 4567 cf.
532 4506 629 4556 Charis.
647 4523 673 4571 p.
692 4510 738 4567 53,
757 4508 793 4555 23
811 4505 840 4555 K
890 4502 965 4568 dixit]
984 4505 1097 4555 diximus
1166 4509 1200 4556 24
1217 4508 1397 4572 promiscuum
1466 4511 1498 4559 25

199 4574 238 4623 uel
256 4575 318 4623 haec
337 4573 376 4623 uel
394 4573 480 4634 aquila
532 4575 564 4623 26
583 4573 618 4623 hii
669 4575 702 4623 28
720 4574 796 4623 huius
815 4575 960 4638 promiscua
1011 4576 1044 4623 29
1062 4575 1157 4624 incerto
1238 4579 1271 4626 30
1289 4575 1415 4627 feminina
1466 4580 1497 4628 at

198 4642 274 4691 huius
293 4642 378 4704 aquila
429 4641 614 4690 indesinentia
682 4641 775 4692 acatii
827 4645 860 4693 33
879 4657 970 4706 passes
1023 4640 1158 4703 llllllenlinn
1209 4642 1371 4712 Priscianus]
1391 4647 1460 4709 (Η
1473 4663 1498 4710 p.

199 4712 258 4825 liu·
279 4712 353 4826 {Ilm
377 4711 411 4758 34
429 4709 495 4773 talpe
512 4722 537 4758 et
554 4711 645 4759 clamne
715 4709 838 4774 Virgilius
861 4706 957 4776 primo]
983 4710 1202 4774 Georpieoramu.
1223 4715 1275 4762 183
1363 4717 1398 4766 36
1415 4710 1498 4783 idem]

224 4780 255 4826 cl.
371 4779 405 4826 28
