3420 5378
195 146 257 211 104
710 145 778 199 ans
796 144 970 197 ιιιοιιιιιιι

193 336 328 416 possit.
374 334 406 394 ln
430 332 540 414 plurali
562 352 636 396 uero
659 352 783 395 numero
805 333 1005 395 nominatione
1027 340 1057 394 et
1078 333 1267 395 aoousotluus
1288 338 1320 395 et
1339 333 1498 397 uocatiuos

193 439 225 497 in
248 436 416 498 nominibus
439 435 623 498 neutralibus
645 437 676 498 in
692 455 707 496 a
724 453 842 515 semper
863 435 1068 505 inueniuntur,
1089 443 1122 495 ut
1135 441 1181 497 est
1196 434 1402 497 nominatione
1423 432 1497 497 baec

194 540 317 607 ieiunia,
341 539 528 600 aecusatiuns
551 537 625 599 haee
646 539 772 608 ieiunia,
795 538 952 600 uocatiuus
973 554 993 596 o
1014 537 1134 599 ieiunia.
1178 534 1431 615 Interrogandum
1452 543 1498 597 oct

194 649 307 701 antem:
337 640 457 701 nomina
479 641 509 699 in
532 658 568 701 us
590 639 755 701 desinentia
783 640 813 701 in
836 638 968 701 secunda
995 637 1193 702 declinatione
1215 645 1288 718 quot
1309 638 1423 701 iormas
1443 637 1494 699 ba·

194 742 283 803 bentl
327 741 407 802 ldest
433 740 554 810 decenn
584 741 740 822 aliquando
769 741 880 805 enimi
904 749 1030 803 auteus
1057 738 1183 810 habent,
1211 746 1247 801 nt
1270 737 1352 801 filius
1380 737 1521 821 gladiose

195 842 296 905 radius
326 851 355 903 et
382 843 455 903 haec
485 845 603 904 nomina
632 843 691 904 duo
713 846 727 905 i
747 844 783 904 in·
801 844 941 921 genetiuo
968 841 1089 905 babent.
1134 840 1207 903 lnde
1227 842 1496 921 grammaticus

194 944 279 1006 dicit:
309 946 409 1005 onmia
437 947 555 1005 nomina
584 945 615 1004 in
644 947 691 1007 ius
719 944 767 1006 uel
795 946 827 1005 in
855 946 915 1006 ium
939 945 1104 1007 desinentia
1124 945 1135 1005 i
1156 941 1309 1025 duplicem
1331 941 1446 1007 habent
1464 943 1497 1005 iu

195 1048 349 1125 genetiuo,
374 1055 408 1107 ut
430 1045 478 1106 hic
500 1046 617 1107 sobrius
640 1047 728 1107 huius
749 1045 854 1115 sobrii,
878 1047 936 1107 boe
957 1047 1098 1126 gandium
1120 1045 1210 1109 huius
1230 1044 1349 1126 gaudii,
1372 1043 1498 1108 ethaeo
1537 1086 1543 1103 .

195 1149 313 1209 nomina
338 1147 498 1211 masculina
521 1150 552 1207 in
576 1150 624 1209 ius
648 1147 812 1211 desinentia
836 1166 955 1229 semper
976 1147 1125 1210 secundae
1146 1146 1355 1211 declinationis
1376 1154 1497 1208 suntet

194 1250 253 1311 duo
275 1253 285 1311 i
308 1250 523 1311 obseruantia
547 1250 730 1310 nominatiuo
753 1257 783 1310 ct
806 1251 941 1311 uocatino
963 1248 1084 1330 plurali,
1107 1258 1142 1312 ut
1163 1250 1195 1311 bi
1217 1247 1293 1311 radii
1317 1256 1348 1317 et
1370 1267 1390 1308 o
1404 1247 1529 1317 radiiaro

194 1353 236 1413 sie
264 1353 352 1412 etiam
381 1354 414 1412 in
443 1352 544 1413 detine
566 1360 596 1411 et
618 1349 748 1413 ablatiuo
775 1350 881 1431 plurali
908 1352 1055 1431 geminata
1078 1354 1088 1412 i
1109 1350 1207 1413 littera
1234 1350 1442 1430 proferuntur,
1464 1358 1496 1411 ut

196 1454 242 1515 bis
265 1453 357 1514 radiis
380 1459 409 1513 et
431 1452 467 1513 ab
492 1453 536 1513 bis
557 1452 661 1514 radiis.
705 1453 926 1514 Priscianus
948 1463 1047 1513 tamen
1071 1452 1155 1514 dixit:
1188 1453 1362 1515 inueuimus
1384 1458 1497 1515 oetaeo

194 1559 204 1616 i
228 1554 405 1616 subtrahere
428 1556 460 1614 iu
483 1555 621 1632 genetiuo
644 1557 798 1615 nominum
820 1557 851 1615 iu
870 1554 916 1616 ius
939 1554 988 1615 uel
1009 1555 1039 1615 in
1064 1556 1126 1615 ium
1148 1554 1374 1615 terminantium
1402 1554 1496 1614 nomi·

195 1658 344 1727 natiuum,
373 1665 405 1717 ut
427 1656 526 1736 peculi
549 1675 603 1735 pro
627 1656 749 1736 peculii,
780 1657 888 1718 Antoni
909 1674 966 1735 pro
994 1658 1130 1726 Antonii,
1159 1656 1259 1735 tuguri
1286 1673 1344 1735 pro
1372 1655 1495 1735 tugurii.

195 1760 359 1821 Vocatiuus'
384 1765 483 1819 autem
516 1759 649 1820 omniurn
682 1759 837 1821 nominum
868 1760 897 1819 iu
931 1760 977 1819 ius
1005 1758 1203 1821 desinentium
1232 1758 1332 1818 minor
1360 1764 1411 1819 ast
1439 1774 1530 1821 duait

195 1858 306 1940 syllaba
330 1877 416 1937 quarn
440 1862 649 1922 nominatiuus.
696 1860 772 1923 Hine
788 1860 1010 1922 Priscianus
1033 1861 1119 1923 dixit:
1143 1860 1271 1923 Omnis
1294 1860 1497 1923 uocattuu'e

194 1964 230 2022 in
253 1963 263 2021 i
286 1962 464 2023 desinens
486 1981 559 2023 una
581 1959 729 2042 syllaba
759 1963 880 2023 nrinor
907 1963 1016 2023 debet
1042 1980 1123 2022 esse
1150 1981 1216 2023 suo
1244 1962 1495 2031 nominatiuo,

195 2071 234 2125 nt
261 2063 449 2124 Salustius
476 2062 619 2124 Salusti
646 2064 794 2125 abiecta
823 2080 880 2132 us,
908 2062 1091 2141 Virgilius
1113 2064 1266 2142 Virgili,
1287 2063 1498 2127 Terentina

196 2183 213 2225 o
236 2164 399 2225 Terenti.
444 2164 524 2225 llaec
553 2172 652 2226 tanreu
681 2163 785 2226 cadem
807 2165 897 2225 etiam
919 2166 950 2226 in
973 2184 990 2225 e
1012 2164 1207 2245 proferebant
1227 2166 1442 2246 antiquissimi,
1465 2174 1498 2228 nt

196 2285 213 2326 o
236 2265 373 2344 Virgilie,
398 2284 415 2326 o
437 2266 593 2328 blereurie.
638 2266 792 2328 lnuenitnr
815 2285 906 2328 unum
931 2284 1049 2342 nomen,
1073 2267 1153 2345 quod
1175 2272 1234 2328 tarn
1257 2268 1289 2327 iu
1313 2286 1331 2328 e
1352 2283 1447 2344 quam
1466 2268 1531 2329 luae

195 2369 206 2428 i
228 2367 299 2428 lacit
317 2370 501 2438 uocatiuum,
525 2370 660 2447 quamuis
682 2371 721 2430 sit
743 2368 966 2449 appellatiuum,
990 2388 1008 2428 o
1031 2367 1089 2430 ulie
1112 2376 1142 2430 et
1164 2387 1182 2429 o
1204 2367 1305 2430 siliuel
1320 2367 1413 2431 lilius.
1434 2366 1498 2433 alia

196 2487 270 2530 uero
299 2471 421 2531 uomina
448 2472 480 2530 in
509 2489 544 2532 us
573 2470 737 2532 desinentia
765 2468 927 2531 masculina
956 2488 1010 2532 seu
1032 2471 1174 2533 leminina
1196 2487 1345 2533 conuerso
1367 2487 1406 2533 us
1427 2472 1499 2533 ine
1539 2480 1543 2489 ’

196 2570 308 2632 laniunt
336 2573 522 2643 uocatiuum,
552 2580 585 2634 ut
612 2572 661 2633 bic
688 2570 824 2633 Priamus
851 2591 869 2633 o
896 2573 1028 2642 Priame,
1057 2573 1124 2652 pius
1151 2574 1213 2649 pie,
1246 2581 1361 2653 myrtus
1390 2581 1499 2654 myrto.

196 2673 248 2734 Est
266 2681 380 2745 tarnem
403 2673 522 2754 quando
545 2675 727 2736 nominatiuo
756 2674 787 2735 iu
809 2693 846 2736 us
875 2675 1034 2735 terminato
1061 2691 1117 2753 pro
1146 2675 1284 2735 uocatiuo
1312 2675 1380 2739 sinc
1410 2676 1500 2737 metri

196 2776 260 2836 sine
284 2775 449 2856 euphoniae
471 2794 560 2839 causa
583 2783 718 2846 utuntur,
741 2776 945 2858 Lucanum
1509 2796 1535 2839 ιι

595 2877 761 2956 degener
783 2896 800 2938 o
823 2876 992 2957 populus.

196 2979 385 3058 Virgilius
407 2980 439 3040 in
462 2987 567 3041 octauo
589 2978 680 3041 libro:

350 3082 531 3160 Corniger
553 3081 799 3160 llesperidum
822 3078 967 3142 lluuius
989 3089 1167 3159 regnator
1189 3099 1378 3161 aquarum.

197 3181 234 3241 Et
254 3181 327 3242 haee
350 3184 470 3243 nomina
498 3185 527 3244 in
557 3186 605 3244 ius
632 3184 796 3245 desinentia
818 3184 862 3243 sie
884 3179 1084 3244 declinantur:
1113 3183 1162 3245 hic
1190 3180 1498 3269 liliuslllol.100⁸ll

197 3284 286 3344 liuius
312 3282 379 3352 lilii,
409 3282 510 3346 datluo
539 3284 608 3346 huie
634 3283 708 3355 sdio,
738 3283 816 3345 hune
846 3283 954 3355 lilium,
985 3283 1103 3347 olilius
1126 3292 1155 3346 et
1177 3304 1194 3346 o
1217 3283 1260 3347 llli
1283 3284 1333 3347 uel
1355 3284 1433 3359 lille,
1462 3285 1536 3351 aba

197 3385 255 3445 hoc
283 3383 343 3445 ulio
369 3393 400 3453 et
422 3384 530 3465 plurali
553 3387 583 3447 hi
605 3384 671 3456 sslii,
702 3386 807 3448 borum
837 3384 980 3456 liliorum,
1009 3386 1055 3446 bis
1077 3384 1158 3457 liliis,
1188 3385 1244 3447 bos
1270 3384 1363 3457 filios,
1393 3386 1500 3461 olilii,
1555 3417 1561 3430 ·

197 3485 235 3547 ab
258 3486 304 3547 liis
325 3486 403 3548 filiis.
442 3488 490 3549 Sic
513 3485 677 3549 declinatur
699 3487 798 3549 radius
820 3486 939 3549 sobrius
960 3487 1103 3565 lignarius
1124 3485 1238 3566 gladius
1260 3489 1406 3567 aquarius
1427 3508 1500 3553 cou-

197 3586 326 3650 siliarius
348 3588 462 3650 Ennius
484 3589 575 3650 lulius
598 3589 729 3652 Valerius
756 3590 914 3650 Terentius
937 3588 1074 3667 Virgilius
1101 3588 1214 3649 Tullius
1241 3587 1389 3653 Salustius
1411 3591 1502 3654 Clau·

198 3692 263 3752 dius
285 3691 430 3753 Antonius
452 3691 616 3767 Gregorius
639 3699 668 3752 et
689 3702 796 3753 cetera.
835 3691 907 3753 ltem
930 3689 1087 3770 aliquando
1109 3709 1129 3751 ιι
1151 3689 1217 3752 loeo
1240 3693 1435 3755 consonantis
1456 3693 1502 3755 iu·

197 3794 317 3855 uenitnr
345 3799 413 3852 ante
440 3810 475 3853 us
502 3793 629 3870 positum
659 3802 688 3854 et
715 3790 764 3854 illa
791 3793 909 3854 nomina
937 3790 1087 3853 secundae
1116 3790 1321 3855 declinationis
1347 3799 1437 3866 suut,
1467 3801 1547 3875 ιιῑιι·1

200 3930 427 3940 ..m-“-

265 4013 332 4062 aha
350 4028 364 4061 e
383 4026 397 4062 o
415 4012 510 4062 ieiunia
577 4012 681 4075 dquod
750 4012 852 4063 bldem
870 4012 952 4063 decim
1004 4024 1142 4063 eanteus
1211 4014 1296 4063 belno
1315 4015 1342 4063 in
1394 4030 1502 4148 Ῠιιιιιιι·

197 4082 261 4131 tiens
349 4081 407 4131 tin
427 4096 457 4130 ns
527 4080 662 4131 Ssubrlus
715 4081 795 4130 subrli
864 4084 895 4132 10
912 4081 948 4130 lrii
1020 4083 1050 4131 11
1068 4081 1122 4131 litto
1197 4082 1227 4132 13
1244 4082 1393 4132 Priscianus
1428 4084 1501 4146 es.1

195 4166 223 4213 p.
243 4151 302 4210 29⁶,
321 4151 351 4198 d:
379 4148 525 4210 frequenter
544 4160 626 4198 tumen
645 4149 790 4198 inuenimus
809 4158 906 4198 ueteres
925 4150 950 4198 in
969 4149 1145 4199 huiuscemodi
1165 4152 1304 4215 genetiuis,
1330 4150 1399 4202 idest
1416 4154 1501 4217 geml-

199 4218 317 4266 uantibus
336 4217 352 4274 i,
372 4216 520 4266 subtrahere
537 4216 641 4267 alteram
660 4231 692 4267 ex
711 4218 747 4267 eis
766 4225 813 4268 etr.
884 4219 1029 4267 iuuenimus
1048 4219 1065 4282 i,
1084 4234 1131 4269 om.
1151 4228 1248 4268 ueteres
1320 4221 1352 4269 13
1370 4220 1396 4267 in
1417 4235 1450 4270 us

232 4285 417 4334 nominandum
472 4286 503 4335 14
520 4286 612 4350 poeulu
664 4299 710 4350 pro
729 4285 816 4334 antoni
836 4296 893 4349 tego
904 4301 950 4350 pro
962 4286 1054 4351 tegorii
1107 4287 1138 4336 16
1156 4282 1353 4404 Priscianus}I
1368 4290 1502 4352 ρ.303,3

199 4354 230 4403 18
248 4353 322 4402 debet
339 4368 385 4402 om.
474 4354 506 4402 18
523 4354 658 4404 torrentius
677 4355 691 4402 d
711 4353 811 4402 terrenti
898 4352 1282 4418 tdhaeetemen10fil’riee.
1333 4371 1363 4419 p.
1385 4358 1450 4420 301,
1470 4359 1504 4407 19

231 4422 367 4484 antiquissi
436 4421 470 4471 20
489 4421 590 4488 uirgilie
642 4423 765 4494 mercurie
832 4423 864 4470 21
884 4435 898 4470 ο
916 4420 962 4470 lilii
1031 4424 1063 4472 23
1081 4422 1174 4472 liniunt
1240 4423 1275 4473 24
1292 4434 1408 4473 estamen
1469 4426 1503 4477 25

198 4490 306 4554 coponio
376 4487 507 4555 Lucanus]
533 4490 628 4542 Phara.
647 4490 747 4541 11116
832 4491 865 4539 ab
883 4490 914 4539 de
935 4505 1028 4555 uegeto
1047 4490 1150 4556 populis
1219 4492 1251 4540 at
1271 4488 1413 4557 Virgilius]
1435 4494 1503 4545 Αιιι.

203 4557 277 4606 VIII
297 4562 328 4606 77
380 4557 420 4607 siu
438 4568 528 4609 octauo
597 4559 630 4609 28
648 4560 764 4623 coriuger
816 4570 937 4624 regnatur
988 4556 1022 4609 30
1040 4558 1079 4608 nel
1097 4557 1150 4626 lille
1202 4560 1234 4610 31
1254 4558 1289 4608 bii
1341 4562 1376 4612 33
1395 4561 1503 4615 sobrios

199 4628 231 4676 33
249 4626 333 4676 innius
386 4627 520 4677 torrentius
573 4625 699 4676 saluseius
