3420 5378
568 335 714 389 conrcts
733 336 937 390 ucunnnats
955 340 997 388 ea.
1370 337 1428 400 181,

136 525 225 586 trabit
248 533 277 585 et
298 523 507 593 iudicatiuum,
531 532 578 584 ut:
603 523 640 584 ‘si
664 523 791 584 mundus
813 543 866 584 uos
889 523 970 593 odit’,
987 532 1029 584 et:
1054 527 1090 587 ‘si
1106 544 1153 585 me
1168 528 1322 604 prosecuti
1337 529 1428 593 snnt',

136 636 179 686 et:
204 626 244 686 ‘sl
268 643 437 687 sermonem
460 643 558 686 meum
582 630 808 694 seruauerunt’,
834 635 876 686 et:
906 627 948 687 ‘si
970 625 1095 704 diligitis
1118 644 1179 695 me,
1204 626 1341 687 mandata
1363 644 1429 687 mea

134 728 228 788 sunt’.
265 726 347 787 Vnde
371 725 448 805 qnod
472 728 501 788 iu
526 745 583 787 urta
606 726 714 788 dicitur
737 729 944 790 translatione:
974 730 1009 787 ‘si
1025 728 1197 805 iniquitates
1220 726 1431 789 obseruaueris

134 828 281 898 bomine',
304 830 335 889 in
357 830 412 889 alia
436 827 557 890 dicitur:
588 830 625 889 ‘si
648 829 816 909 iniquitates
838 827 1031 890 obseruabis'.
1078 828 1154 889 Hinc
1175 829 1205 888 in
1231 848 1287 890 una
1310 846 1429 910 quoque

106 930 280 991 ssententia
304 948 525 1008 nonnumquam
549 938 706 1011 utrumque
728 933 887 1010 reperitur,
911 939 958 991 ut:
983 931 1018 989 ‘si
1043 930 1116 991 baec
1130 931 1211 999 sitis,
1233 931 1311 992 beati
1335 932 1427 1001 eritis,
1506 933 1508 936 ’

132 1032 165 1092 si¹
181 1031 315 1092 feceritis
338 1033 393 1092 ea’.
439 1031 510 1093 Tale
533 1038 578 1092 ost
599 1040 629 1092 et
650 1032 737 1093 illud:
762 1034 800 1093 ‘si
822 1034 960 1094 esurierit
982 1033 1119 1092 inimicus
1142 1039 1221 1099 tuus,
1245 1032 1313 1093 ciba
1335 1031 1426 1103 illum,

133 1135 159 1194 si
183 1133 259 1203 sitit,
283 1141 385 1213 potum
408 1132 443 1194 da
467 1133 526 1194 illi’
551 1141 607 1194 etc.
630 1167 672 1177 -
701 1134 733 1195 ld
762 1153 879 1215 quoque
909 1131 1080 1212 lr'equentor
1108 1135 1258 1213 reperitur
1280 1135 1309 1194 iu
1332 1137 1446 1215 poetis·

133 1223 332 1307 abundanter,
357 1243 402 1296 ut:

336 1337 372 1397 Si
395 1335 484 1396 deus
508 1343 563 1398 est
585 1339 727 1397 animus
750 1336 856 1397 nobis
878 1345 917 1414 ¹ut
939 1340 1103 1399 carmina
1126 1337 1258 1398 dieunt

96 1453 121 1495 ιο
134 1446 165 1498 et
339 1438 374 1498 Si
398 1438 486 1499 mibi
510 1457 601 1518 quae
625 1457 735 1518 posco
758 1441 985 1519 promittunt

133 1547 163 1600 et
337 1540 374 1601 Si
398 1539 552 1601 tratrem
575 1539 706 1600 Pollux
730 1541 880 1601 alterna
903 1550 1020 1601 morte
1043 1540 1203 1602 redemit

133 1650 164 1701 et
337 1640 373 1699 Si
395 1642 519 1720 potuit
541 1660 665 1702 manes
687 1661 885 1704 arcessere
908 1644 1080 1720 coniugis
1103 1641 1273 1720 Orpbeus

132 1750 162 1804 ot
335 1741 459 1803 Odere
481 1745 513 1803 si
536 1751 683 1822 potero,
707 1745 770 1804 sed
795 1763 864 1805 non
888 1746 1034 1804 inuitus
1057 1743 1195 1804 amabo.

132 1894 293 1956 Sciendum
317 1903 497 1965 esttamen,
522 1895 598 1975 qnod
622 1896 821 1957 Prisciano
844 1904 970 1957 testante
995 1906 1065 1957 tunc
1088 1898 1137 1957 ‘si’
1155 1898 1280 1956 maxime
1304 1899 1424 1957 coniun-

94 1996 211 2075 ugitur
242 1998 446 2066 coniunctim,
481 1997 599 2077 quando
630 1997 782 2076 protertur
809 1997 990 2066 dubitatiue,
1023 2006 1093 2059 tuuc
1124 2005 1222 2058 autem
1251 1997 1425 2066 indication,

129 2097 248 2178 quando
270 2099 482 2160 confirmatiue.
527 2099 606 2159 ldem
631 2101 719 2160 etiam
742 2098 791 2160 ‘si’
816 2108 875 2167 est,
898 2098 1016 2178 quando
1039 2101 1160 2179 ponitur
1183 2119 1237 2178 pro
1258 2100 1352 2166 ‘norst
1378 2108 1424 2160 nt:

129 2200 168 2261 ‘si
192 2198 359 2260 introibunt
381 2203 412 2260 in
435 2202 569 2280 requiem
592 2202 711 2270 moam'‚
736 2210 778 2260 et:
802 2201 838 2260 ‘si
860 2200 952 2262 Dauid
977 2202 1127 2270 mentiar'‚
1151 2209 1195 2260 et:
1220 2202 1256 2259 ‘si
1279 2202 1426 2261 introiero
1497 2218 1502 2226 ·

130 2302 161 2360 in
185 2298 408 2361 tabernaculum
437 2302 542 2362 domus
565 2321 662 2369 meae.
693 2304 719 2361 si
741 2302 903 2362 ascendero
926 2302 954 2361 in
983 2302 1095 2363 lectum
1117 2303 1202 2361 strati
1225 2303 1301 2369 ntei,
1326 2303 1352 2361 si
1375 2301 1426 2361 de-

130 2400 203 2461 dero
232 2419 368 2463 somnum
397 2404 490 2463 oculis
513 2406 604 2463 mois’
627 2412 672 2464 et:
696 2404 734 2462 ‘si
757 2403 921 2465 dimittetur
949 2402 1035 2464 uobis
1062 2406 1205 2483 iniqnitas
1232 2403 1306 2463 baec
1329 2402 1425 2463 eloneo

90 2505 325 2564 comoriamini’.
371 2504 495 2566 Ponitur
517 2523 634 2584 quoque
657 2504 736 2565 idem
759 2506 810 2566 ‘si'
826 2523 881 2584 pro
897 2507 1024 2578 utinam,
1048 2514 1081 2565 ut
1103 2513 1148 2566 est
1169 2505 1239 2565 illud
1257 2505 1423 2582 Virgilii:

331 2606 368 2666 Si
391 2624 486 2667 nunc
508 2624 545 2667 se
570 2606 677 2666 nobis
700 2605 765 2667 ille
788 2624 922 2666 aureus
945 2605 1081 2667 arbore
1105 2625 1226 2666 ramus

330 2708 512 2769 Ostendat
534 2725 688 2768 nemore
713 2709 748 2768 in
772 2716 875 2767 tanto

129 2818 160 2870 et
182 2807 253 2870 illud
269 2809 462 2887 Gregorii:
485 2812 520 2868 ‘o
542 2810 570 2869 si
593 2828 725 2888 sapere
748 2808 784 2868 in
807 2809 934 2869 cordis
957 2809 1081 2888 palato
1105 2809 1254 2887 possit'.
1299 2809 1425 2869 Ponitur

129 2912 217 2972 etiam
240 2909 413 2990 frequenter
436 2918 465 2970 rt
487 2929 541 2989 pro
564 2909 744 2989 ‘nurnquid‘,
769 2917 801 2968 ut
823 2918 868 2970 est
890 2909 976 2969 illud:
1001 2911 1043 2968 ‘si
1068 2910 1141 2970 baec
1164 2912 1202 2970 ita
1226 2928 1257 2970 se
1281 2908 1423 2969 babenti'

89 3129 115 3170 ss
215 3110 228 3195 ll
245 3114 264 3174 l.
279 3109 332 3173 11¹¹
348 3109 362 3195 ΙΙ
387 3113 440 3173 ‘lle
464 3112 639 3192 profundis’,
663 3112 739 3173 idest
761 3112 797 3172 de
821 3111 1081 3191 prolumlitatibus.
1122 3111 1224 3174 Solent
1247 3113 1324 3173 eninr
1348 3132 1422 3173 non·

128 3214 217 3285 nulli,
239 3215 505 3293 quotienscumque
527 3214 629 3292 legunt
652 3224 681 3275 et
702 3212 753 3274 ubi
776 3214 899 3274 audiunt
919 3216 1017 3275 neutri
1034 3214 1151 3293 generis
1167 3215 1295 3282 nomina,
1318 3233 1422 3294 snper·

127 3318 200 3377 lluas
234 3323 264 3377 et
294 3319 413 3395 penitus
445 3319 639 3377 inconcinnas
673 3319 910 3394 incongruasquc
947 3316 1172 3378 subauditiones
1204 3314 1320 3384 dicere,
1355 3333 1421 3376 curu

126 3436 252 3496 prorsus
278 3419 308 3477 in
337 3419 501 3487 locutione,
530 3436 587 3498 qua
612 3437 666 3477 nos
688 3420 816 3486 utimur,
845 3417 901 3478 sub
923 3427 1030 3479 neutro
1052 3436 1163 3496 genere
1186 3416 1260 3477 nibil
1281 3414 1422 3476 subaudi-

127 3520 217 3579 tionis
239 3519 287 3580 nel
310 3518 396 3579 nobis
417 3520 463 3579 uel
488 3518 674 3581 auditoribus
698 3522 809 3580 nostris
833 3520 892 3579 ullo
915 3517 1002 3579 modo
1025 3518 1187 3580 debeamus
1215 3519 1365 3596 ingerere,
1391 3527 1422 3577 ut

89 3628 186 3680 coest:
210 3618 292 3696 ‘quid
316 3629 361 3680 est
382 3620 440 3681 boc
462 3620 539 3699 ‹qrrod
563 3623 704 3698 eogitas‘l’
727 3631 784 3687 etc.

213 3818 226 3904 ΙΙ
242 3822 263 3887 l.
281 3819 339 3883 12·
356 3819 370 3906 ll
399 3824 590 3904 ‘Dispersio'
620 3825 738 3903 quidem
763 3832 792 3883 ct
814 3823 1001 3901 ‘respersio'
1032 3820 1107 3883 beno
1135 3823 1288 3901 prolertur
1310 3839 1365 3901 per
1387 3841 1420 3889 e;

125 3925 322 4003 ‘consparsio'
348 3934 445 3986 tamen
469 3927 560 3986 satius
583 3944 637 4004 per
659 3945 674 3985 a
697 3926 856 4005 protertur,
880 3925 968 3985 sicuti
990 3921 1135 3985 sciliceta
1151 3926 1274 4004 ‘patior'
1291 3931 1421 3984 mutatur

126 4026 313 4105 ‘perpetior'‚
337 4034 437 4088 manet
459 4029 659 4106 ‘compatior'.
705 4026 754 4087 Sic
778 4028 875 4104 itaque
898 4027 1107 4104 ‘consparsio’,
1129 4027 1207 4086 sicut
1230 4028 1420 4104 ‘compassio'

127 4137 157 4189 et
178 4127 350 4206 ‘dispersio'
372 4130 436 4189 siue
460 4131 644 4208 ‘respersio',
669 4129 756 4189 sicuti
778 4127 976 4207 ‘perpessio'.
1021 4126 1085 4187 Non
1110 4128 1257 4207 excipitur
1279 4147 1294 4187 a
1319 4128 1421 4205 ‘lego’

87 4244 249 4292 osseruans
271 4248 288 4290 e
309 4230 403 4290 solum
426 4230 560 4307 ‘relego'‚
584 4231 651 4310 quia
674 4229 782 4290 dicitur
804 4227 937 4308 pariliter
960 4249 974 4289 a
997 4227 1099 4307 ‘lego'
1123 4228 1251 4307 ‘delego'
1275 4228 1420 4308 ‘perlego'

125 4331 339 4411 ‘propterlego’
363 4330 498 4409 ‘selego'
521 4330 679 4409 ‘sublego’
702 4329 907 4409 ‘subterlego',
938 4348 971 4390 ae
993 4348 1047 4409 per
1070 4330 1127 4390 boo
1149 4332 1207 4391 rite
1229 4330 1370 4390 similiter
1393 4336 1422 4389 et

192 4532 365 4599 bctbpsl
385 4548 528 4582 sennonem
606 4544 848 4582 sermurcrnntetn
867 4530 960 4583 §etsi
1046 4530 1168 4581 blreritls
1254 4531 1314 4583 osi
1336 4527 1417 4596 Deus]

125 4603 230 4653 Catonis
247 4603 306 4652 dist.
327 4602 376 4652 11
447 4604 478 4651 10
496 4599 523 4649 Si
543 4598 616 4666 mibi]
640 4601 717 4664 Verp.
736 4605 798 4654 Aen.
819 4600 862 4650 IX
881 4603 930 4649 191
1018 4601 1046 4648 11
1067 4598 1094 4647 Si
1114 4597 1229 4666 fratrem]
1253 4602 1331 4663 Verp.
1351 4599 1419 4649 Aen.

129 4670 170 4721 VI
187 4673 237 4720 121
308 4671 339 4720 12
358 4670 385 4718 Si
405 4666 498 4733 potnit]
512 4670 600 4732 ‚Verp
620 4669 686 4718 Aen.
709 4668 751 4719 VI
770 4672 818 4719 119
889 4670 919 4719 13
938 4667 959 4716 si
979 4667 1222 4717 concanonicus
1301 4670 1332 4718 14
1350 4667 1417 4716 Pris-

124 4736 209 4803 eiuno]
229 4740 264 4802 es.
286 4737 317 4787 11
335 4756 361 4802 p.
381 4740 440 4799 211,
453 4739 485 4786 17
501 4752 555 4802 neq.
574 4739 639 4798 249,
660 4741 744 4802 lreq.
822 4731 998 4799 arsinoae]
1022 4734 1100 4800 Verp.
1121 4736 1185 4788 Aen.
1210 4735 1318 4786 Vlter
1386 4736 1419 4784 28

125 4805 186 4855 nibil
204 4805 269 4874 nibil
339 4809 371 4859 32
389 4806 517 4875 muitetur
