3420 5378
549 239 598 290 Db}
616 238 737 291 LIBRIS
755 236 1031 292 Tvulcurtsmvs.

296 478 367 533 Ante
384 475 420 531 do
437 474 541 531 uocalis
560 484 602 531 est
620 422 666 530 fid?
680 423 759 531 strid?
774 422 832 531 ced?
847 422 911 544 ped?
927 475 1039 530 remotis

599 565 624 600 ut
636 558 705 600 condo
718 559 804 600 conatui
812 591 817 602 .
826 558 893 611 prodo
907 558 992 612 prodidi

296 620 317 668 Α
336 612 371 667 do
389 612 532 681 conposita
551 611 706 667 formantur
723 611 751 666 di
769 612 913 678 geminata.

245 703 279 752 30
297 692 365 753 Anti
383 696 419 752 do
437 698 461 753 si
479 696 571 752 ueniat
589 714 607 753 u
625 696 670 753 uei
688 697 697 750 i
715 696 796 751 simui
814 712 832 750 n
851 695 986 751 mediante

750 791 807 832 quae
820 784 866 819 erat
879 779 900 818 iu
914 778 1028 831 praesenti.

296 833 324 889 iu
343 832 371 889 cii
388 834 582 904 praeteritum,
600 832 647 888 sed
666 833 693 887 in
711 831 754 887 his
772 848 827 887 non
845 830 965 887 demitur
982 840 1053 886 ante.

826 921 849 956 ut
863 914 933 968 pundo
947 914 1011 967 pandi

294 970 336 1026 itit
354 969 428 1027 aliud
445 977 554 1025 mutans
571 967 668 1038 prebet
685 985 735 1037 per
752 977 842 1025 cetera
861 968 888 1024 di
906 967 951 1034 do,

321 1054 379 1107 quod
395 1053 446 1094 iacit
459 1053 525 1093 diuisi
677 1059 701 1094 ut
715 1055 785 1106 pendo
800 1050 967 1106 pependi.cado
981 1051 1054 1094 cecidi.

295 1106 391 1162 biuido
410 1107 434 1162 si
452 1106 543 1162 demas
561 1112 589 1160 et
605 1120 676 1174 quae
693 1103 763 1160 fiunt
780 1103 953 1174 geminando.

320 1197 345 1231 ut
358 1189 409 1230 ludo
422 1188 493 1230 lusum
520 1189 619 1229 omnibus
633 1200 689 1240 quae
715 1189 854 1228 terminantur
867 1188 888 1227 in
902 1188 930 1228 do
944 1193 1028 1239 praeter
1041 1187 1153 1240 conposita
1166 1199 1179 1226 s
1193 1186 1220 1226 do
1234 1186 1274 1226 das

296 1244 333 1299 ito
353 1259 413 1297 sum
432 1240 528 1311 prebet
546 1242 573 1296 in
592 1241 635 1296 bis
654 1241 772 1309 exceptis
792 1257 806 1294 a
824 1240 889 1296 dare
907 1240 986 1296 uatis.

320 1326 373 1368 ocio
387 1325 500 1380 conposito
512 1331 537 1365 ut
551 1323 719 1377 proditum.hoe
732 1324 818 1364 aciditur
832 1329 920 1377 propter
933 1324 1042 1365 abscondo
1056 1323 1114 1376 quoti
1129 1322 1178 1364 iacit
1191 1323 1327 1364 absconsum.

245 1384 278 1435 35
296 1379 344 1435 ilia
362 1379 527 1448 supinantur
544 1393 595 1444 per
613 1377 680 1431 itum
698 1378 831 1445 quociens
849 1377 1030 1443 geminantur.

320 1462 471 1506 absconditum
484 1460 610 1501 abscondidi
865 1461 1007 1504 absconsum.
1016 1473 1049 1501 au.

295 1514 442 1572 Abscoudo
461 1512 507 1568 ‹lat
524 1514 593 1569 itum
612 1513 752 1582 geminans
771 1513 811 1578 ui,
829 1528 884 1568 non
902 1514 1043 1581 geminans
1061 1530 1130 1568 sum.

293 1597 581 1720 Nuipiiiiiisfiiripitur,
600 1648 749 1719 penultima
769 1649 792 1704 si
812 1648 966 1712 breuietur‚

319 1736 341 1776 in
355 1734 432 1799 supino
447 1734 523 1774 tissum
609 1786 616 1798 .
752 1786 759 1798 .
814 1739 842 1798 ut·
852 1731 922 1797 iusum

295 1787 412 1844 Addrtur
429 1804 442 1841 s
461 1785 575 1855 duplum
594 1802 617 1841 st
636 1785 719 1855 longa
737 1794 785 1849 sit,
803 1803 816 1841 s
835 1785 872 1841 uu
890 1785 1012 1855 simplex.

295 1874 363 1928 bans
381 1887 490 1942 passum
510 1870 599 1940 pando
618 1869 746 1926 subducit
763 1886 780 1924 n
799 1888 812 1925 s
830 1869 992 1938 geminando
1011 1878 1062 1927 etc.

228 2012 413 2075 Extenditur
439 2014 464 2071 is
485 2017 636 2071 tractante
657 2027 750 2084 usque
771 2011 815 2069 aei
834 2027 869 2085 p.
896 2015 949 2068 291
970 2012 1027 2071 col.
1052 2010 1073 2068 1
1093 2005 1306 2090 (meptiarum
1329 2029 1434 2072 auersus

143 2116 315 2191 deformis
337 2110 599 2195 preteritomrm’),
631 2129 716 2188 quern
744 2119 862 2172 tantiam
888 2129 929 2173 aaa
955 2115 1046 2172 tertia
1070 2113 1141 2186 sere
1157 2120 1251 2189 parta
1278 2116 1433 2189 eurupaua',

141 2219 224 2296 quod
244 2219 285 2277 aei
307 2217 548 2291 capnoseendam
571 2217 710 2290 opusculi
730 2215 860 2275 indolem
883 2215 959 2275 baec
980 2215 1123 2288 saasltcere
1139 2213 1261 2290 patarei.
1272 2212 1306 2296 *)
1352 2216 1435 2287 θυαε

142 2336 324 2397 quamquam
351 2319 504 2392 sinputari
534 2318 666 2392 quadarn
696 2320 816 2377 ratione
847 2334 885 2378 ae
916 2320 991 2376 satis
1024 2324 1132 2392 arpote
1163 2319 1321 2392 conposita
1353 2325 1432 2391 sceret,

143 2431 257 2495 tamen,
288 2423 361 2496 puin
389 2418 564 2495 antiquiora
586 2422 770 2495 praesertim
797 2418 890 2479 medii
917 2417 989 2480 aerei
1015 2421 1116 2479 studia
1140 2422 1345 2494 pramrnatica
1363 2437 1433 2496 per·

141 2526 309 2586 scrutanda
336 2540 411 2599 eqiae
438 2519 594 2582 codic-ibus
614 2524 751 2582 eruenda
774 2529 865 2597 napae
886 2523 1057 2597 cottipendu
1077 2525 1209 2598 suscepi,
1239 2523 1317 2582 talia
1337 2528 1434 2596 poste-

142 2629 257 2687 riorum
284 2635 449 2701 temporum
476 2621 650 2683 rudimenta
679 2631 711 2683 nt
737 2641 798 2684 aon
826 2625 1015 2699 neplependa
1038 2626 1149 2700 pinne,
1184 2627 1229 2683 ita
1257 2640 1318 2683 noar
1347 2630 1434 2682 eraut

144 2730 224 2807 quod
246 2730 350 2789 dicant
372 2743 438 2786 cnm
455 2723 628 2800 puluisculo
649 2725 870 2786 eabanrienriu.

227 2831 271 2890 De
286 2829 439 2889 Prisciani
458 2829 563 2887 codiee
577 2827 602 2886 O
615 2832 652 2884 37
668 2828 756 2903 (280)
778 2831 915 2902 sequenti
928 2829 1029 2902 capite
1044 2827 1088 2903 (p.
1105 2827 1246 2887 LXXVI
1259 2832 1338 2903 not.)
1362 2845 1433 2903 ape-

142 2952 217 2995 mas
253 2934 372 2992 Extant
387 2936 553 3005 praeeterea
572 2926 677 2988 Turici
692 2931 841 3003 praecedam
856 2927 1037 2990 Priscianea
1052 2931 1081 2989 in
1097 2931 1164 2989 aod.
1185 2936 1239 2987 123
1252 2947 1332 2990 saec.
1348 2928 1435 2990 XIII

145 3032 309 3116 (‘Explicit
326 3031 504 3110 priscianus
530 3038 719 3092 coarstructns
740 3033 843 3093 Amen.
866 3064 909 3078 -
931 3033 1069 3108 Explicit
1089 3038 1230 3092 uacernas
1248 3026 1433 3110 prisciani')

144 3135 257 3198 Donati
279 3132 432 3212 apericulis
451 3130 555 3209 priori
575 3134 643 3194 loco
664 3135 796 3210 seraptis.

211 3356 239 3420 *)
258 3357 304 3406 Est
321 3368 403 3407 autern
416 3353 457 3404 hic
469 3339 600 3405 deformis
614 3355 805 3420 praeteritorum
819 3365 939 3405 tractatus
952 3357 1062 3421 scriptus
1075 3371 1090 3405 n
1102 3354 1176 3404 Petro
1187 3355 1252 3420 itige
1266 3354 1294 3417 (³5
1307 3368 1331 3404 a.
1343 3353 1431 3419 1209),

143 3427 176 3478 ci.
195 3425 335 3476 Tirurotum
355 3423 479 3477 ‘Exuuits
497 3422 543 3472 des
561 3426 726 3474 manuscrits’
746 3435 806 3474 torn.
826 3423 900 3472 xxu
918 3433 984 3489 pert.
1002 3426 1017 3473 2
1036 3439 1062 3489 p.
1081 3426 1122 3474 26.
1142 3425 1185 3474 17.
