3420 5378
203 292 246 358 80
718 292 787 345 sits
804 291 980 346 ANONYMA

202 483 331 563 positluo
354 499 408 561 per
431 499 464 542 se
487 482 616 560 positus,
640 489 673 542 ut
696 479 881 560 Virgilius
903 479 989 540 dicit:
1018 478 1196 543 ‘comites
1222 481 1393 543 senioris
1413 481 1502 544 Ace·

203 585 309 654 stae’,
340 600 395 663 pro
422 583 512 644 senis.
556 580 714 643 Sciendum
744 598 865 660 quoque
893 589 951 649 est,
985 579 1065 661 quod
1099 579 1327 644 diminutionem
1354 584 1504 664 accipiunt

203 685 345 766 quaedam
368 685 630 764 conparatinornm
652 700 669 742 a
692 683 885 762 conparatiuo
900 680 1029 742 neutrali
1046 683 1196 745 uenientia
1218 681 1387 746 adiectione
1408 684 1503 753 culus,

202 797 236 847 ut
262 785 491 866 grandiusculus
518 782 700 846 maiusculus
727 783 911 846 minusculus
938 781 1141 845 meliusculus,
1187 783 1262 844 item
1292 785 1505 865 conparatione

202 886 384 968 superlatiuo
406 886 564 968 aliqnando
587 884 755 966 praecellit,
785 893 819 946 ut
839 885 929 946 ditior
951 886 1109 954 ditissimo,
1138 885 1257 947 stultior
1278 883 1455 947 strdtisaimo
1475 893 1527 946 eta

203 989 298 1050 maior
324 989 465 1058 maximo,
496 987 553 1049 lroc
576 995 621 1049 est
649 995 828 1066 conparatus
853 987 1067 1065 conparatiuns
1094 984 1276 1067 superlatiuo
1298 986 1337 1048 de
1359 1004 1397 1047 eo
1419 1004 1505 1067 prae·

203 1089 298 1162 cellit,
321 1099 354 1152 ut
375 1090 465 1151 ditior
480 1135 609 1152 ......
627 1088 753 1159 stultior,
776 1087 855 1149 idest
875 1088 1014 1157 rusticus,
1038 1089 1089 1166 qui
1112 1086 1188 1148 nihil
1211 1085 1371 1166 intellegit,
1394 1085 1505 1149 stultis·

203 1195 293 1264 simo,
322 1192 399 1255 idest
421 1192 458 1253 de
481 1208 531 1261 eo,
562 1193 613 1269 qui
635 1192 791 1251 minimum
813 1189 960 1268 intellegit
982 1189 1019 1250 de
1042 1188 1237 1268 sapientibus.
1281 1189 1506 1250 Priscianus

203 1292 352 1365 ostendit,
370 1292 521 1375 quomodo
543 1294 753 1372 conparatiuus
775 1289 990 1372 superlatiuum
1012 1290 1182 1371 praecellit,
1212 1290 1332 1352 dicens:
1371 1289 1503 1352 fortis·

203 1396 286 1456 simi
314 1395 466 1456 inerant
495 1395 721 1456 Graecorum
750 1395 838 1455 dias
868 1392 1067 1455 Diomedes
1088 1394 1337 1472 Agamemnon
1360 1390 1540 1462 Vlixes,n

204 1496 376 1557 omnibus
398 1504 520 1557 tamen
542 1495 601 1556 his
629 1496 768 1556 fortior
796 1496 869 1556 init
889 1493 1071 1556 Achilles.
1115 1494 1204 1556 ltem:
1228 1493 1407 1555 ‘fortissimo
1428 1492 1504 1555 Tro·

146 1616 152 1628 ·
203 1600 339 1660 ianornm
362 1597 489 1660 Hectore
511 1598 620 1658 sortior
642 1598 698 1659 luit
719 1594 871 1657 Achilles'.
902 1595 1109 1677 Superlatiuns
1130 1594 1242 1674 gradus
1264 1595 1313 1656 cni
1335 1596 1422 1657 casui
1442 1612 1506 1656 ser·

203 1701 255 1761 nit.
299 1699 444 1760 Genetiuo
467 1705 579 1759 tantum
603 1698 723 1778 plurali,
749 1706 780 1759 ut
802 1698 925 1759 ‘ilector
947 1698 1056 1759 dicitur
1078 1697 1259 1759 fortissimos
1280 1696 1507 1759 Troianorum’.

203 1800 315 1861 Tamen
338 1800 553 1862 Priscianus
574 1799 661 1860 dixit:
694 1798 952 1880 superlatiuus
975 1800 1154 1878 genetiuo
1181 1798 1323 1879 plurali
1344 1795 1407 1860 uel
1423 1800 1505 1870 ,sin-

203 1901 327 1982 gulari
355 1903 539 1981 iungitur,
574 1901 718 1980 quando
747 1903 866 1982 ipsum
893 1919 1025 1962 nomen
1056 1901 1256 1979 singulare
1285 1898 1539 1961 multitudine

203 1997 478 2087 ]]iol.88']]nem
506 2003 716 2081 significat,
748 2013 799 2063 ut:
829 2000 1055 2064 ‘fortissime
1085 2004 1240 2080 gentis’,
1269 2000 1506 2080 sapientissimus

201 2105 314 2185 populi.
358 2105 549 2166 Fortissimus
572 2112 670 2166 autem
694 2104 812 2173 dicitur,
835 2105 911 2165 idest
933 2104 1020 2165 ualde
1043 2104 1140 2174 tortis,
1163 2112 1198 2166 ut
1217 2103 1297 2183 apud
1312 2103 1504 2165 Ciceronem:

203 2205 436 2270 simillimum
455 2205 539 2277 deo,
562 2224 618 2284 pro
640 2205 727 2267 ualde
749 2205 864 2267 similis.
909 2207 983 2268 ltern
1006 2206 1097 2278 scias,
1121 2204 1200 2285 quod
1224 2203 1431 2285 superlatiuos
1452 2221 1505 2266 suo

204 2309 308 2385 generi
323 2315 512 2387 conparatur,
529 2326 589 2369 non
606 2308 711 2378 alieno,
730 2316 762 2368 ut
777 2307 899 2368 ‘Hector
914 2307 1012 2370 dictus
1027 2316 1074 2369 eat
1087 2308 1266 2368 fortissimus
1280 2305 1504 2368 Troianorum'.

171 2442 176 2449 ·
204 2409 279 2470 item
301 2409 500 2489 superlatiuus
521 2428 577 2490 pro
599 2411 729 2489 positiuo
751 2412 866 2490 positus
888 2427 944 2470 nec
967 2417 1156 2487 conparatur,
1181 2416 1213 2470 ut
1230 2409 1344 2488 iupiter
1358 2409 1538 2471 maximm

203 2510 300 2573 dictus
329 2520 388 2582 est,
422 2512 506 2592 quasi
536 2529 669 2592 magnus.
713 2511 786 2572 ltem
816 2510 996 2590 Virgilius
1028 2511 1188 2572 Asianus
1219 2510 1258 2571 de
1290 2511 1505 2590 conparatione

205 2614 289 2675 dicit:
327 2613 604 2693 Conparatinus
639 2613 805 2692 gradus
841 2610 1082 2692 superlatiuo
1115 2612 1505 2691 incongruentissime

204 2717 467 2796 praeponitur,
497 2724 537 2777 ut
566 2716 681 2777 maior
709 2717 880 2783 marimo;
908 2713 1173 2794 superlatiuns
1199 2715 1339 2794 quippe
1366 2712 1526 2804 gradus.

204 2816 374 2880 omnibns
395 2814 600 2897 praecellit
621 2824 656 2877 et
678 2815 913 2897 supersedet,
936 2819 1037 2877 sicut
1060 2823 1094 2875 et
1115 2818 1307 2896 positiuus
1330 2813 1505 2878 omnibus

204 2917 396 2987 subsedet3
426 2919 700 2997 conparatinns
722 2925 842 2979 autem
858 2917 1008 2996 'gradus
1031 2917 1137 2980 uelut
1163 2917 1339 2998 quaedam
1362 2917 1539 2979 medie-as

205 3029 260 3080 tas
292 3016 454 3079 scalaris
484 3027 520 3080 ct
547 3021 715 3099 positino
746 3017 857 3079 altior
885 3028 920 3081 et
948 3019 1187 3100 superlatino
1224 3018 1412 3082 humilior
1439 3027 1504 3081 est

205 3121 285 3193 Quot
305 3128 376 3183 sunt
389 3121 503 3181 formae
518 3119 786 3200 superlatiuorum‘l
810 3119 892 3181 Octo.
927 3123 999 3183 lnde
1014 3122 1237 3183 Priscianus
1258 3121 1346 3183 dicit:
1369 3120 1504 3204 Super·
1539 3110 1547 3127 ⁸

204 3222 407 3283 latinorum
440 3222 581 3282 iormae
613 3233 698 3283 sunt
730 3230 829 3293 octo,
865 3222 957 3283 dnae
987 3223 1149 3302 quidem,
1185 3225 1223 3284 in
1259 3240 1351 3302 quas
1380 3221 1505 3303 plera·

204 3341 273 3401 que
303 3324 480 3386 desinunt
508 3322 758 3403 superlatina,
797 3322 897 3384 idest
933 3327 969 3385 in
1006 3329 1121 3386 rimus
1158 3333 1193 3386 et
1228 3326 1265 3386 io
1297 3325 1430 3396 simus,
1465 3327 1503 3386 ia

204 3423 328 3497 limus,
366 3429 406 3487 in
443 3426 580 3494 ximus,
618 3426 658 3485 in
695 3428 822 3496 timus,
860 3428 899 3487 in
937 3443 1074 3497 remus,
1112 3427 1148 3486 in
1185 3425 1333 3497 simus,
1370 3428 1410 3487 in
1446 3425 1537 3489 rai-ae

204 3546 290 3589 mus.
335 3527 368 3588 ln
391 3529 536 3605 erigitur
558 3526 723 3587 desinentia
750 3530 880 3607 positina
908 3546 976 3590 cum
1002 3529 1061 3589 sint
1090 3527 1238 3589 adiectiua
1266 3529 1332 3589 siue
1353 3526 1502 3591 secundae

203 3647 257 3690 seu
279 3632 385 3691 tertiae
408 3627 628 3700 declinationis,
652 3639 772 3708 accepta
795 3631 914 3691 ‘rimus'
936 3629 1051 3690 iaciunt
1071 3628 1305 3710 superlatiuum,
1328 3637 1363 3690 ut
1376 3627 1502 3708 pulcher

202 3729 436 3809 pulcherrimus,
469 3731 560 3792 miser
590 3732 789 3801 miserrimus,
823 3750 937 3811 pauper
966 3734 1189 3812 pauperrimus,
1223 3747 1294 3792 acer
1324 3733 1499 3795 scaminus

209 3903 375 3910 .---.--.-
381 3902 431 3909 ...—

271 4017 440 4088 lVirgilius]
461 4022 527 4072 Aea.
550 4021 576 4071 V
593 4023 644 4070 301
696 4029 795 4070 acceste
863 4017 1499 4086 PScieridnniqnoqueJofiPrise.1p.93‚id

202 4085 407 4156 dmaiusculna]
426 4089 508 4138 malus
578 4088 699 4149 odium,
719 4102 765 4138 om.
783 4088 912 4138 ditissimo
963 4089 1067 4137 stulcior
1136 4089 1261 4138 tdicuor
1312 4086 1426 4152 stultior]
1444 4088 1499 4138 Ex·

201 4161 319 4209 ciderunt
336 4164 395 4208 onte
413 4158 460 4209 doc
478 4157 602 4223 quaedam
619 4159 656 4206 ad
669 4158 744 4221 prins
761 4158 903 4220 exemptam
918 4158 1093 4207 illustrandum
1107 4158 1276 4222 pertinentia.
1357 4157 1374 4205 8
1391 4156 1499 4205 Priscia-

203 4225 297 4289 nusll
313 4244 342 4291 p.
361 4229 438 4291 86,7
525 4227 556 4275 10
575 4223 708 4273 Diomides
813 4227 843 4273 ll
862 4223 965 4286 achilee,
984 4225 1022 4274 bis
1089 4222 1243 4291 fortissimo]
1263 4225 1348 4275 Prisc.
1366 4224 1382 4274 1
1401 4224 1450 4290 91,
1468 4226 1499 4274 11

204 4296 235 4343 13
253 4295 440 4344 iectordicitor
511 4295 542 4343 14
559 4289 717 4356 Priscianus]
740 4291 817 4356 191,
829 4294 870 4342 12.
923 4294 954 4342 lo
972 4307 1049 4354 quem
1084 4293 1241 4356 singularem
1312 4294 1345 4343 16
1362 4291 1500 4345 fortissime

201 4373 292 4426 gentes
360 4361 550 4427 sapientissime
637 4363 667 4412 ll
686 4356 846 4425 Ciceronem]
864 4360 900 4421 cf.
918 4360 1000 4410 Prisc.
1020 4361 1079 4425 lp.
1097 4364 1139 4423 94,
1157 4365 1192 4411 20
1243 4361 1403 4412 simillimum
1420 4361 1453 4411 de
1469 4373 1498 4410 eo

204 4431 235 4479 19
253 4431 331 4478 ieetor
398 4431 432 4480 20
448 4430 541 4494 iupiter
617 4430 649 4477 21
667 4428 793 4493 Virgilius
811 4424 945 4493 assianus]
964 4431 998 4490 cf.
1018 4430 1052 4480 A.
1072 4429 1129 4478 Mai
1151 4430 1218 4494 Vp.
1237 4432 1290 4480 134
1359 4431 1393 4482 22
1410 4443 1500 4495 anper·

202 4498 295 4547 launna
323 4496 441 4546 omnibns
468 4496 643 4563 superequitat
669 4497 736 4546 sicut
760 4496 888 4562 positione
917 4498 1034 4546 omnibns
1057 4497 1180 4547 subsidet.
1216 4496 1414 4562 Comparatinns
1433 4496 1500 4549 uelut

202 4568 328 4628 quaedam
346 4564 416 4614 scale
433 4576 472 4615 ost
488 4566 602 4632 positiuo
620 4564 695 4614 altior
712 4574 737 4615 et
754 4564 911 4630 superlatiuo
928 4563 1047 4614 humilior
1063 4566 1187 4629 Vergilius
1203 4565 1277 4616 Maii.
1329 4567 1364 4616 26
1380 4565 1499 4616 humilio-

203 4650 254 4685 rem
273 4634 342 4697 quod
411 4635 443 4684 aa
462 4634 552 4697 lorme,
571 4633 609 4683 bie
677 4631 836 4698 Priscianus]
857 4633 873 4682 I
889 4650 917 4697 p.
937 4636 979 4695 aa,
998 4636 1034 4681 23
1103 4635 1136 4683 18
1154 4633 1205 4682 diro
1285 4632 1499 4687 wetinflnus

203 4705 234 4750 31
252 4704 278 4751 in
297 4719 324 4751 er
342 4703 420 4766 igitur
437 4727 469 4737 —
486 4697 634 4765 acerrimus]
654 4702 781 4755 Priscian.
799 4702 815 4751 I
832 4718 859 4765 p.
878 4704 953 4759 95st
1005 4703 1036 4750 31
1056 4700 1095 4749 sin
1115 4701 1213 4750 adiecta
1281 4703 1314 4752 32
1331 4701 1500 4767 superinlitum

204 4771 236 4820 33
253 4770 398 4819 miserimus
449 4771 615 4835 pauperimns
665 4771 790 4818 acerinins
