3420 5378
414 281 453 338 ιιι
472 264 610 339 nonam
628 286 743 338 anons
761 288 810 340 nr
827 287 1096 343 nannanrsnvn.
1342 305 1411 354 exv

122 492 181 535 non
204 481 285 535 recte
308 473 494 536 Latinitatem
517 476 653 557 prolerre
675 476 808 540 ualentes
835 489 977 559 oeperunt
1007 498 1072 541 eam
1095 498 1302 561 corrumpere,
1332 481 1411 543 unde

121 575 231 655 placuit
253 575 403 648 Romanis,
426 586 460 638 nt
481 577 529 639 illa
551 577 650 658 lingua
674 578 877 642 barbarismus
899 589 1069 643 noceretur.

207 676 310 743 [18⁵
339 680 433 753 (Jlon.
456 699 492 757 p.
518 687 588 757 332,
616 687 646 758 7)
684 681 831 761 llastruga
860 682 958 763 lingua
982 682 1092 746 Gallica
1120 684 1227 747 dicitur
1255 688 1347 748 uestis
1376 705 1412 747 ex

121 779 248 861 pellibus
270 780 400 842 serarum
424 782 509 845 sacta.
554 784 668 846 Cateias
696 783 795 863 lingua
818 785 956 848 Afrorum
985 785 1094 853 dicitur
1122 786 1245 865 gladius.
1289 787 1411 866 llagalia

122 890 152 942 et
173 880 299 962 mapalia
327 882 405 945 idem
429 893 500 946 sunt
521 884 661 948 uidelicet
682 885 781 948 casule
803 894 954 966 pastorum
984 888 1032 951 uel
1054 907 1201 960 cananne,
1231 890 1282 951 sed
1312 892 1342 950 in
1366 889 1412 951 nis

121 983 270 1058 differunt,
294 994 360 1064 quia
383 988 505 1069 magalia
529 989 712 1069 producitur,
738 989 862 1070 mapalia
885 992 1055 1071 corripitur.

206 1116 304 1184 [18α
327 1119 419 1191 (Bon.
431 1136 467 1195 p.
485 1123 550 1192 332,
570 1124 621 1195 ld)
646 1082 803 1204 lnlantlbu’
825 1119 898 1181 dixit
920 1139 975 1200 pro
990 1119 1162 1181 infantibus.
1208 1121 1318 1181 Versus
1333 1121 1411 1182 enim

121 1229 175 1291 est,
199 1222 229 1282 in
252 1239 310 1299 quo
333 1221 429 1281 littera
453 1219 651 1289 subtrahitur,
680 1221 746 1301 quia
776 1221 862 1283 aliter
889 1223 919 1282 in
950 1223 1049 1284 eroice
1077 1230 1173 1284 metro
1195 1221 1328 1284 ordinari
1351 1240 1410 1282 non

121 1331 229 1469 potul:
252 1405 311 1470 18b
333 1409 426 1481 (Bon.
445 1426 480 1484 p.
505 1414 569 1482 332,
588 1413 639 1484 21)
663 1409 864 1470 Detralruntur
886 1417 1032 1481 accentus,
1057 1418 1089 1471 ut
1110 1411 1136 1471 si
1152 1411 1217 1487 qttis
1239 1417 1315 1472 meta
1332 1418 1411 1471 creta

122 1519 152 1571 et
179 1519 277 1571 cetera
308 1510 374 1573 talia
403 1510 459 1572 sub
488 1519 573 1571 acuto
602 1519 725 1571 accentu
752 1512 1002 1591 pronuntiauerit,
1039 1531 1106 1575 oum
1134 1511 1189 1574 sub
1218 1512 1411 1573 circumflexo

121 1612 339 1693 pronuntiantia
361 1613 434 1673 sint:
458 1622 529 1672 tunc
551 1613 584 1672 lit
605 1611 749 1673 detractio
771 1613 953 1674 circumllexi
977 1621 1006 1674 et
1027 1615 1135 1694 positio
1158 1616 1247 1675 acuti.

206 1711 318 1780 [18¹³
346 1716 439 1787 (Bon.
456 1733 492 1791 p.
518 1720 586 1788 392,
614 1720 666 1791 26)
697 1714 853 1775 Scilicet
880 1733 984 1795 quam
1014 1713 1079 1775 alii
1107 1715 1179 1796 etc]
1208 1716 1318 1777 Sensus
1346 1714 1412 1776 talis

122 1825 181 1879 est:
204 1815 247 1877 illi
269 1818 319 1896 qui
341 1816 474 1878 iudicant
496 1834 559 1876 eam
584 1834 650 1877 esse
673 1815 810 1887 litteram,
834 1815 877 1876 bii
898 1822 1003 1896 putant
1023 1835 1088 1879 esse
1102 1817 1336 1887 barbarismum,
1360 1819 1411 1897 qui

120 1938 175 1999 per
198 1938 262 1981 eam
286 1920 376 1980 sitin
399 1920 510 1998 scripto
532 1926 562 1978 et
584 1918 633 1987 hii,
656 1919 706 1997 qui
729 1936 788 1979 non
809 1917 940 1979 iudicant
963 1936 1027 1978 eam
1050 1936 1114 1980 esse
1136 1918 1280 1989 litteram,
1306 1918 1410 1979 barba·

121 2025 257 2093 rismum,
280 2023 330 2101 qui
353 2039 408 2101 per
430 2040 494 2082 eam
518 2022 560 2101 ln,
583 2020 685 2081 dicunt
706 2039 772 2081 esse
795 2022 826 2080 in
849 2021 1103 2100 pronuntiatione.

206 2124 225 2184 l.
249 2118 310 2184 18ὴ
333 2124 425 2198 (Bon.
445 2141 480 2199 p.
504 2128 619 2199 3331)
642 2122 829 2184 lletacismus
853 2130 897 2182 est
919 2123 1027 2183 uicium
1050 2125 1113 2184 siue
1135 2124 1238 2185 scissio
1261 2142 1289 2183 m
1312 2121 1411 2184 littero

122 2243 199 2305 quae
220 2226 253 2286 llt
273 2224 393 2305 quando
414 2242 443 2285 m
467 2223 562 2286 littera
583 2226 660 2286 inter
682 2223 755 2285 duas
784 2222 901 2285 uocales
924 2225 1055 2303 ponitur,
1087 2235 1119 2285 ut
1146 2224 1269 2286 ‘bonum
1292 2227 1409 2287 aurum’

121 2325 290 2389 ‘docibilem
314 2329 466 2396 amicum',
496 2335 528 2388 ut
554 2326 642 2387 talem
665 2344 770 2388 sonum
793 2325 901 2387 habeat
924 2345 1014 2388 unum
1039 2346 1083 2396 m,
1112 2335 1144 2388 ut
1165 2326 1224 2388 duo
1246 2347 1275 2389 m
1292 2347 1322 2389 m
1345 2346 1411 2389 esse

120 2429 289 2491 uideantur.
315 2463 353 2473 —
368 2429 571 2510 Laptacismus
587 2437 631 2490 est
645 2429 750 2489 uitium
766 2429 831 2489 siue
846 2429 948 2490 scissio
972 2428 981 2488 l
1003 2428 1111 2499 littere,
1134 2448 1210 2509 quae
1226 2432 1267 2500 iit,
1291 2429 1410 2508 quando

121 2530 180 2592 duo
206 2529 286 2593 ltin
316 2531 413 2592 medio
441 2532 536 2612 posita
565 2549 702 2611 asperum
731 2548 837 2592 sonum
867 2529 1010 2602 reddunt,
1040 2539 1072 2591 ut
1098 2530 1169 2592 sella
1199 2530 1293 2593 stella.
1337 2532 1410 2592 Nam

120 2652 212 2695 unum
235 2632 245 2693 l
268 2634 296 2694 in
320 2632 418 2694 medio
439 2635 568 2712 positum
593 2632 698 2694 exilem
720 2651 825 2693 sonum
849 2633 927 2708 lacit,
952 2642 983 2694 ut
1005 2634 1152 2712 relinquo.
1173 2667 1216 2678 —
1238 2632 1411 2695 collisiones

121 2733 261 2797 dicuutur
282 2735 513 2797 confricationes
535 2735 652 2816 quando
675 2736 742 2796 linis
765 2733 847 2814 (sinis
868 2736 949 2814 cod.)
972 2735 1176 2815 praecedentis
1198 2734 1333 2796 dictionis
1355 2735 1411 2793 ini·

121 2837 196 2899 tium
218 2844 262 2898 ost
283 2838 446 2915 sequentis,
470 2844 502 2898 ut
522 2835 658 2898 ‘materia
673 2855 689 2897 a
706 2839 807 2906 terra',
831 2846 861 2897 et
882 2836 999 2916 quando
1022 2837 1112 2899 multe
1135 2837 1279 2898 dictiones
1300 2835 1338 2897 ab
1354 2854 1411 2895 nna

119 2937 217 3001 littera
240 2937 389 3010 inchoant,
413 2949 446 3001 ut
468 2948 511 3001 ost
533 2937 620 3001 illud:

245 3062 248 3067 ·
315 3041 340 3103 0
362 3042 444 3103 Tite
466 3042 555 3102 'late
578 3049 657 3102 tute
680 3039 747 3100 tibi
772 3049 871 3102 tanta
896 3042 1044 3101 tiranno
1067 3040 1201 3106 tulisti.

206 3146 227 3206 l.
253 3141 313 3206 18l'
337 3146 429 3217 (Bon.
447 3162 483 3221 p.
502 3150 566 3218 333,
585 3148 618 3220 5)
642 3141 841 3203 Soloeoismus
862 3142 971 3204 dicitur
993 3161 1009 3203 a
1032 3141 1100 3218 Sole
1123 3143 1241 3203 ciuitate
1259 3142 1410 3212 Dalmatio,

121 3263 198 3325 quae
226 3264 306 3307 nunc
334 3244 547 3326 Ponpeiopolis
575 3244 699 3315 dicitur,
727 3247 813 3307 cuius
839 3242 1021 3307 habitatores
1048 3245 1177 3307 ntlronas
1204 3255 1411 3324 perrexerunt,

122 3355 156 3410 ut
180 3346 224 3409 ibi
252 3348 395 3410 Graecam
424 3346 554 3425 linguam
583 3346 731 3409 discerent
758 3356 787 3407 et
814 3365 896 3407 suam
925 3355 1096 3417 seruarent,
1124 3365 1211 3427 quam
1241 3355 1323 3407 recte
1352 3364 1411 3407 non

120 3448 254 3512 ualentes
275 3450 411 3530 prolerre
434 3458 589 3528 utramque
612 3457 818 3528 corruperunt.
864 3448 945 3509 Vnde
968 3448 1079 3529 placuit
1100 3447 1285 3517 doctoribus,
1314 3456 1346 3509 ut
1369 3450 1412 3508 ui-

121 3553 200 3613 oium
222 3550 301 3612 illius
323 3550 423 3629 lingue
445 3550 638 3612 soloecismus
660 3558 827 3612 uocaretur.

206 3652 226 3713 l.
251 3648 310 3714 19·
332 3654 425 3727 (Bon.
443 3671 478 3730 p.
504 3659 574 3728 333,
601 3658 650 3727 rt)
674 3650 863 3732 partibus]
894 3651 1017 3722 Quidam
1046 3651 1113 3713 libri
1137 3651 1248 3714 liabent
1271 3654 1411 3733 ‘partium

121 3757 289 3824 orationis’,
312 3754 364 3817 sed
379 3764 460 3817 recte
483 3764 513 3815 ot
534 3752 661 3813 nobilius
682 3753 755 3815 dicit
776 3753 945 3833 ‘partibus’,
969 3756 1037 3833 quio
1053 3755 1155 3815 accido
1171 3753 1296 3817 uerbum
1312 3755 1411 3815 datiuo

121 3859 205 3919 casui
225 3859 371 3937 iungitur.

206 3959 229 4025 l.
253 3954 312 4020 19α
335 3960 426 4032 (Bon.
446 3976 481 4034 p.
505 3963 571 4033 393,
600 3964 649 4035 20)
672 3959 804 4021 Τοιιιιιιιι
828 3977 936 4020 nomen
960 3967 1019 4030 est,
1043 3959 1119 4040 quod
1145 3959 1203 4037 (qui
1226 3958 1303 4037 cod.)
1328 3960 1411 4038 poni-

122 4070 171 4122 tur
193 4077 250 4141 pro
272 4059 416 4123 aduerbio
438 4068 539 4121 torue:
570 4059 729 4122 dobmate
752 4079 844 4121 uxore
868 4061 963 4122 Latini
986 4060 1073 4131 dicit,
1096 4061 1146 4141 qui
1169 4079 1237 4121 cunr
1259 4060 1411 4121 Lauiniam

122 4162 212 4225 liliam
234 4181 317 4225 suam
339 4162 420 4224 Enee
436 4164 571 4233 sociaret,
595 4172 715 4225 toruum
738 4164 757 4223 i·
775 4162 949 4224 terribiliter
967 4161 1121 4231 clamabat,
1145 4163 1228 4222 cirins
1245 4160 1411 4242 exemplum

121 4262 209 4326 latius
231 4274 290 4326 est:

249 4351 495 4431 Sanguineam
519 4360 700 4430 torquens
723 4353 853 4412 laciom
877 4361 1098 4430 toruumque
1121 4358 1276 4430 repente

249 4453 400 4515 Clamat:
425 4456 458 4513 io
482 4462 618 4514 triatrus
641 4454 767 4514 audito
791 4452 852 4513 ubi
876 4470 1044 4530 quaeque
1069 4451 1209 4512 Latino.

207 4557 228 4615 l.
253 4552 314 4616 tet
338 4558 430 4629 (Bon.
453 4574 485 4631 p.
511 4562 583 4631 333,
608 4562 658 4626 30)
688 4556 745 4616 l’or·
773 4572 883 4633 genero
906 4556 980 4614 dum
1000 4553 1183 4622 soloecismi,
1212 4555 1288 4614 sient
1311 4552 1412 4613 ‘indidi

121 4657 242 4720 siliccs'.
288 4658 366 4719 Siler
391 4660 468 4717 terrim
493 4657 626 4717 lentinini
649 4658 766 4735 generis
789 4667 842 4717 ost.
889 4656 971 4716 Vnde
999 4656 1197 4735 Virgilius:

452 4759 501 4821 lla
524 4757 634 4819 silice
658 4761 693 4819 in
718 4758 809 4819 nuda
834 4758 999 4838 reliquit.

1170 4859 1211 4913 h*
