3420 5378
219 307 283 375 254
621 306 855 360 COMMENTVM
872 303 1117 358 nmerounusn

218 498 414 578 ‘compescat’
438 497 522 557 iacit:
546 497 628 558 ‘sedo
651 499 695 558 as’
717 497 738 555 i·
760 492 934 572 tranquillo;
958 495 1041 556 disco
1063 492 1214 563 similiter,
1244 492 1297 555 sed
1319 491 1413 555 didici
1434 493 1512 555 iacit

128 599 258 662 saona
288 600 383 667 enim,
412 616 488 678 qnae
515 599 707 666 inchoantur,
737 615 796 657 non
826 602 951 674 possunt
979 595 1090 656 itabero
1118 596 1325 673 praeteritum.
1372 594 1513 656 Horrea

219 709 264 761 est
287 707 401 768 metuo,
425 699 495 759 inde
518 697 716 766 ‘horribilis',
745 699 770 757 i·
794 696 985 766 metuendus,
1016 704 1046 756 et
1072 695 1180 757 horreo
1208 703 1253 756 est
1274 694 1424 775 despicio,
1448 696 1514 757 inde

218 801 341 862 dicitur:
372 818 441 861 non
465 799 649 860 horruisti
673 799 837 875 uirginis
866 805 1028 866 uterum,
1050 798 1071 857 i·
1094 814 1154 858 non
1183 797 1360 877 despexisti:
1392 796 1440 857 hic
1460 815 1513 876 pro

128 918 178 966 soa,
191 918 203 957 o
217 891 409 981 despectione
430 903 561 980 ponitur,
582 898 655 960 inde
671 894 682 980 ΙΙ
701 895 762 959 179
777 896 789 979 ΙΙ
805 897 950 960 horresco
973 898 1098 969 horrere
1120 900 1242 978 incipio.
1287 898 1536 968 Consuescet

216 1006 237 1063 i·
260 1004 291 1062 in
314 1000 558 1063 consuetudinem
583 1001 710 1080 recipio,
741 1019 757 1060 e
780 1007 883 1060 contra
906 1000 1086 1062 ‘desuesco’
1115 1018 1130 1060 a
1154 1000 1376 1062 consuetudine
1398 999 1513 1075 recedo,

218 1105 367 1166 ‘desueui'
389 1121 404 1164 a
428 1101 643 1164 consuetudine
665 1104 785 1163 recessi.

115 1223 204 1270 aaa‚1o
302 1205 593 1281 Coniugetiones
616 1202 749 1264 uerbis
771 1202 946 1265 accidunt
968 1211 1053 1264 tres.
1085 1202 1255 1265 Secundum
1272 1202 1512 1264 Priscianum

217 1315 356 1388 quattuor
384 1313 466 1371 sunt:
502 1305 633 1365 Donatus
660 1313 721 1365 tres
750 1313 903 1367 enumerat
929 1306 1152 1383 coniugationes
1179 1305 1370 1383 distinguens
1398 1306 1512 1366 tertiant

218 1417 248 1470 et
262 1416 411 1488 quartam,
435 1406 486 1467 ubi
508 1404 580 1465 dicit
594 1407 604 1465 i
619 1414 786 1486 correptam
810 1403 857 1466 nel
871 1408 881 1466 i
897 1405 1086 1486 productam:
1110 1424 1178 1466 cum
1193 1406 1268 1467 dicit
1283 1407 1305 1464 ‘i
1319 1407 1512 1486 correptam’,
1524 1420 1544 1458 κ

216 1512 314 1589 tangit
334 1510 466 1574 tertiam:
495 1525 562 1567 cunt
586 1506 657 1568 dicit
679 1508 706 1566 ‘i
727 1508 930 1587 productam’,
960 1508 1053 1586 tangit
1074 1516 1222 1584 quartam:
1253 1508 1374 1574 uincio,
1404 1509 1424 1568 i.
1448 1508 1512 1585 ligo,

77 1612 334 1677 eroaan‘uinri'
358 1610 440 1683 iacit,
471 1609 587 1669 uincior
609 1609 650 1669 ris
673 1609 837 1676 ‘uinctus’;
861 1610 962 1677 uinco,
985 1611 1013 1685 i,
1029 1626 1152 1687 supero,
1176 1608 1270 1668 ‘uici'
1294 1608 1386 1676 iacit,
1412 1610 1513 1671 uincor

216 1713 349 1776 ‘uictus'.

126 1832 203 1881 sos‚1
301 1814 472 1875 Genera
508 1810 751 1872 uerborum
790 1818 894 1878 sunt
930 1812 1139 1890 quinque.
1193 1809 1267 1871 Cum
1301 1810 1379 1872 dixit
1411 1813 1512 1890 ‘utrin-

217 1921 302 1995 qne’,
332 1932 487 1977 numerum
511 1914 659 1982 defininit,
683 1914 752 1990 quia
775 1910 840 1972 etti
863 1911 1024 1972 notuerunt
1045 1910 1275 1990 impersonalem
1298 1912 1423 1974 modum
1447 1925 1542 1975 curan

215 2016 376 2097 generibus
419 2024 447 2076 et
488 2013 752 2093 significationibus
795 2011 879 2074 uerbi
922 2022 1036 2074 sertum
1080 2029 1174 2092 genus
1217 2030 1344 2093 ponere.
1413 2014 1512 2076 Genus

216 2128 247 2180 et
281 2118 454 2198 significatio
490 2119 521 2176 in
558 2115 652 2176 uerbo
690 2113 770 2178 idem
806 2122 860 2174 est.
927 2114 1043 2175 Genera
1086 2114 1225 2175 dicuntur
1266 2133 1282 2174 a
1328 2114 1510 2193 generando,

217 2239 253 2281 eo
276 2220 355 2300 quod
377 2237 468 2279 unnnt
493 2224 653 2294 generetur
676 2215 713 2276 alt
736 2215 845 2285 attero,
868 2217 1024 2295 passiuum'
1042 2215 1182 2276 uidelicet
1203 2215 1240 2277 ab
1263 2217 1367 2277 actiuo
1388 2225 1421 2278 et
1444 2218 1511 2278 acti·

216 2339 286 2382 uum
309 2339 325 2379 a
348 2321 477 2398 passiuo.
521 2314 757 2394 significationes
786 2316 939 2390 dicuntur,
970 2336 1005 2377 eo
1035 2316 1113 2395 quod
1142 2325 1239 2377 actunt
1268 2317 1318 2377 nei
1342 2319 1511 2397 passiam

126 2443 176 2491 saa,
191 2443 203 2481 a
217 2420 435 2488 demonstrant,
459 2427 489 2479 et
510 2426 557 2480 est
578 2419 754 2497 significatio
777 2436 882 2478 sensus
904 2417 1000 2479 uerbi.
1045 2419 1174 2478 noctua
1198 2418 1349 2498 dicuntur,
1375 2438 1413 2480 eo
1435 2419 1541 2498 quoda

215 2532 313 2584 actum
336 2523 517 2600 significant;
546 2521 712 2599 passiua,
742 2518 878 2596 eoquod
901 2523 1069 2598 passionem
1091 2519 1309 2590 demonstrant,
1336 2529 1371 2581 ut
1392 2520 1511 2600 tepori·

125 2643 280 2696 aaa‚omea
304 2623 395 2684 uerba
419 2621 567 2700 teguntur.
602 2620 741 2682 Neutra
764 2621 903 2681 dicuntur
926 2639 985 2681 non
1008 2621 1091 2700 quasi
1113 2619 1221 2697 aliquid
1245 2638 1305 2681 non
1331 2623 1509 2700 significent,

213 2728 234 2787 i·
258 2724 307 2787 uel
335 2732 432 2785 actum
460 2723 508 2784 uel
532 2723 714 2801 passionem,
738 2721 789 2783 sed
812 2731 970 2802 utrumque
993 2720 1079 2783 simui
1103 2740 1163 2782 non
1184 2722 1370 2798 significant:
1393 2723 1512 2803 quando

213 2836 312 2889 actum
341 2827 521 2903 significant,
559 2825 726 2905 passionem
755 2823 902 2893 relaxant,
938 2831 967 2884 et
994 2823 1113 2903 quando
1143 2825 1326 2903 passionem,
1359 2824 1513 2887 dimittunt

112 2937 322 3001 see,11actum.
367 2928 577 2988 Communia
605 2925 759 2994 dicuntur,
789 2925 925 3005 eoquod
955 2923 1011 2984 sub
1035 2943 1091 2986 una
1115 2925 1279 2985 litteratura
1302 2924 1382 2986 duos
1405 2941 1540 2987 senenses

113 3029 334 3101 ses,1oi·duos
362 3026 531 3089 intellectus
559 3025 678 3088 habent.
725 3027 956 3106 Deponentia
985 3026 1139 3094 dicuntur,
1171 3025 1309 3105 eoquod
1333 3045 1396 3087 non
1421 3028 1511 3107 depo·

214 3139 286 3192 nunt
309 3149 324 3191 r
348 3130 393 3190 uei
422 3129 498 3208 quod
528 3128 680 3207 deponunt
708 3129 897 3208 participium
926 3127 1017 3187 iuturi
1047 3129 1188 3207 temporis
1216 3145 1231 3186 a
1262 3128 1401 3205 pessino,
1433 3129 1508 3206 quod

122 3232 322 3305 aas,edesinit
355 3232 385 3290 in
413 3231 482 3299 dus,
512 3240 543 3291 ut
573 3228 739 3306 loquendus
767 3228 932 3290 iactandus.
985 3227 1259 3306 impersonalia
1289 3226 1447 3300 dicuntur,
1477 3249 1510 3291 eo

214 3333 292 3414 quod
331 3334 447 3393 tertiam
485 3330 614 3391 habeant
650 3348 818 3409 personam.
877 3329 1040 3390 Neutro
1076 3330 1253 3410 passiua
1291 3328 1440 3391 dicuntur
1476 3350 1510 3392 eo

213 3434 290 3516 quod
313 3437 342 3495 in
365 3435 513 3513 praesenti
537 3441 567 3493 ot
589 3433 619 3493 in
647 3432 748 3492 futuro
775 3431 940 3493 neutralem
968 3430 1079 3492 habent
1100 3431 1344 3500 declinationem,
1368 3433 1402 3492 in
1426 3446 1542 3512 prae-st

109 3561 159 3613 tot,
174 3565 197 3604 ιι
211 3539 300 3599 terito
322 3555 395 3597 uero
418 3542 574 3596 transeunt
596 3536 653 3594 iam
676 3536 708 3593 in
731 3535 895 3612 passinam,
926 3542 958 3592 ut
979 3532 1094 3609 gaudeo
1116 3533 1236 3609 gauisus
1258 3550 1335 3593 sum.
1381 3533 1508 3603 Soleo,

212 3641 230 3700 i.
254 3643 284 3700 io
308 3636 526 3698 consuetudine
554 3635 665 3705 habeo,
694 3635 797 3696 solitus
825 3654 900 3696 snm.
946 3635 1146 3702 Conuiuor,
1168 3628 1287 3716 1118011
1309 3634 1401 3695 simut
1425 3638 1510 3704 uiuo:

210 3775 327 3784 ——----
332 3775 369 3782 ..a
391 3774 436 3781 ..—

278 3861 294 3910 8
313 3857 457 3932 Secundum
477 3851 684 3929 Priscianuntil
699 3872 726 3920 p.
746 3858 805 3916 452,
827 3856 858 3905 18
875 3872 929 3927 seq.
948 3857 1077 3921 multisque
1095 3857 1153 3904 aliis
1170 3856 1241 3906 loris.
1321 3857 1355 3906 to
1373 3857 1419 3906 uiti
1438 3852 1508 3921 dicit]

208 3979 236 4027 p.
256 3964 317 4023 382,
337 3962 369 4008 21
458 3961 489 4008 16
507 3957 576 4006 uerbi
595 3956 661 4004 sexti
684 3967 783 4005 sextum
877 3958 907 4006 tt
918 3931 1004 4005 'ieron
1074 3958 1107 4007 29
1126 3968 1214 4005 neutro
1233 3954 1354 4021 passius]
1384 3960 1422 4021 cs.
1443 3959 1507 4009 Dan.

209 4047 236 4094 p.
258 4030 348 4085 383,9
366 4044 419 4078 cunt
437 4027 602 4078 adnotatione
619 4026 709 4074 critico
728 4025 763 4073 H.
783 4024 862 4074 Keilii
929 4027 960 4076 31
981 4021 1070 4090 Soieo]
1089 4025 1366 4087 cs.·Kei1iiadttot.t.
1386 4029 1405 4080 Ι.
1476 4029 1507 4077 32

211 4101 235 4146 in
255 4095 464 4146 consuetudinem

210 4216 238 4223 -—
243 4215 436 4223 -——-...—.-.

278 4304 293 4351 5
311 4301 402 4350 nom
418 4296 665 4348 codicisBernenot's
680 4298 701 4360 f.
714 4295 924 4360 tetramque:
946 4296 1011 4344 iiaec
1029 4297 1079 4344 dno
1100 4295 1175 4344 uerita
1193 4310 1338 4346 consuesco
1357 4309 1382 4347 et
1402 4301 1507 4362 quiesco

210 4370 280 4418 aiunt
300 4368 427 4430 quidam
447 4381 496 4415 non
515 4380 573 4414 esse
590 4365 748 4422 inritamina,
771 4366 831 4426 qnia
853 4366 1015 4430 praeteritum
1038 4364 1132 4413 ltabent
1152 4365 1275 4411 constteui
1294 4376 1320 4415 et
1337 4367 1445 4431 quieui,
1464 4370 1506 4418 sed

211 4451 298 4486 reuera
316 4437 379 4485 satis
397 4446 508 4499 possunt
525 4449 583 4482 esse
602 4432 759 4491 trasimenus,
779 4435 838 4494 quia
856 4434 979 4480 consuent
998 4442 1023 4481 et
1040 4433 1125 4494 qttieui
1138 4446 1153 4479 e
1167 4431 1251 4480 uerbis
1263 4445 1379 4483 consueo
1394 4448 1421 4484 et
1433 4439 1508 4498 qnieo

211 4507 328 4565 eueniunt,
353 4517 419 4565 qnae
437 4502 514 4552 modo
534 4515 582 4551 non
602 4511 662 4550 aunt
679 4502 704 4549 in
724 4516 785 4557 usu,
810 4501 853 4548 sed
877 4499 927 4548 iliis
950 4501 982 4547 ab
1002 4516 1048 4548 usu
1067 4498 1241 4548 recedentibus
1260 4513 1351 4549 corum
1370 4507 1508 4567 praeterita

209 4574 233 4622 in
255 4589 302 4622 usn
319 4583 505 4620 remanserunt.
609 4572 641 4618 14
660 4569 750 4618 Gtoaaa
767 4570 862 4619 radicas
880 4568 1058 4629 Beroenstss.
1079 4569 1125 4616 10¹
1148 4583 1226 4631 toury.
1251 4568 1340 4617 dext:
1376 4572 1468 4623 Genus
1487 4586 1508 4622 et

209 4640 362 4706 significatio
390 4639 455 4689 idem
479 4649 519 4687 est
539 4638 564 4685 in
591 4637 674 4687 tterho.
711 4636 782 4685 iiunc
808 4636 909 4685 modum
936 4635 1124 4701 inpersonatem
1147 4635 1275 4696 quidum
1300 4643 1509 4700 grammatici

208 4718 299 4773 ptttnnt
316 4723 374 4756 esse
394 4723 438 4771 per
456 4722 484 4755 se
502 4707 569 4754 sicut
586 4706 697 4753 aetiunnt
718 4715 742 4752 et
759 4706 903 4768 pessittum,
922 4717 946 4752 et
963 4704 1059 4766 quare?
1079 4702 1141 4761 Quin
1156 4718 1200 4769 per
1213 4716 1303 4752 omnes
1317 4705 1413 4754 modos
1432 4713 1509 4758 currit

208 4785 232 4826 et
249 4775 323 4824 habet
341 4776 428 4824 tertias
445 4788 580 4839 personas.
