3420 5378
233 328 295 392 196
660 326 828 381 vulturnu
847 326 1079 381 GRAMMATICI

154 594 157 598 .
231 519 353 588 tantus',
377 516 429 577 sed
445 516 502 576 hoc
517 517 584 579 ideo
601 516 722 585 accidit,
746 516 825 596 quod
848 535 883 577 ex
907 517 1013 597 primis
1035 516 1204 578 nominibus
1227 516 1368 587 ueniunt,
1393 525 1426 578 ut
1447 522 1533 597 ‘qua-

231 618 297 680 litas
318 618 415 680 talitas
436 619 584 698 quantitas
606 621 746 680 tautitas'.

315 721 395 781 ibid.
420 718 602 797 Virgilius
624 718 710 779 dicit:
749 719 826 781 Sunt
847 724 1025 801 pronomina
1047 723 1163 800 ignota,
1193 739 1270 801 quac
1291 718 1458 783 multifarie
1480 718 1532 781 de·

231 823 338 882 iectiua
361 830 446 881 suut:
485 819 625 881 nouuulla
649 822 727 881 euim
750 820 813 881 solo
835 824 1020 884 uomiuatiuo
1042 822 1217 897 ilectuntur,
1240 832 1273 883 ut
1294 823 1424 899 ‘uspis',
1451 822 1533 883 unde

230 924 362 1001 ‘uspiam
372 925 392 990 ';
422 921 567 1002 quaedam
595 923 808 983 nominatinum
837 932 866 982 ct
887 926 1058 1000 genetiuum
1091 924 1217 992 liabent,
1252 931 1285 984 ut
1312 921 1402 983 ‘illus
1423 921 1556 1009 ulmeus

230 1023 295 1085 ‘illa
318 1023 414 1093 illae',
439 1022 533 1084 ‘illum
556 1022 625 1084 illi':
655 1026 699 1085 sic
722 1025 822 1102 ‘ipsus
843 1025 906 1103 ipsa
929 1028 1056 1106 ipsum'.
1100 1028 1176 1087 Suut
1196 1043 1272 1105 quac
1294 1024 1395 1086 tribus
1415 1024 1534 1087 casibus

231 1126 401 1194 llectuutur,
426 1136 458 1186 ut
479 1127 577 1186 ‘cuius
599 1125 659 1186 cuii
681 1127 770 1195 cuio',
793 1125 870 1186 ‘cuia
893 1128 977 1188 cuiae
999 1130 1106 1198 cuiae’,
1130 1129 1240 1188 ‘cuium
1255 1128 1317 1187 cuii
1332 1127 1428 1187 cuio'.
1458 1127 1533 1188 Sunt

230 1247 306 1307 quaa
330 1235 405 1289 tetra
428 1227 547 1288 casibus
569 1226 767 1297 declinantur,
792 1235 824 1289 ut
846 1226 951 1290 ‘belus
973 1227 1070 1290 bellus
1091 1228 1151 1289 lreli
1173 1228 1302 1298 belum',
1325 1226 1415 1289 ‘bela
1436 1227 1533 1289 balius

230 1329 289 1390 beli
311 1329 431 1399 lrelam’,
455 1327 573 1390 ‘belum
597 1328 691 1390 lielius
713 1328 774 1389 heli
797 1328 895 1389 belum
905 1333 926 1390 '.
972 1331 1048 1392 Sunt
1070 1333 1173 1400 etiam,
1197 1347 1274 1408 quae
1297 1340 1391 1408 penta
1414 1329 1533 1391 casibus

231 1438 363 1500 utuntur,
393 1441 424 1492 ut
448 1431 595 1499 ‘eccum',
619 1430 719 1491 datiuo
742 1430 859 1498 ‘ccco’,
884 1434 1056 1493 accusatiuo
1078 1433 1226 1502 ‘eccum',
1249 1432 1391 1492 uocatiuo
1414 1433 1563 1503 ‘eccc’‚u

230 1530 360 1593 ablatiuo
383 1536 500 1593 ‘ec-co&
546 1532 609 1593 lloc
632 1531 826 1592 masculinum
851 1541 909 1601 est,
933 1532 1110 1595 iemiuluum
1133 1534 1248 1604 ‘ecca’,
1272 1533 1377 1593 datiuo
1399 1536 1531 1601 ‘occasi

230 1637 400 1695 accusatiuo
423 1635 570 1701 ‘eccam'‚
595 1636 733 1694 uocatiuo
757 1633 873 1703 ‘ecca’,
904 1633 1034 1695 ablatiuo
1057 1636 1173 1697 ‘ecca'.
1218 1635 1368 1695 Neutrum
1392 1634 1529 1711 ‘ellum’,

229 1734 331 1797 datiuo
355 1734 450 1805 ‘elli’,
474 1736 643 1796 accusatiuo
667 1733 805 1804 ‘ellum',
837 1737 975 1797 uocatiuo
998 1735 1136 1814 ‘ellum',
1167 1733 1296 1797 ablatiuo
1318 1734 1427 1797 ‘ello'.
1473 1735 1529 1797 Sed

230 1837 304 1898 lraec
326 1845 430 1898 carent
452 1836 558 1916 plurali
581 1854 715 1897 numero.
753 1836 829 1897 Sunt
850 1836 907 1897 alia
929 1838 1119 1917 pronomina,
1143 1856 1220 1918 quae
1242 1839 1273 1899 iu
1288 1837 1452 1899 Latinitate
1474 1838 1530 1899 usi·

229 1947 287 1999 tata
310 1958 370 1999 non
393 1936 549 2008 habentur,
566 1946 597 1999 at
617 1945 716 1999 tamen
739 1938 770 1997 in
793 1937 916 2000 dubium
939 1939 1139 2019 recipiuntur:
1163 1956 1274 2018 genere
1296 1939 1476 2009 masculino,
1498 1948 1559 1999 run

229 2060 295 2101 mus
318 2042 358 2100 mi
382 2058 430 2100 mo
454 2058 533 2099 mum
557 2041 597 2099 mi
620 2057 683 2108 mo.
708 2038 815 2120 plurali
837 2041 878 2100 mi
901 2059 1017 2102 morum
1039 2042 1096 2101 mis
1119 2059 1183 2101 mos
1199 2043 1241 2101 mi
1256 2059 1272 2101 a
1288 2043 1360 2113 mis,
1385 2043 1528 2103 feminino

230 2162 277 2203 ma
300 2160 365 2202 inae
388 2161 454 2202 mae
477 2159 556 2202 mum
579 2160 597 2201 o
621 2160 667 2202 nra
690 2160 707 2201 a
730 2159 786 2212 ma,
811 2151 841 2202 et
862 2141 969 2220 plurali
991 2160 1055 2201 mae
1078 2160 1192 2204 marum
1215 2144 1273 2203 mis
1294 2160 1360 2204 mas
1383 2162 1402 2204 o
1423 2163 1443 2207 a
1464 2146 1527 2213 mis,

231 2251 337 2304 neutro
359 2261 456 2311 inum,
480 2261 535 2323 pro
557 2262 616 2322 quo
640 2251 739 2303 autem
756 2243 786 2302 iu
801 2260 856 2303 usu
872 2239 998 2303 liabetur
1013 2261 1114 2311 meus;
1137 2246 1180 2304 sic
1196 2245 1252 2304 erit
1268 2253 1298 2304 et
1313 2256 1363 2306 tus
1379 2265 1436 2328 pro
1451 2254 1525 2308 tuus

317 2341 329 2425 ll
347 2346 367 2405 1.
384 2341 444 2404 21¹³
461 2344 473 2426 11
509 2346 613 2405 Vtrum
648 2345 833 2423 conpositum
866 2353 926 2418 cst,
959 2362 997 2404 au
1030 2345 1156 2426 simplex
1185 2345 1262 2406 istud
1291 2364 1419 2416 nomeu,
1450 2346 1525 2426 quod

230 2446 339 2506 dicitur
362 2444 534 2506 ‘uerbuur'i
568 2444 758 2524 Conpositum
782 2451 830 2506 est
852 2464 885 2506 er
910 2445 1026 2507 duobus
1048 2449 1208 2526 corruptis,
1232 2448 1313 2508 ‘uer'
1337 2467 1377 2508 ex
1400 2446 1556 2509 uerbererr

230 2557 259 2607 et
292 2547 400 2607 ‘bum’
435 2566 471 2607 ex
499 2547 621 2612 bucina.
650 2556 682 2606 ut
715 2546 899 2625 Virgilius
932 2547 1017 2608 dicit:
1057 2548 1187 2609 Verbum
1223 2550 1315 2627 igitur
1351 2566 1390 2610 ex
1423 2548 1526 2610 duobis

229 2649 326 2710 ruodis
348 2656 478 2709 constat:
509 2652 601 2710 ‘ner’
624 2665 660 2708 ex
684 2647 824 2718 uerbere,
849 2648 927 2727 quod
950 2648 1049 2727 lingua
1071 2652 1183 2728 gutturi
1210 2650 1330 2728 infligit,
1361 2650 1472 2713 ‘bum’
1493 2670 1525 2711 ex

230 2751 351 2821 bucina,
382 2770 418 2812 eo
446 2750 524 2830 quod
554 2768 611 2810 uox
640 2750 754 2811 reboat.
805 2750 878 2811 Nam
907 2751 984 2811 sicot
1012 2750 1101 2812 bomo
1130 2770 1165 2812 ex
1194 2767 1321 2830 corpore
1352 2762 1473 2814 constat
1500 2761 1527 2813 et

229 2856 341 2922 auima,
365 2854 404 2912 ita
428 2860 457 2913 et
480 2852 607 2914 uerbum
630 2871 667 2912 cx
689 2851 787 2929 lingua
811 2860 840 2911 et
864 2869 946 2912 uoce.
993 2853 1052 2912 Cur
1073 2852 1225 2931 praecedit
1254 2853 1403 2915 uerbum?
1447 2853 1525 2914 Vir-

229 2954 342 3032 gilius
370 2954 514 3023 ostendit,
544 2952 715 3033 quodlicet
738 2971 796 3013 nou
819 2953 971 3032 praecedit
993 2955 1023 3013 iu
1046 2954 1150 3014 ordine
1178 2956 1322 3033 partium,
1355 2962 1389 3017 ut
1417 2972 1554 3016 uomens

229 3074 393 3135 pronomen
424 3054 564 3124 uerbum,
594 3074 667 3116 uero
695 3055 849 3134 praecedit
875 3057 905 3114 iu
934 3062 1073 3116 contextu
1102 3056 1252 3124 lectionis,
1282 3044 1315 3117 ut
1343 3057 1412 3133 ipsc
1440 3056 1523 3119 dicit:

229 3156 302 3217 Nam
325 3157 395 3217 licet
416 3158 448 3216 iu
469 3157 574 3217 ordine
596 3174 735 3236 praeesse
758 3174 818 3216 non
840 3156 1016 3226 admittitur,
1042 3158 1186 3218 tamenin
1201 3157 1350 3236 positione
1374 3174 1524 3220 cassorum

228 3257 422 3338 principalem
443 3266 527 3318 tenet
547 3256 654 3318 locum.

315 3356 328 3442 ll
344 3361 364 3419 1.
381 3356 439 3420 22·
456 3355 468 3441 [l
493 3359 569 3419 llicit
584 3358 780 3437 Virgilius:
804 3360 863 3421 Cur
877 3361 908 3421 in
931 3360 1036 3421 ordine
1059 3359 1221 3421 uerborum
1244 3361 1375 3438 qualitas
1396 3362 1525 3441 primum

228 3462 369 3542 pouitur‘l
412 3461 523 3522 Omnes
551 3461 601 3540 qui
625 3478 730 3539 agrum
753 3467 804 3520 aut
826 3461 1011 3542 prouinciam
1040 3461 1207 3541 possident,
1235 3461 1320 3541 prius
1349 3480 1418 3524 cam
1445 3472 1555 3524 sortes

228 3564 444 3634 determinant,
467 3571 500 3622 ut
522 3581 598 3623 uuus
620 3564 745 3641 quisque
769 3570 882 3642 partem
905 3580 989 3624 suam
1011 3563 1069 3625 sibi
1090 3571 1171 3624 sorte
1193 3561 1376 3624 declaratam
1398 3563 1524 3626 sollicite

229 3673 329 3734 curet;
352 3667 392 3725 ita
415 3671 445 3725 et
468 3663 594 3725 uerbum
617 3682 735 3744 quoque
751 3683 787 3725 er
803 3665 944 3742 qualitate
965 3664 1161 3726 ordinandum
1185 3673 1244 3735 est,
1266 3663 1347 3745 quod
1371 3683 1408 3726 ex
1430 3664 1525 3727 modis

295 3864 1174 3933 3111311113]11118Μαὶ,εβανεαιιοιι.Βεινι.[.114”ρ.136,25
1209 3867 1365 3933 delectation
1400 3867 1523 3919 deiectius

229 3988 314 4037 ,liuius
399 3951 490 4036 troil
507 3972 566 4035 nolli
635 3986 771 4036 flectuntur
789 3990 856 4035 uude
873 3998 912 4035 est
930 3987 1030 4052 uspiam
1048 3985 1136 4035 Maius
1208 3985 1369 4048 bquaedam
1386 3988 1522 4053 -iprum

227 4071 275 4106 our.
295 4055 381 4105 Maius
458 4053 548 4104 attius
565 4054 607 4104 ille
675 4056 713 4104 sic
731 4056 804 4120 ipsus
822 4055 893 4119 ipsas
980 4055 1148 4103 tsseccunmr
1164 4054 1250 4103 cuium
1267 4054 1308 4102 cui
1326 4055 1386 4104 cuio
1404 4054 1491 4107 Maius

227 4123 285 4171 cuia
303 4124 376 4172 cuiae
392 4123 484 4174 culam.
520 4123 586 4173 Sunt
603 4137 670 4185 qnae
687 4134 733 4171 etc.
751 4123 838 4172 Maius
931 4120 1046 4172 tllrelius
1065 4121 1115 4170 lieli
1133 4131 1182 4170 etc.
1201 4121 1288 4172 dicius
1358 4118 1449 4172 tuitus
1468 4118 1522 4171 belli

229 4188 320 4241 lrellum
340 4188 404 4241 hela
422 4204 468 4242 etc.
526 4192 592 4241 lrelio
609 4191 699 4243 Maius
784 4187 882 4241 theia
900 4187 992 4239 bellum
1011 4189 1060 4237 lius
1078 4189 1096 4238 li
1114 4188 1164 4237 lum
1223 4188 1317 4237 lieliuru
1335 4188 1418 4239 bellus
1438 4190 1523 4241 Mutus

296 4261 371 4309 ctiam
389 4276 436 4309 om.
457 4259 543 4309 Maius
610 4259 725 4308 casibus
813 4260 844 4307 10
868 4268 894 4307 ut
912 4272 997 4306 eccum
1016 4258 1068 4306 ecci
1086 4272 1146 4307 ecco
1164 4270 1251 4305 eccum
1269 4271 1358 4306 mum
1376 4270 1436 4307 ecca
1454 4272 1523 4307 eccae

228 4342 310 4376 eccaur
330 4343 388 4376 ecca
407 4341 465 4375 econ
481 4326 556 4376 ellum
575 4326 615 4375 elli
634 4326 681 4376 ello
700 4325 774 4374 ellum
794 4323 841 4375 ello
860 4326 946 4376 alicius
1050 4328 1081 4376 13
1099 4325 1145 4374 sed
1167 4324 1260 4389 plurali
1282 4337 1380 4376 carent.
1417 4324 1450 4375 Et
1466 4334 1523 4375 suut

228 4396 381 4458 pronomina
399 4409 465 4456 quae
482 4409 534 4444 non
553 4395 639 4444 omuia
656 4396 682 4443 iu
701 4409 750 4442 usu
768 4392 901 4455 habentur,
921 4406 947 4442 ut
964 4408 1021 4441 mus
1040 4393 1073 4440 mi
1092 4403 1138 4441 etc.
1150 4392 1237 4442 Maius
1307 4394 1338 4443 lb
1358 4406 1411 4442 uon
1429 4393 1522 4443 baben·

227 4474 268 4511 tur
287 4463 324 4511 itii
343 4461 489 4511 indubiam
508 4459 681 4528 reccipiuutur
768 4463 799 4511 17
817 4477 831 4511 a
848 4462 897 4509 mis
917 4476 991 4510 neum
1010 4456 1053 4511 mii
1098 4475 1177 4511 mum.
1196 4458 1285 4509 Etrus
1303 4469 1364 4511 tuus
1383 4462 1525 4512 susMaa'u

228 4531 259 4579 lu
278 4529 394 4595 semplex
461 4533 493 4580 ‘21
512 4531 604 4580 bucino
674 4525 810 4594 Virgilius]
828 4546 854 4592 p.
873 4530 923 4578 110
941 4528 999 4577 Μαι·
1060 4529 1161 4577 duobus
1180 4544 1214 4580 ex
1232 4528 1316 4579 modis
1334 4528 1425 4580 dicier
1493 4530 1524 4580 22

226 4599 323 4662 gratiori
375 4611 407 4645 ex
425 4596 517 4647 bucino
534 4598 604 4661 quod
622 4597 709 4647 illotos
810 4598 844 4646 23
861 4609 922 4658 eoq;
946 4610 998 4644 uon
1016 4596 1113 4648 rebuar.
1150 4595 1213 4647 Nom
1231 4598 1350 4648 sicut-
1368 4600 1447 4649 sset
1465 4612 1525 4649 uoce

227 4667 318 4715 deerant
335 4666 407 4729 apud
423 4664 526 4715 dictura.
578 4662 655 4731 sicut]
676 4665 697 4715 si
768 4665 800 4713 '23
819 4672 844 4712 et
862 4664 963 4712 umbum
1017 4662 1155 4781 VirgiliupJ
1175 4666 1233 4717 Noa
1250 4674 1327 4717 extat
1344 4669 1420 4731 apud
1430 4667 1525 4719 Mein

227 4734 260 4782 25
278 4734 304 4781 iu
323 4733 412 4782 ordine
429 4733 555 4797 pocrtium
641 4736 673 4783 27
691 4732 802 4781 adurittit
869 4745 989 4780 caesorum
1075 4735 1108 4784 29
1152 4729 1264 4796 irgillus]
1284 4733 1345 4785 Nori
1364 4744 1441 4787 carme
1458 4737 1527 4802 apud

228 4799 336 4862 ilicium,
354 4801 387 4861 cs.
406 4816 434 4864 p.
450 4803 499 4849 110
568 4803 600 4851 30
617 4798 664 4864 agr*
682 4816 713 4847 an
733 4799 890 4864 prouintiam
908 4799 1049 4864 possederit
