3420 5378
249 337 312 402 276
635 335 1142 403 urruunnnursngsnnuonvu.

334 525 416 586 luter
437 526 555 586 initium
578 533 607 586 et
627 525 808 604 principium
823 523 880 585 hoc
896 526 1030 593 interest,
1047 523 1126 604 quod
1141 523 1326 603 principium
1340 569 1434 583 .....
1447 525 1540 602 operis

251 632 354 707 caput,
389 626 506 687 initium
539 634 598 694 est.
632 624 711 705 quod
742 624 927 705 frequentius
958 622 1159 703 intellegimus
1187 632 1217 685 et
1245 627 1337 685 toties
1369 625 1540 703 accipimus,

249 729 367 807 quoties
389 736 439 787 aut
460 735 556 788 mutat
576 744 733 806 personam
757 773 849 790 .....
870 728 901 786 in
924 724 1046 789 alteram
1073 744 1153 796 rem.
1183 734 1213 786 et
1234 725 1421 806 principium
1442 726 1540 793 semel.

245 829 363 889 initium
380 828 508 907 saepius.
538 826 724 907 Principium
747 838 807 898 est,
830 836 875 889 nt:
899 826 1017 887 ‘arma
1040 829 1235 904 uirumque
1257 825 1403 887 Troiae
1425 830 1540 894 caoo’;

245 929 379 989 initium:
418 928 536 990 ‘Musa
558 926 647 989 mihi
670 946 827 989 memora
850 931 1003 992 causas.'
1049 929 1124 988 Sunt
1145 935 1245 988 tamen
1266 928 1436 1007 principia,
1470 938 1560 1008 qutc⁵

246 1040 351 1092 natura
374 1031 419 1091 sui
442 1038 545 1090 carent
566 1037 595 1090 et
617 1033 748 1110 speciem
770 1030 847 1090 initii
869 1027 993 1098 habent,
1019 1037 1064 1090 ut:
1100 1029 1158 1090 ‘At
1183 1030 1319 1104 regina
1342 1030 1453 1106 graui
1475 1032 1540 1088 ion

245 1133 382 1193 dodum
411 1133 544 1192 saucio
571 1131 675 1190 cura’
705 1136 746 1190 et:
784 1129 862 1190 ‘Sic
886 1130 1000 1202 fotor
1026 1133 1237 1191 lacrimans
1263 1131 1467 1204 classique
1488 1133 1539 1189 t'n·

243 1235 361 1293 mittit
381 1233 572 1292 hebenus?

329 1331 410 1392 Inter
432 1331 571 1392 simulare
595 1340 624 1391 et
647 1330 833 1393 dissimulare
856 1331 912 1392 hoc
934 1334 1072 1402 interest,
1097 1331 1175 1408 quod
1196 1331 1342 1393 simulare
1356 1332 1451 1402 scire.
1468 1350 1536 1412 quoe

245 1435 411 1504 nescimus,
435 1432 639 1503 dissimulare,
662 1450 738 1511 quae
759 1434 869 1492 scimus
892 1440 921 1492 ct
942 1451 997 1493 nos
1020 1434 1099 1493 scire
1122 1448 1273 1510 negamus.
1546 1448 1564 1486 o

328 1535 409 1595 lnter
431 1533 567 1615 polliceri
590 1543 619 1594 ct
640 1534 814 1612 promittere
836 1531 894 1593 hoc
908 1535 1047 1604 interest,
1071 1532 1150 1611 quod
1166 1532 1345 1611 pollicemur
1362 1532 1454 1603 ultro.
1474 1552 1536 1613 pro·

245 1638 390 1697 mittimus
411 1637 517 1715 rogati.

327 1738 409 1797 luter
431 1734 544 1796 nullum
567 1745 596 1796 ot
617 1737 768 1796 neminem
792 1735 847 1796 lroc
868 1739 1008 1805 interest,
1031 1734 1110 1815 quotl
1125 1734 1226 1796 nullus
1249 1735 1285 1796 atl
1311 1738 1455 1797 uniuersa
1477 1743 1534 1816 pot·

244 1848 289 1900 est
311 1838 434 1908 relerri,
457 1855 545 1897 nemo
568 1835 603 1896 ad
626 1837 777 1897 hominem
800 1844 830 1897 et
852 1845 897 1899 est
918 1855 1006 1897 nemo
1029 1839 1114 1916 quasi
1135 1854 1191 1897 nec
1213 1835 1314 1897 homo.

328 1939 408 2001 lnter
430 1942 512 2000 intus
535 1946 564 1998 et
585 1939 664 1998 intro
687 1937 744 1998 hoc
766 1939 905 2007 interest.
929 1937 1006 2017 quod
1029 1939 1108 1998 intro
1131 1956 1181 2007 eo,
1204 1939 1287 1998 intus
1309 1955 1389 1998 sum.
1539 1939 1557 1991 ιι

328 2039 406 2100 lnter
427 2042 509 2101 intus
533 2049 561 2100 et
582 2039 663 2100 loras
686 2038 742 2098 hoc
765 2040 905 2109 interest,
928 2037 1007 2119 quod
1029 2040 1109 2098 intus
1131 2042 1237 2108 uenio.
1260 2037 1345 2099 loras
1369 2057 1420 2102 eo.-

327 2140 409 2202 lnter
430 2139 523 2203 lustra
544 2140 709 2220 productae
732 2146 762 2199 ct
782 2138 875 2200 lustra
898 2147 1055 2220 correptae
1082 2140 1139 2200 hoc
1164 2140 1306 2211 interest,
1335 2140 1420 2220 quod
1448 2140 1530 2202 lustra

243 2251 313 2303 sunt
335 2249 415 2302 certa
437 2248 588 2322 tempora,
611 2241 704 2303 lustra
727 2239 848 2301 latibula
871 2239 920 2301 uel
943 2242 1075 2320 turpium
1096 2240 1251 2300 hominum
1272 2241 1477 2321 receptacula.

327 2342 409 2403 lnter
431 2344 587 2403 seruitium
611 2350 641 2403 et
661 2343 836 2404 seruitutem
859 2341 916 2403 hoc
944 2343 1083 2412 interest.
1111 2341 1190 2421 quod
1218 2342 1352 2404 seruitus
1382 2343 1530 2405 necessitas

243 2443 410 2513 seruiendi,
434 2444 590 2504 seruitium
613 2442 738 2504 dicimus
759 2460 917 2504 numerum
940 2462 1095 2505 seruorum
1118 2442 1195 2504 itlest
1216 2441 1453 2505 multitudinem.
1537 2456 1555 2496 ²

328 2545 411 2607 luter
433 2545 593 2607 terminum
616 2551 647 2605 et
667 2545 756 2605 linem
779 2544 836 2605 hoc
851 2546 990 2614 interest,
1014 2542 1094 2624 quod
1116 2543 1261 2605 terminus
1284 2563 1345 2605 non
1370 2545 1431 2607 nisi
1450 2563 1529 2606 mam

243 2647 372 2727 ponitur,
388 2646 455 2706 linis
470 2644 519 2705 uel
534 2646 681 2706 sermonis
696 2646 744 2707 uel
759 2644 918 2708 uoluntatis
934 2644 981 2705 uel
996 2647 1209 2724 cuiuscumque
1224 2645 1270 2705 rei
1284 2644 1422 2724 intellegi
1434 2654 1529 2726 pottst.

325 2748 406 2808 lnter
427 2764 568 2826 asperum
591 2755 621 2807 et
643 2747 772 2807 lerocem
795 2745 851 2806 hoo
873 2749 1010 2816 interest,
1034 2745 1113 2822 quod
1135 2745 1220 2807 teror
1242 2754 1369 2817 natura,
1393 2766 1481 2829 asper
1499 2745 1529 2806 al
1589 2794 1591 2845 i

241 2858 366 2929 tempus.

309 3068 400 3116 linter
411 3066 565 3132 principium
577 3077 602 3116 et
613 3066 712 3115 initium
721 3064 762 3116 ΒΟ
795 3066 964 3131 pricipiumA
998 3065 1151 3132 principium
1162 3066 1245 3131 operis
1256 3067 1345 3132 capud
1357 3067 1461 3118 initium
1470 3070 1530 3119 etti

239 3135 394 3200 principium
405 3135 483 3184 totius
496 3134 613 3199 corporis
625 3134 725 3183 initium
737 3134 774 3183 rei
786 3133 853 3183 estB
863 3133 940 3195 (idem
949 3149 995 3183 om.
1009 3144 1048 3182 est
1058 3131 1088 3196 C]
1099 3133 1252 3199 principium
1264 3135 1348 3184 totius
1361 3139 1482 3202 corporis
1491 3149 1530 3196 ott,

239 3202 340 3251 initium
358 3202 432 3263 qnasi
449 3203 561 3268 primum
581 3201 752 3264 Gotlosredoo
767 3217 794 3266 p.
814 3204 850 3251 93
920 3203 937 3249 2
955 3200 1024 3262 quod
1041 3200 1198 3264 frequentius
1214 3227 1248 3236 —
1266 3201 1386 3252 habenas
1405 3221 1454 3259 on.
1468 3203 1505 3254 ΒΟ

239 3269 383 3333 accipiesA
433 3263 690 3332 aquouesimotat
721 3268 1096 3318 ersonominalternmremA
1146 3270 1421 3335 linlciumeepiusA
1457 3267 1531 3336 arma]

243 3337 321 3403 Verp.
340 3337 405 3387 Aen.
424 3335 474 3387 11
542 3332 660 3400 otiosa]
708 3351 761 3401 erp.
773 3337 841 3386 Aen.
859 3335 911 3385 lt
961 3346 1085 3397 quantum
1103 3336 1184 3385 suin
1252 3339 1313 3386 liat
1331 3342 1429 3405 regina
1446 3354 1532 3406 gnot-

238 3419 295 3453 rum
312 3413 338 3454 et
355 3405 393 3453 sic
410 3407 433 3453 Α
485 3407 518 3452 At
535 3400 636 3469 regino]
660 3403 738 3468 Verp.
757 3405 823 3454 Aen.
840 3403 887 3454 IV
905 3405 920 3453 1
988 3405 1003 3452 'l
1022 3402 1066 3453 Sic
1083 3399 1162 3467 latur]
1186 3404 1263 3468 Verp.
1278 3405 1349 3459 Aen.
1373 3406 1419 3456 Vl
1437 3410 1453 3457 1
1471 3409 1532 3474 priu-

237 3473 333 3537 cipium
351 3473 429 3521 totius
449 3472 548 3537 operis,
566 3475 740 3533 cuiuscunque
758 3485 836 3519 unum
854 3481 906 3532 est,
926 3472 1000 3532 quoei
1017 3471 1129 3537 primum
1147 3471 1232 3535 operis
1250 3484 1345 3536 eaput,
1366 3475 1473 3525 initium
1490 3488 1533 3527 est.

238 3540 307 3602 quod
327 3539 486 3602 frequentius
508 3537 673 3604 intelligimus
691 3549 716 3587 et
733 3538 808 3588 toties
830 3538 985 3603 accipimus,
1008 3540 1109 3601 quoties
1131 3549 1175 3586 aut
1197 3552 1310 3602 persona
1327 3551 1451 3592 mutatur
1467 3544 1533 3606 quati

160 3628 168 3643 s
237 3608 309 3658 intuo
328 3608 354 3656 iu
371 3606 476 3656 alteram
493 3620 547 3655 rem
564 3616 589 3655 et
606 3604 759 3670 principium
777 3605 1004 3655 semel-eeusas
1022 3620 1145 3661 memora.
1173 3606 1343 3655 Inueniuntur
1362 3618 1454 3661 tamen
1471 3612 1534 3677 prin·
1589 3626 1591 3633 ·

237 3676 305 3740 cipio
322 3688 389 3738 quae
406 3684 497 3723 natare
514 3674 556 3723 sui
573 3683 659 3722 cerem
676 3683 701 3721 et
716 3674 802 3738 specie
819 3673 892 3723 initio
909 3673 1003 3722 habent
1020 3683 1092 3723 ut-
1109 3673 1221 3722 habenas
1241 3673 1425 3737 Gotkofream
1441 3695 1471 3743 p.
1483 3681 1535 3735 m.

236 3776 271 3839 cs.
291 3775 367 3840 Ilet'ff.
384 3791 412 3839 p.
432 3778 482 3824 275
568 3753 741 3823 sdtstmllare
757 3776 781 3824 A
832 3773 983 3823 simulamus
1002 3788 1068 3836 quae
1085 3771 1126 3822 ΒΟ
1159 3775 1244 3836 quel.
1316 3777 1352 3825 10
1368 3780 1501 3831 nescimus
1515 3791 1536 3829 et

237 3857 362 3908 negamus
375 3857 423 3892 nos
435 3843 513 3903 scire,
532 3840 726 3891 dissimulamus
739 3855 803 3903 quoe
815 3842 911 3891 scimus
924 3840 964 3890 ΒΟ
982 3848 1009 3891 et
1021 3841 1193 3902 Gotlofiedue
1208 3856 1235 3904 p.
1245 3843 1293 3906 93,
1311 3845 1352 3906 cf.
1363 3845 1447 3912 Reiff,
1456 3866 1485 3914 p,
1494 3850 1538 3898 290

238 3914 268 3960 11
287 3909 408 3976 pollicere
425 3908 626 3974 Apollinemne,
644 3923 714 3959 corr.
732 3923 801 3958 -mur
819 3910 842 3957 Α
893 3909 964 3970 quod
986 3910 1158 3973 promittimus
1177 3910 1281 3972 roganti
1299 3910 1463 3974 pollicemur
1479 3918 1538 3966 utrm

236 3978 256 4027 B
308 3977 481 4043 promittimus
499 3977 583 4043 rogati
601 3975 751 4042 pollicemur
768 3975 833 4025 ultro
850 3975 869 4025 Ο
888 3976 1060 4039 Gotltofredus
1076 3992 1103 4041 p.
1122 3978 1162 4038 79,
1181 3976 1215 4038 cs.
1229 3975 1315 4042 Betis.
1335 3996 1368 4043 p,
1389 3984 1444 4034 28⁶
1511 3986 1539 4034 13

236 4044 306 4108 quod
318 4061 366 4100 om,
376 4043 417 4094 ΒΟ
435 4044 531 4093 nullum
543 4045 617 4107 quoni
634 4044 668 4092 ad
680 4045 804 4092 neminem
817 4045 904 4093 referri
915 4043 1042 4093 hominem
1061 4059 1134 4092 nemo
1152 4044 1225 4105 qnasi
1238 4058 1287 4092 nec
1300 4043 1386 4098 homo
1400 4051 1446 4101 Be
1463 4051 1541 4102 nuum

235 4122 322 4177 potest
331 4111 419 4162 referri
430 4138 462 4147 —
472 4126 518 4161 nec
526 4111 602 4161 homo
614 4111 786 4174 Gotlrofretloo
791 4128 821 4175 p.
832 4114 873 4173 79,
883 4112 917 4175 of.
927 4112 1003 4176 lletff.
1014 4127 1040 4176 p.
1051 4114 1101 4161 281
1136 4113 1167 4160 15
1178 4113 1243 4160 intro
1254 4125 1286 4161 eo
1295 4113 1373 4164 intus
1386 4117 1430 4182 (in
1440 4116 1542 4180 intonet

235 4195 293 4229 snm
303 4181 372 4229 intus
381 4180 456 4229 nenio
464 4179 533 4228 loros
543 4180 618 4229 uenio
628 4177 670 4241 (eo
681 4178 721 4241 Ο),
734 4180 827 4228 ceteris
834 4180 933 4228 ommam
942 4178 982 4227 ΒΟ
999 4179 1065 4227 lnter
1078 4181 1147 4228 intus
1159 4190 1184 4227 et
1194 4178 1261 4228 intro
1275 4178 1326 4230 hoc
1340 4183 1467 4251 interest,
1480 4188 1544 4251 quod

235 4248 302 4297 intro
320 4261 350 4296 eo
368 4248 438 4297 intus
456 4261 513 4296 sum
531 4247 599 4296 intus
618 4247 694 4295 uenio
713 4245 782 4295 loros
801 4262 830 4296 eo
845 4246 1017 4309 Gothosredoe
1027 4262 1054 4311 p.
1069 4242 1123 4295 79
1169 4248 1201 4296 17
1219 4249 1354 4311 producte
1375 4257 1401 4304 Α
1421 4257 1544 4321 prodam

235 4315 256 4363 B
301 4324 418 4380 correpte
436 4312 479 4363 ΑΟ
496 4314 650 4378 correptoB
684 4314 831 4373 quodsum
847 4325 915 4364 certo
932 4313 1013 4363 lustro
1030 4324 1146 4378 ternpore
1163 4319 1186 4362 Α
1203 4315 1276 4376 quod
1293 4315 1387 4370 lustra
1407 4337 1474 4374 sunt
1489 4336 1545 4375 tem.

234 4396 299 4446 pore
316 4393 387 4432 certa
399 4376 441 4432 ΒΟ
493 4383 524 4432 18
541 4379 646 4430 latibulo
656 4380 767 4429 serarum
781 4379 820 4431 ΒΟ
853 4383 938 4447 turpia
953 4381 993 4431 ΒΟ
1010 4381 1078 4431 Inter
1094 4381 1175 4431 lustro
1191 4381 1322 4446 producte
1341 4398 1372 4437 et
1391 4389 1480 4444 lustra
1496 4407 1546 4443 ror.

234 4449 493 4567 τειιιὲοᾶιοᾶοἰιιιεὲἓι
506 4446 578 4564 ‘qupg
595 4448 1092 4580 ¹335}mecpeltya·pllmp⁰1rli’mlllffll
1113 4448 1217 4565 latibulIu
1234 4448 1357 4571 ιετῗέῗὲ
1378 4484 1417 4494 -
1436 4474 1546 4528 recept..

233 4532 365 4634 lllruititlm
384 4517 546 4633 lllnerorlt'm
565 4553 588 4631 A¹
602 4532 938 4633 etlestmellltudinlrlqltl.
948 4533 988 4632 ΒΟ
1000 4531 1302 4650 ειιέὶιῶἷὲἓωΐῚθ,
1316 4526 1456 4663 clipllesllj,
1466 4616 1495 4664 ρ,
1505 4532 1549 4648 23

232 4654 265 4702 21
276 4666 327 4701 non
337 4652 388 4701 nisi
397 4651 466 4714 quod
476 4665 554 4699 manu
562 4648 603 4700 ΒΟ
654 4650 832 4717 liintelligiB
850 4652 972 4700 terminus
982 4666 1034 4700 non
1043 4654 1099 4702 sine
1108 4654 1305 4717 manuponitur
1316 4683 1352 4694 —
1366 4665 1412 4712 uel
1426 4669 1548 4730 cuiusque

232 4721 269 4768 rei
287 4719 390 4770 ulterius
409 4718 515 4783 intelligi
534 4728 620 4782 potest
639 4719 810 4781 Gothosredus
825 4735 854 4784 p.
873 4721 917 4782 79,
936 4720 970 4782 cs.
990 4719 1066 4784 lleiff.
1084 4736 1111 4785 p.
1130 4722 1182 4768 292
1264 4724 1302 4774 23
1322 4731 1404 4789 quod
1423 4749 1506 4802 asper
1521 4734 1549 4784 tp

233 4795 334 4852 tempus
351 4786 426 4835 ferox
443 4786 475 4834 orl
488 4797 604 4835 naturam
617 4785 658 4834 ΒΟ
675 4800 794 4851 asperum
812 4787 845 4835 orl
863 4796 973 4851 tempus,
990 4786 1065 4837 lerox
1082 4802 1098 4837 e
1116 4788 1249 4838 notinitote
1270 4791 1469 4861 Gotltofretlus
1483 4804 1549 4871 pil
