3420 5378
741 275 953 329 annasusrs.
1434 276 1496 342 135

191 470 249 533 Sed
278 478 377 530 tamen
405 465 550 528 Plinius
577 465 768 527 Secundus
796 464 1076 542 grammaticus,
1106 466 1183 524 sicut
1209 464 1360 543 Sergius
1389 476 1486 528 osteu-

192 573 249 640 dit,
273 567 468 649 reprehendit
490 585 556 637 eos,
579 569 629 647 qui
651 567 754 628 dicunt
776 584 918 646 personas
940 566 1077 626 accidere
1093 566 1182 625 linitis
1198 567 1432 643 pronominibus,
1452 548 1487 628 ut

191 671 277 751 ipsud
299 669 435 731 accidens
457 667 536 730 aliud
558 671 597 729 sit
617 677 705 746 atque
728 665 813 736 illud,
837 669 886 728 cui
908 667 1024 729 accidit.
1054 666 1129 727 ilinc
1146 666 1292 728 Plinius
1314 670 1378 747 ipse
1399 669 1485 730 dixit:

191 772 256 833 sed
279 775 377 833 scire
400 768 576 830 debemus
598 769 812 830 huiusmodi
834 767 1068 829 definitores
1091 786 1162 829 non
1186 776 1255 828 tam
1278 771 1315 830 iu
1339 773 1486 832 ratione

164 888 339 942 serrare,
363 890 467 950 quam
491 870 681 932 inordina
706 868 915 939 uerborum,
941 879 978 930 ut
1000 870 1176 930 dicereut
1196 889 1378 949 personas
1400 891 1486 951 pro-

192 973 408 1036 nominibus
431 971 620 1042 accidere,
644 990 721 1032 cum
744 971 872 1031 dicere
888 970 1124 1041 debuissent,
1141 971 1485 1050 linitapr·ouomina

192 1094 263 1136 nou
286 1077 461 1154 recipere
484 1075 589 1153 quasi
613 1070 764 1133 aliunde
787 1090 980 1152 personas.
1026 1072 1225 1153 Numquam
1255 1076 1348 1135 enim
1377 1075 1486 1135 inue-

191 1177 346 1238 niuntur
384 1177 465 1236 sine
498 1175 678 1252 personis
709 1173 935 1236 accidentia.
1001 1173 1095 1252 Igitur
1128 1177 1362 1252 uniuscuiusque
1394 1178 1486 1255 partis

191 1287 306 1339 natura
334 1295 388 1358 per
414 1294 467 1337 sua
496 1275 659 1337 accidentia
686 1274 902 1337 rationabiliter
924 1277 1094 1353 agnoscitur
1117 1285 1148 1337 et
1168 1276 1357 1356 intellegitur.
1401 1279 1485 1339 Acci·

153 1378 290 1440 radentia
318 1386 416 1439 autem
445 1377 562 1439 litterae
589 1385 618 1438 et
644 1377 754 1456 pedum
783 1386 812 1439 et
839 1379 973 1438 omnium
1001 1378 1129 1457 partium
1159 1379 1303 1440 orationis
1329 1378 1486 1460 qualitates

192 1488 346 1541 uocantur.
392 1479 466 1541 Nam
487 1478 611 1558 qualitas
634 1477 711 1539 dicta
735 1486 792 1549 est,
821 1496 878 1556 qua
900 1478 1083 1556 intellegitur
1106 1497 1281 1559 unaquaque
1304 1498 1366 1551 res,
1391 1481 1487 1561 qualis

190 1582 241 1641 sit:
275 1579 354 1641 nulla
383 1598 433 1641 res
461 1589 519 1649 est,
552 1599 627 1659 quae
656 1578 796 1657 qualitate
818 1588 927 1641 careat.
972 1579 1149 1642 Nonnulli
1172 1599 1243 1660 ergo
1271 1589 1388 1661 putant,
1419 1585 1486 1662 quia

189 1681 353 1743 accidentia
375 1682 504 1761 partium
528 1683 712 1743 extrinsecus
734 1681 886 1752 accidunt,
925 1681 982 1742 boc
1004 1690 1049 1742 est
1071 1701 1107 1742 ex
1130 1681 1267 1743 omnibus
1290 1683 1484 1744 accidentium

189 1782 226 1843 ad
242 1791 417 1861 potestatem
434 1790 464 1843 et
479 1781 661 1844 intellectum
684 1786 829 1861 partium,
853 1781 904 1843 sed
928 1782 1071 1844 saltantur
1093 1784 1150 1845 boc
1165 1784 1303 1863 putando.
1335 1785 1407 1845 Nam
1425 1805 1484 1847 non

150 1884 287 1948 asomnia
315 1884 512 1946 accidentium
541 1884 577 1944 ad
605 1891 765 1964 potestates
792 1886 920 1964 partium
947 1884 1026 1945 idem
1057 1883 1206 1962 collegam
1236 1885 1484 1965 inseparabiliter.

144 2057 150 2065 .
188 1984 433 2064 Interrogandnm
464 1994 508 2047 est
536 1995 651 2047 autem:
686 1985 811 2062 qualitas
837 1988 1048 2066 pronominum
1081 1994 1152 2065 quot
1182 1984 1347 2047 tlitrisiones
1379 1986 1485 2049 habet?

188 2085 268 2148 idest
289 2087 372 2148 duas.
419 2087 490 2147 lnde
520 2088 684 2148 Donatus
714 2086 801 2147 dixit:
833 2086 997 2167 qualitas
1019 2090 1278 2167 pronominum
1303 2087 1483 2166 bipertita

188 2195 259 2249 est:
285 2191 460 2250 auteuim
477 2190 592 2249 linita
616 2196 703 2249 suut
725 2190 946 2268 pronomina
969 2197 1030 2249 aut
1053 2189 1218 2252 inlinita.
1249 2187 1392 2250 Probus
1412 2208 1484 2251 uero

188 2297 328 2366 quattuor
351 2289 515 2350 diuisiones
536 2289 689 2368 qualitatis
712 2291 900 2367 pronominis
923 2289 1053 2350 ostendit
1075 2291 1194 2351 dicens:
1225 2300 1273 2350 aut
1302 2291 1380 2351 enim
1402 2293 1484 2352 imita

148 2397 259 2451 adsunt
280 2393 458 2470 pronomina
487 2399 537 2452 aut
565 2392 678 2451 infinita
702 2399 753 2451 aut
774 2390 872 2451 minus
893 2409 981 2470 aquam
1005 2392 1086 2451 finita
1103 2388 1114 2472 ΙΙ
1132 2391 1150 2451 1.
1172 2389 1249 2451 114³
1265 2389 1277 2473 ll
1293 2401 1343 2452 aut
1366 2412 1482 2471 posses-

187 2493 262 2552 siua.
314 2491 371 2552 Sed
401 2500 498 2551 tamen
528 2490 672 2552 Probus
705 2490 930 2553 subdiuisiones
965 2495 1064 2571 posuit
1097 2494 1196 2552 minus
1225 2512 1313 2572 quam
1343 2495 1424 2554 linita
1454 2504 1484 2556 et

186 2595 363 2672 possessiua.
410 2593 490 2664 Quae
512 2600 581 2652 sunt
602 2610 674 2670 ergo
696 2594 778 2653 bnita
801 2595 997 2673 pronomina?
1027 2595 1097 2654 Sine
1120 2592 1211 2653 dubio
1232 2591 1283 2654 illa
1305 2604 1388 2663 sunt,
1409 2612 1482 2672 quac

185 2696 336 2773 recipiunt
358 2701 469 2754 certam
492 2712 667 2773 personam,
691 2704 723 2755 ut
745 2712 799 2773 ego
822 2703 854 2755 tu
876 2692 942 2762 ille;
966 2695 1080 2755 infinita
1097 2703 1195 2754 autern
1211 2702 1281 2755 sunt
1296 2697 1481 2773 pronomina,

186 2813 263 2875 quae
286 2814 344 2856 non
368 2797 518 2874 recipiunt
539 2812 697 2873 personas,
720 2803 754 2855 nt
768 2798 834 2874 quis
849 2815 925 2876 qnae
940 2795 1028 2875 quod.
1059 2795 1117 2856 Sed
1135 2803 1247 2865 tamen,
1271 2798 1348 2857 sicut
1363 2814 1481 2874 gram·

147 2919 173 2959 aa
186 2896 316 2957 erratici
339 2897 513 2967 ostendunt,
537 2895 664 2976 qualitas
687 2898 894 2977 pronominum
911 2896 1081 2977 quindecim
1098 2895 1262 2956 diuisiones
1278 2896 1374 2957 babet.
1409 2898 1484 2959 Sunt

185 2999 265 3058 enim
290 3000 469 3078 pronomina
492 2998 548 3059 alia
571 2998 668 3068 linita,
692 2997 747 3060 alia
770 3000 901 3074 infinita,
924 2998 980 3058 alia
1004 3001 1102 3058 minus
1116 3016 1205 3078 quam
1221 2998 1319 3068 linita,
1344 2998 1399 3060 alla
1414 3018 1482 3079 pos·

184 3101 314 3175 sessiua,
338 3099 395 3161 alia
417 3099 653 3169 subiunctatiua,
677 3099 733 3159 alia
756 3102 871 3178 gentis,
894 3100 949 3160 alia
974 3100 1103 3167 ordinis,
1127 3098 1183 3159 alia
1209 3103 1341 3169 numeri,
1366 3099 1422 3161 alia
1445 3101 1480 3162 ad

184 3200 296 3280 aliquid
320 3203 415 3270 tirrita,
439 3219 515 3280 quae
538 3201 678 3262 dicuntur
701 3202 883 3278 possessiua,
907 3199 964 3261 alia
988 3199 1023 3260 ad
1046 3200 1158 3280 aliquid
1174 3202 1304 3269 infinita,
1330 3201 1385 3261 alia
1410 3220 1481 3280 qna·

184 3300 291 3372 litatis,
321 3301 377 3364 alia
407 3305 596 3380 quantitatis,
627 3302 681 3362 alia
710 3302 959 3370 demonstratiua,
989 3302 1046 3362 alia
1070 3300 1209 3370 relatiua,
1234 3301 1289 3363 alia
1314 3306 1408 3377 magis
1430 3303 1480 3363 de·

145 3428 171 3469 so
185 3406 388 3465 monstratiua.
427 3405 503 3464 Sunt
525 3423 597 3482 ergo
620 3406 797 3482 pronomina
820 3405 915 3473 linita,
939 3405 1014 3464 sieut
1030 3403 1170 3472 diximus,
1195 3406 1266 3463 tria:
1290 3422 1344 3481 ego
1368 3415 1398 3463 tu
1416 3404 1480 3471 illc:

184 3491 241 3565 alia
264 3505 378 3565 indnita
402 3508 620 3585 praepositissa,
645 3512 678 3565 ut
692 3508 760 3585 quis
775 3504 872 3585 qualis
887 3514 1014 3582 quantus
1029 3513 1152 3584 quotus;
1176 3505 1232 3565 alia
1248 3504 1479 3575 subiunctatiaa,

184 3613 217 3665 ut
240 3608 265 3665 is
289 3604 355 3665 talis
378 3615 475 3668 tantus
499 3616 591 3673 totus:
622 3606 679 3667 alia
703 3609 802 3667 rninus
824 3625 913 3685 quarn
942 3608 1037 3681 sintita,
1068 3615 1099 3665 ut
1127 3609 1182 3666 iste
1210 3609 1283 3686 ipsc.
1330 3607 1387 3666 Sed
1416 3609 1480 3685 ipse

184 3725 348 3786 pronomen
377 3707 537 3789 aliquando
565 3709 680 3769 smitam
710 3710 874 3778 inuenitur,
898 3707 1056 3787 aliquando
1077 3710 1108 3767 in
1132 3711 1229 3769 minus
1251 3726 1338 3788 quam
1362 3708 1478 3767 baritum

183 3807 270 3869 cadit.
315 3809 400 3869 Tunc
428 3827 498 3888 ergo
520 3809 636 3869 linitum
660 3817 719 3880 ost,
749 3808 866 3889 qnando
894 3816 1081 3889 praesentem
1104 3828 1260 3889 personam
1284 3809 1478 3879 dauronstrat,

143 3918 215 3973 aaut
238 3929 293 3987 ego
315 3913 397 3989 ipse,
426 3913 475 3990 qai
499 3909 615 3972 locutus
638 3929 718 3978 sum;
747 3913 880 3990 tuipse,
910 3912 960 3989 qui
984 3909 1100 3979 dixisti3
1131 3910 1181 3972 ille
1209 3914 1289 3991 ipsc,
1319 3913 1369 3989 qui
1394 3911 1477 3972 dixit.

252 4132 264 4179 1
285 4129 383 4195 plenius
402 4131 533 4180 secundus
551 4131 719 4196 gramaticus,
736 4131 771 4193 ef.
783 4131 916 4181 Cledaaiaa
932 4148 960 4194 p.
979 4134 1020 4189 50,
1033 4134 1064 4186 8,-
1083 4131 1217 4194 Pompeius
1234 4147 1260 4195 p.
1273 4132 1360 4193 201,5
1412 4147 1479 4181 sere-

182 4195 254 4263 glaa]
274 4198 303 4247 Ia
319 4200 389 4248 locas
406 4201 432 4248 ia
450 4199 537 4262 Serpit
552 4202 669 4264 scriptis,
689 4216 754 4265 qaae
771 4200 870 4265 quidem
888 4200 958 4249 edita
974 4206 1040 4261 auat,
1060 4214 1109 4248 aaa
1127 4204 1213 4260 extat,
1232 4199 1266 4260 cs.
1285 4200 1387 4263 praefi:
1406 4199 1479 4250 ‘Ser-

180 4267 252 4330 piuat'
267 4267 397 4317 cuiusdam
413 4271 544 4317 aeramenti
557 4269 704 4331 [reparante
720 4269 837 4319 inedito'.
916 4267 1069 4316 2accedere
1137 4266 1292 4317 3aceedeus
1362 4268 1445 4330 adque

181 4334 286 4385 aceedit.
303 4331 363 4382 irinc
381 4331 494 4400 plenius]
516 4337 567 4384 Hic
585 4335 664 4385 Plinii
679 4339 749 4384 loeas
765 4336 867 4385 aliunde
885 4333 956 4385 nodia
975 4350 1024 4385 aaa
1041 4336 1157 4386 innotuit.
1225 4336 1242 4384 4
1260 4335 1401 4384 dilinitores
1463 4337 1479 4386 5

182 4401 301 4451 accedere
370 4403 549 4452 Saccedentia
618 4406 742 4452 bnatma
760 4404 851 4453 addidi
918 4402 1064 4452 accedentia
1133 4401 1280 4451 accedentia
1349 4405 1380 4453 10
1398 4403 1478 4452 littero

249 4469 378 4531 qualitatis
448 4472 478 4519 11
498 4467 560 4537 qna]
580 4485 655 4532 tqrram
743 4472 774 4521 13
791 4469 936 4519 accedentia
953 4479 1012 4534 etc,
1029 4486 1131 4534 semper
1199 4485 1230 4518 ex
1250 4467 1375 4520 omioibos
1446 4474 1478 4521 14

181 4547 366 4602 apotesiatenr
419 4553 477 4586 utun
497 4539 600 4587 uomina
657 4540 688 4588 15
706 4549 730 4586 et
748 4548 885 4601 potestates
938 4540 969 4587 16
987 4539 1055 4599 qrtod
1128 4539 1158 4587 17
1176 4536 1304 4603 Donatus]
1323 4555 1349 4603 p.
1370 4541 1479 4600 379,26

182 4607 214 4655 18
231 4605 330 4654 Probus
349 4602 423 4673 uero]
443 4606 529 4658 Instit.
549 4613 600 4656 art.
618 4623 644 4670 p.
664 4608 725 4667 131,
744 4608 790 4660 25,
808 4605 842 4666 rs.
862 4607 950 4669 Pomp.
966 4622 994 4670 p.
1014 4609 1077 4666 200,
1097 4609 1130 4654 12
1148 4605 1184 4655 Κ.
1270 4608 1304 4656 20
1321 4605 1375 4656 Sed
1394 4617 1476 4654 tamen

181 4672 279 4722 Probus
303 4673 492 4722 subdiuisiones
516 4675 604 4738 posuit
625 4674 760 4735 minusque
783 4673 854 4721 linita
872 4686 897 4721 ct
915 4673 1120 4737 possessiundis
1136 4675 1222 4737 posita
1239 4679 1297 4723 sant
1315 4673 1416 4723 librarii
1432 4691 1475 4724 ae·

179 4742 307 4806 plepentia
357 4741 590 4806 22quarecipiunt
640 4744 673 4791 24
685 4741 817 4807 gramatici
869 4742 903 4791 26
915 4741 1044 4803 qualitatis
1087 4743 1185 4792 301rca
1220 4743 1253 4793 33
1264 4740 1336 4791 finita
1348 4742 1478 4791 inuenitur
