3420 5378
633 250 718 305 001).
738 251 845 303 BERN.
864 253 923 306 207.
1348 263 1421 311 XXV

129 461 195 519 pore
217 443 264 516 lit,
285 461 346 502 cum
369 438 461 518 (sicut)
485 461 571 501 annus
593 442 725 500 diuiditur
747 444 774 499 in
798 449 937 517 tempora,
968 450 1091 517 ternpore
1114 445 1140 497 in
1164 458 1288 512 menses,
1315 457 1423 499 menses

129 529 155 585 io
178 528 383 601 ebdomadibus,
406 528 534 585 ebdomas
556 531 582 584 in
606 528 716 597 dicbus,
738 545 809 584 unus
832 527 890 584 dies
913 544 966 584 non
990 526 1136 583 diuiditur:
1160 535 1267 583 atomus
1289 536 1340 582 est.

415 614 566 670 bonatus
589 615 655 669 dicit
677 613 710 669 de
733 621 796 669 octo
819 612 944 686 partibus
967 613 1107 668 orationis.

129 700 196 756 llicit
218 701 384 757 bonatus:
415 699 524 773 ‘partes
546 700 678 755 orationis
701 707 765 754 sunt
787 707 860 754 octo.
904 696 997 765 Quae?
1033 695 1153 757 Nomeu'
1183 706 1235 753 etc.
1279 695 1422 753 Sciendum

128 794 188 855 cst,
210 784 274 858 quid
297 793 338 840 est
362 786 467 854 oratio,
490 781 535 840 uel
558 799 642 857 quare
663 782 770 840 dicatur
791 784 881 838 oratio
904 793 950 838 aut
973 781 1175 856 quibusmodis
1196 783 1301 837 dicatur
1324 781 1423 850 oratio,

128 879 175 924 aut
198 878 265 942 quot
287 872 343 925 sint
366 868 499 925 orationis
522 885 622 942 genera
646 865 755 946 (genera
779 858 931 939 bratiunis).
975 867 1067 925 Oratio
1096 875 1138 922 est
1165 874 1303 922 structura
1325 864 1423 922 uerbo·

130 971 188 1010 rum
211 970 270 1009 curu
294 953 371 1028 plena
396 953 594 1026 significatione
617 969 722 1011 sensus.
766 952 858 1008 Oratio
881 951 980 1009 dicitur·
1002 951 1140 1020 elocutio,
1163 952 1319 1024 questoris
1342 949 1423 1019 ratio,

128 1055 161 1093 eo
184 1039 257 1112 quod
280 1055 328 1095 ore
351 1048 378 1094 et
401 1040 508 1095 ratione
530 1041 671 1095 consistat.
709 1037 818 1109 Oratio,
841 1039 912 1094 sicut
934 1036 1083 1093 Sanctus
1106 1037 1325 1109 Augustinus
1347 1035 1423 1103 dicit,

128 1123 235 1180 «luobus
258 1122 345 1179 modis
367 1123 475 1180 dicitur.
513 1120 672 1189 Quomodo?
694 1123 776 1195 idest,
799 1121 907 1198 quando
930 1120 1031 1196 aliquid
1054 1120 1252 1177 rationabiliter
1274 1121 1424 1193 loquimur,

129 1208 172 1264 uel
196 1207 303 1282 quando
326 1224 376 1281 pro
400 1209 519 1282 peccatis
541 1215 588 1264 aut
610 1225 661 1283 pro
684 1211 739 1265 nita
762 1210 841 1265 deum
865 1223 994 1280 rogamus
1017 1215 1067 1263 etc.
1084 1204 1135 1278 (cf.
1150 1205 1233 1262 Petri
1245 1206 1427 1279 grammatici

128 1301 220 1348 ortem
242 1292 328 1349 buitta
349 1293 416 1349 libri
434 1309 464 1364 p.
489 1296 558 1363 tot,
582 1292 641 1361 14).

558 1513 597 1569 DE
619 1512 723 1569 PlllhiA
744 1511 991 1570 nectttttrtorto.

215 1708 228 1795 ΙΙ
246 1716 264 1773 i.
283 1716 363 1774 113·
381 1707 395 1794 Η
418 1715 451 1772 Et
472 1717 611 1774 sciendum
635 1725 693 1787 est,
716 1717 777 1790 quia
801 1716 889 1773 tribus
911 1714 1011 1772 litteris
1032 1713 1096 1788 (es)
1119 1713 1309 1771 terminalibus
1332 1712 1426 1769 finitur

129 1803 214 1875 ‚arima
238 1800 384 1859 declinatio
407 1818 492 1857 asru
515 1810 543 1858 et
566 1809 629 1858 octo
652 1800 754 1858 sillabis
777 1800 903 1885 finalibus
927 1799 1098 1872 terminatur,
1122 1810 1147 1855 ta
1171 1809 1202 1855 ut
1225 1808 1320 1874 poeta,
1342 1817 1371 1855 sa
1395 1806 1425 1853 ut

130 1887 221 1957 llusa,
249 1903 280 1943 ca
303 1895 334 1942 ut
356 1886 473 1956 Pascha,
502 1903 535 1958 ga
558 1894 589 1943 ut
610 1885 730 1960 collega,
760 1904 792 1944 na
820 1895 851 1945 ut
878 1885 999 1956 aduena,
1029 1902 1071 1941 am
1093 1893 1124 1941 ut
1152 1884 1251 1954 Adam,
1279 1883 1423 1953 Abraham,

129 1989 158 2026 as
183 1978 212 2026 ut
234 1969 376 2043 (Alcaeus,
399 1986 430 2026 es
453 1981 484 2027 ut
506 1968 676 2043 Ancih)ises,
699 1973 769 2028 sicut
792 1971 858 2029 dicit
883 1968 1069 2044 Vergilius:

330 2055 504 2112 Anchises
526 2058 685 2130 genitor,
707 2055 814 2113 Dauni
838 2059 1008 2113 miserere
1030 2062 1196 2112 senectae

129 2138 212 2209 (Aen.
235 2139 303 2196 XII
321 2143 396 2205 934;
426 2143 516 2197 ancise
539 2141 649 2215 genitor
671 2141 785 2198 danaum
813 2144 988 2199 misereresce
1010 2149 1119 2211 nettae,
1146 2155 1223 2196 corr.
1246 2147 1326 2195 natae
1352 2139 1425 2208 cod,

129 2222 170 2296 rs.
193 2224 276 2280 Petri
293 2227 477 2299 grammatici
497 2232 639 2299 excerpta
661 2226 748 2283 buius
769 2227 837 2283 libri
851 2244 884 2300 p.
909 2230 977 2297 164,
997 2225 1035 2297 4).

534 2462 575 2519 ol:
596 2462 743 2520 SECVNDA
765 2461 1011 2520 oncntntrtottn.

215 2662 227 2745 {j
246 2667 263 2725 i.
288 2659 397 2745 114211
427 2667 461 2724 Et
487 2667 626 2725 sciendum
656 2678 715 2739 est,
744 2667 818 2743 quod
847 2665 934 2723 tribus
956 2665 1093 2722 flnialibus
1115 2666 1279 2722 terminatur
1306 2666 1424 2721 secunde

128 2751 290 2810 declinatio:
313 2769 367 2808 sm
391 2760 419 2807 et
442 2769 456 2807 r
478 2761 505 2809 ct
527 2751 594 2808 xtttt
616 2749 721 2808 sillabis
743 2749 880 2807 bnialibus
909 2751 1086 2818 terminatur,
1113 2749 1184 2804 idest
1208 2759 1251 2806 tus
1274 2747 1302 2806 et
1324 2766 1375 2805 nus
1397 2756 1425 2804 et

130 2853 180 2910 ger
202 2844 230 2891 et
252 2851 297 2890 um
320 2845 348 2890 et
369 2851 401 2891 er
422 2843 450 2890 et
470 2838 495 2891 ir
515 2844 544 2892 et
566 2832 784 2909 ierietom.)et
806 2852 872 2909 prus
895 2842 923 2890 et
945 2834 1199 2905 rusioaldenalum:
1223 2842 1250 2889 et
1274 2833 1321 2889 ber
1343 2843 1370 2889 et
1392 2851 1425 2890 ur

129 2927 157 2975 ot
180 2919 232 2976 bus
253 2927 281 2975 ct
303 2919 355 2976 dus
377 2926 405 2976 et
427 2936 487 2976 mus
509 2919 549 2991 cf.
571 2919 651 2992 sep).
697 2921 724 2977 ln
748 2928 792 2976 tus
814 2927 845 2975 ut
872 2918 985 2990 doctus,
1014 2920 1040 2975 in
1063 2935 1116 2974 nus
1144 2926 1174 2974 ut
1201 2918 1295 2988 alnus,
1326 2919 1352 2974 ln
1375 2935 1425 2992 ger

131 3013 160 3060 ut
182 3004 260 3077 niger
282 3005 371 3079 piger,
395 3006 422 3060 in
446 3022 490 3061 urn
514 3013 544 3061 ut
566 3010 741 3079 praeceptum
765 3005 905 3074 iudicium,
929 3005 956 3060 in
979 3019 1009 3060 er
1030 3012 1062 3060 ut
1083 3020 1163 3078 puer,
1185 3004 1213 3059 ln
1229 3005 1253 3060 ir
1269 3012 1300 3060 ut
1321 3004 1374 3071 nir,
1397 3003 1425 3058 in

130 3098 172 3146 ter
195 3098 224 3146 ut
248 3090 388 3164 magister,
410 3091 437 3146 in
461 3107 526 3164 prus
548 3097 579 3145 ut
594 3088 711 3164 Cyprus,
734 3091 761 3146 ln
784 3105 834 3146 xus
856 3097 888 3145 ut
910 3097 998 3160 taam,
1021 3089 1054 3145 de
1076 3105 1129 3163 qua
1151 3088 1217 3146 dicit
1232 3088 1424 3162 Vergilius:

528 3175 595 3231 tari
620 3183 831 3250 torquentur
854 3175 887 3230 in
909 3191 1007 3232 arcus

130 3258 244 3329 (Georg.
267 3259 302 3314 ΙΙ
324 3258 396 3331 448)
420 3267 447 3315 et
470 3259 532 3316 alibi
558 3259 616 3334 ipse
639 3258 831 3332 Vergilius:

526 3345 665 3418 fugiant
687 3346 842 3400 examina
865 3352 966 3400 taxos

130 3424 218 3497 (terris
240 3428 312 3498 cod,
334 3428 396 3484 Ecl.
419 3427 469 3484 IX
488 3428 545 3501 30).
591 3430 619 3485 ln
644 3427 692 3485 ber
714 3428 856 3503 ut7iaber,
878 3430 906 3485 in
930 3444 964 3485 ur
985 3435 1016 3485 nt
1038 3437 1129 3499 satur,
1159 3430 1185 3484 in
1209 3427 1260 3484 bus
1284 3435 1314 3484 ut
1336 3427 1425 3498 albus,

131 3513 158 3568 in
181 3511 232 3568 dns
256 3521 285 3568 ut
308 3513 454 3583 candidus,
478 3513 504 3569 in
527 3530 588 3570 mus
612 3522 642 3570 ut
664 3515 791 3571 heremus
813 3513 851 3585 (in
874 3530 907 3570 us
928 3513 1012 3586 coel).

676 3749 716 3806 oe
743 3748 877 3807 nonina.

218 3945 229 4027 ii
248 3952 266 4008 i.
284 3944 363 4009 115⁵
380 3944 393 4030 Η
418 3952 529 4027 Species
545 3955 622 4011 uocis
644 3952 705 4009 alii
727 3952 794 4010 duas
816 3970 878 4010 esse
892 3954 1033 4024 dixerunt,
1056 3953 1117 4011 alii
1135 3963 1273 4028 quattuor.
1306 3952 1361 4022 lili,
1377 3953 1424 4027 qtri

131 4037 198 4094 duas
220 4053 281 4094 esse
303 4036 445 4109 dixerunt,
468 4038 519 4095 hoc
541 4037 682 4095 adfirmare
704 4040 794 4095 conati
817 4047 894 4095 sunt:
918 4055 971 4096 una
993 4040 1098 4113 species
1120 4042 1197 4095 uocis
1213 4045 1255 4094 est
1270 4037 1424 4108 articulata,

130 4121 215 4178 altera
243 4122 367 4179 contusa.
410 4123 575 4193 Articulata,
604 4124 747 4197 inquiunt,
775 4123 892 4195 dicitur,
921 4141 991 4197 quae
1018 4122 1119 4180 litteris
1146 4122 1229 4181 scribi
1252 4129 1279 4178 et
1301 4121 1425 4178 articulis

130 4206 314 4281 conprehendi
344 4215 437 4281 potest
460 4200 474 4285 i
493 4207 605 4265 t.116'
624 4201 653 4285 iss
681 4215 712 4264 ut
738 4224 782 4265 ars
811 4225 873 4283 pars
901 4207 1041 4281 eloquium
1070 4208 1220 4284 sapientiae
1251 4215 1279 4262 et
1308 4205 1423 4280 reliqua.

130 4293 214 4348 Artas
236 4308 303 4348 uero
327 4291 454 4349 dicuntur
477 4291 594 4348 membra
617 4292 735 4362 maiora,
759 4310 846 4368 aquo
862 4295 969 4350 nomine
992 4301 1021 4350 et
1043 4293 1150 4350 articuli
1173 4293 1252 4367 digiti
1275 4293 1424 4365 nuncupati

130 4384 203 4433 sunt.
248 4375 366 4434 Goniusa
389 4385 447 4447 est,
476 4393 545 4451 quae
568 4394 617 4433 nec
639 4377 739 4434 litteris
761 4378 844 4434 scribi
865 4385 974 4451 potest,
1002 4394 1052 4434 nec
1079 4377 1202 4435 articulis
1229 4377 1424 4450 conprehendi,

129 4470 160 4517 ut
182 4463 304 4535 mugitus
326 4459 423 4531 bourn,
454 4461 550 4518 sibilus
574 4462 740 4536 serpentium
764 4461 807 4519 uel
830 4461 959 4518 suricum.
1004 4462 1061 4533 llli,
1090 4462 1136 4536 qni
1159 4461 1202 4518 llll
1224 4462 1329 4535 speeies
1352 4461 1424 4518 dixe-

131 4556 209 4614 runt,
232 4546 284 4602 hoc
306 4555 402 4601 notare
423 4556 593 4603 conruerunt
614 4546 749 4602 dicentes:
772 4557 815 4602 est
830 4562 882 4602 uox
898 4545 1040 4603 articulata
1056 4556 1083 4603 et
1098 4545 1280 4614 inarticulata,
1303 4544 1424 4603 litterata

130 4640 158 4687 et
180 4630 339 4686 inlitterata.
384 4631 533 4688 Articulata
563 4647 614 4687 nor
642 4640 700 4701 cst,
729 4648 798 4704 queo
821 4647 880 4688 cunr
909 4632 1119 4704 cribratione,
1143 4629 1330 4702 inarticulata,
1354 4647 1423 4705 quae

131 4731 192 4772 cunr
214 4715 287 4771 nulla
310 4718 416 4772 ratione
438 4716 597 4791 protertur,
622 4725 650 4773 ut
673 4724 716 4771 est
738 4717 904 4773 rusticorum
927 4715 1063 4792 loquutio.
1107 4717 1239 4775 Litterata
1267 4725 1324 4787 est,
1353 4732 1423 4790 quae
