3420 5378
734 1160 798 1240 V

245 1353 442 1452 PETRI
468 1354 903 1454 GRAMMATICI
928 1356 1292 1455 EXCERPTA.

319 1777 382 1838 Hoc
404 1796 496 1857 opus,
520 1779 625 1857 enguo
648 1780 727 1856 qnod
751 1783 848 1842 cernis
871 1783 1002 1850 tramite,
1026 1781 1129 1850 lector,

364 1879 423 1940 lem
448 1881 553 1941 Petrus
575 1879 687 1941 domlni
709 1882 778 1942 lecit
800 1900 902 1943 amore
925 1884 981 1944 sui,

320 1978 465 2049 Plurima,
490 1999 565 2060 quae
586 2001 745 2062 procerum
768 1983 873 2045 tribuit
893 1983 1045 2063 purganda
1069 1981 1218 2062 cylindro,

362 2081 473 2143 Ordine
494 2093 564 2144 sunt
586 2084 684 2145 lorsan
709 2102 768 2145 non
792 2083 967 2146 benedicta
990 2103 1054 2145 sno.

318 2180 360 2241 Te
384 2180 498 2260 flagito,
522 2184 676 2265 precibus,
699 2185 809 2256 lector,
832 2187 857 2246 si
879 2185 1009 2246 flecteris
1031 2185 1111 2254 ullis,

360 2283 395 2343 Vt
416 2283 497 2347 dieas
519 2286 630 2348 clarus:
657 2286 758 2350 ‘Petre
782 2285 896 2348 miselle
918 2286 1011 2348 uale!'

317 2383 512 2464 Omnipotens
534 2387 672 2449 dominus
695 2387 768 2449 caeli
794 2397 950 2466 terraeque
974 2399 1090 2450 creator

359 2485 514 2549 Lectorem
537 2490 636 2550 loueat
659 2497 745 2582 noete
767 2490 876 2567 dieque
899 2493 995 2570 pium!

217 2723 222 2732 Ι
316 2654 370 2715 llio
392 2668 461 2717 sunt
483 2664 565 2737 prata
588 2655 678 2730 meis,
700 2661 725 2720 si
748 2658 859 2729 credis,
883 2657 970 2738 plena
993 2662 1116 2720 rosetis:

359 2756 449 2819 Sume
471 2777 556 2821 rosas
578 2760 730 2830 manibus,
754 2777 844 2838 carpe
866 2759 996 2819 retentus
1018 2761 1087 2820 iter!

316 2857 374 2927 Qui
395 2860 491 2938 eupit,
515 2878 585 2921 ecoe
608 2859 691 2921 bibat
713 2869 815 2922 nostro
838 2861 875 2921 de
897 2862 1014 2938 gurgite
1036 2858 1172 2939 lymphas

357 2961 559 3039 vesceturque
581 2961 656 3023 cibis
679 2981 727 3022 me
749 2961 899 3023 tribuente
922 2961 1008 3021 libri!

316 3061 434 3122 besInat
456 3061 592 3123 lnlandas
614 3063 722 3124 mentis
743 3080 867 3125 seruare
890 3063 1044 3131 tenebras,

357 3162 479 3225 Desinat
502 3172 531 3225 et
552 3163 653 3226 uerbis
676 3163 751 3226 bella
774 3165 854 3224 olere
876 3165 953 3225 suls!

314 3262 457 3327 Pacisseus
480 3273 595 3340 seruet,
618 3282 693 3342 quae
715 3273 812 3325 textus
835 3264 932 3327 littera
955 3272 1118 3335 monstrat,

356 3365 418 3427 ilex
442 3368 580 3445 quoniam
604 3366 738 3428 Christus
760 3365 870 3445 pacifer
892 3368 957 3445 ipse
979 3367 1044 3427 luit.

314 3465 439 3528 Sumere
463 3485 529 3528 nam
551 3466 641 3529 liores
663 3472 686 3529 si
711 3476 796 3540 torna
819 3467 915 3528 lronte
937 3467 1082 3547 superbos

358 3568 398 3629 be
422 3569 468 3631 bis
491 3577 655 3649 exspectet,
680 3570 776 3630 lessus
798 3568 833 3629 ad
858 3569 916 3629 lma
939 3570 1020 3630 ruat!

315 3668 373 3729 lam
396 3672 435 3732 sit
457 3690 528 3733 uera
550 3670 644 3741 salus,
668 3672 725 3731 iam
748 3672 786 3731 sit
807 3671 966 3732 concordia
990 3678 1105 3746 saneta,

357 3770 416 3832 lam
442 3780 583 3834 resonent
605 3774 694 3833 castis
716 3771 807 3833 uerba
831 3772 915 3835 beata
939 3772 1049 3833 modis!

177 3973 227 4023 Du
250 3970 506 4025 SIMILITVDINE
529 3974 669 4027 Pnlnttu
694 3975 880 4026 LITTERAE
903 3974 1039 4026 AETATI
1062 3972 1218 4026 HOMINIS
1241 3974 1317 4027 1100
1336 3975 1405 4026 EST

176 4056 385 4111 INI'ANTIAE.

193 4159 353 4220 Sciendum
382 4167 427 4221 est
454 4170 551 4222 autem
575 4163 623 4222 cui
646 4161 742 4222 littera
764 4163 868 4223 similIs
890 4180 955 4223 esse
977 4162 1095 4224 uidetur
1119 4160 1166 4223 uel
1189 4179 1277 4240 quam
1301 4160 1405 4222 simili·

109 4260 243 4323 tudinem
257 4260 358 4321 habet.
397 4260 506 4323 Littera
524 4263 632 4324 dieitur
654 4263 759 4324 similIs
781 4280 846 4324 esse
867 4264 981 4334 intanti,
1005 4265 1073 4343 quia
1096 4282 1150 4343 per
1172 4263 1272 4324 uarias
1293 4269 1405 4324 aetates

174 4466 234 4518 eod.
252 4463 333 4520 Bern.
351 4467 403 4515 522
419 4466 442 4529 s.
462 4462 520 4516 d8l.
543 4465 640 4515 Versus
658 4480 708 4515 non
724 4468 751 4516 in
768 4468 850 4533 Initio,
869 4474 897 4516 nt
912 4468 971 4529 sere
984 4469 1028 4530 fit,
1045 4467 1094 4515 red
1109 4467 1136 4515 in
1150 4469 1202 4530 fine
1220 4467 1337 4530 opusculi
1353 4467 1404 4516 eol·

106 4536 185 4585 locuti
200 4539 266 4586 eunt.
305 4572 320 4599 ,
337 4549 361 4584 v.
382 4537 394 4583 1
414 4535 508 4597 exigue
525 4534 595 4594 qnod
613 4544 697 4583 certus
715 4532 840 4585 Sionem
856 4538 933 4585 catal.
945 4551 1018 4586 mser.
1029 4532 1111 4584 Bern.
1129 4533 1146 4583 1
1156 4550 1183 4599 p.
1195 4536 1249 4583 443
1318 4536 1334 4583 3
1352 4547 1403 4595 rpro

106 4604 163 4656 eorl.
215 4605 341 4667 procerior
359 4604 416 4657 cod.
469 4600 576 4650 oillndro
593 4604 650 4652 eod.
703 4603 871 4653 thenediotn
884 4602 1007 4653 Sionem
1075 4602 1244 4667 operentur
1261 4602 1316 4651 eod.
1373 4602 1402 4650 ll

107 4669 217 4736 limplms
235 4671 294 4722 eod.
366 4672 396 4720 l'i
414 4669 541 4733 superbus
559 4671 617 4721 rod.
1138 4682 1175 4723 tan

173 4740 229 4791 eod
251 4736 787 4804 Rern.522raee.1x-xf.1b-2b
855 4741 887 4790 21
908 4737 1048 4789 LI'ITERE
1102 4736 1234 4789 itt-'ritu
