3420 5378
559 242 608 293 DE
626 243 765 296 DONATI
783 243 986 297 PRIORIBVS.

685 445 768 508 One.
792 445 856 509 III.

427 561 488 626 DE
510 561 629 627 LIBRI
652 562 836 628 ORIGINE
859 562 1126 628 PEREGRINA.

211 719 278 779 Iam
306 720 344 779 de
373 721 492 780 Graeca
519 739 571 781 scu
597 722 670 780 libri
694 738 745 781 seu
772 723 930 796 scriptoris
957 723 1076 796 oripine
1103 723 1267 783 uideamus.
1311 722 1420 797 Itaque

74 812 79 821 ’
125 836 193 880 cum
214 823 333 881 omnino
355 828 432 881 15155
452 823 548 882 libelli
567 823 686 883 babitus
708 826 900 898 asperitatem
922 825 1077 898 quandam
1101 825 1225 884 dicendi
1245 830 1337 899 atqetc
1357 841 1418 882 ser·

90 928 96 937 '
124 924 221 983 monis
248 922 354 1000 Latini
379 940 464 983 usum
491 926 781 999 neplepcntissimnm
806 942 885 999 prae
911 943 944 984 se
966 925 1069 999 serat,
1100 933 1161 985 tum
1189 927 1336 986 nonnulla
1358 942 1419 985 noa

124 1024 233 1084 Latine
260 1026 342 1084 dicta
371 1027 414 1084 ita
436 1026 617 1086 solummodo
645 1034 727 1087 recte
752 1029 906 1101 inplicari
927 1034 1068 1102 possunt,
1100 1035 1131 1086 ut
1160 1036 1213 1087 aut
1241 1029 1419 1102 scriptorem

124 1129 247 1186 natione
275 1128 422 1187 Graecum
447 1126 545 1199 fuisse
572 1135 624 1189 551
649 1135 731 1188 certe
758 1145 798 1188 ex
822 1131 939 1189 Graeco
966 1146 1101 1188 sermone
1128 1131 1159 1189 in
1182 1128 1320 1188 Latinum
1343 1130 1419 1189 baec

124 1231 274 1288 translata
296 1245 359 1288 esse
380 1231 523 1288 conicias.
568 1230 635 1290 Iam
654 1248 688 1306 p.
714 1237 780 1304 155,
808 1236 842 1288 15
864 1231 974 1290 rurba:
1006 1231 1221 1305 ‘Partieipium
1244 1232 1419 1291 dictumest

124 1333 215 1405 quasi
232 1331 453 1407 particapium,
477 1333 559 1406 qriod
577 1340 683 1406 partes
704 1335 788 1408 capit
795 1352 806 1400 ;
834 1333 901 1392 boc
922 1335 999 1392 enim
1018 1339 1124 1407 partes
1145 1349 1165 1391 5
1187 1335 1319 1404 nomine,
1349 1333 1418 1392 boe

124 1433 254 1492 bobeta
278 1434 391 1510 uerbo'‚
417 1435 476 1493 nisi
491 1450 552 1508 pro
575 1436 627 1493 illo
649 1431 730 1494 ‘boc'
754 1442 881 1508 utroque
901 1437 967 1495 loco
989 1435 1067 1494 ‘itas’
1082 1435 1177 1494 scribi
1197 1435 1312 1506 iubeas,
1338 1425 1419 1508 quod

124 1537 222 1595 minus
246 1536 437 1610 probandum
464 1543 521 1607 cst,
553 1538 754 1596 Graecismum
783 1539 978 1597 certissimam
1005 1537 1147 1596 cxliibent
1169 1534 1267 1594 τοῦτο
1289 1529 1352 1612 μέν
1379 1569 1412 1578 -

124 1635 223 1696 τοῦτο
247 1631 285 1696 δέ
305 1638 431 1712 inperite
451 1655 489 1697 ac
511 1638 631 1697 rttditer
653 1640 683 1697 in
704 1638 847 1698 Latinam
869 1641 1003 1712 linpuom
1026 1641 1185 1698 insuetum.
1231 1638 1264 1696 P.
1291 1645 1359 1709 111,
1380 1643 1417 1695 16

124 1739 230 1798 babes:
253 1737 350 1813 ‘Erpa
372 1741 535 1799 uidenda
557 1747 640 1813 sunt,
665 1756 744 1814 quae
765 1741 919 1815 recipiunt
940 1741 1202 1815 conparationem'
1219 1755 1279 1814 pro
1302 1741 1417 1799 ‘uiden-

125 1840 195 1900 dum
218 1843 272 1901 est’
297 1843 373 1900 idest
395 1836 560 1920 onom-ntia
585 1837 688 1902 ἐστίν.
734 1842 767 1900 P.
794 1849 859 1915 157,
885 1848 998 1900 til—21
1025 1845 1057 1901 si
1078 1843 1141 1901 ubi
1161 1847 1207 1900 ter
1224 1843 1354 1916 positum
1376 1847 1419 1900 est

122 1959 181 2017 pro
209 1943 293 2003 ‘nbi'
323 1946 371 2003 uel
398 1944 511 2004 ‘sicubi
516 1945 537 2017 '‚
561 1945 619 2004 boc
640 1951 685 2003 est
707 1943 740 2002 cl
755 1960 822 2002 που
846 1946 970 2003 Graece.
1016 1944 1129 2004 Eodem
1148 1942 1283 2015 fortasse
1303 1930 1419 2018 spectat

124 2046 181 2104 uli
212 2045 335 2104 uerbum
366 2062 432 2105 cum
464 2048 640 2106 accrtsatt'no
673 2062 747 2106 casu
780 2048 969 2106 coniunctum
993 2062 1026 2120 p.
1055 2052 1119 2118 157,
1146 2051 1198 2113 18,·
1225 2062 1257 2121 p.
1284 2051 1354 2119 1511,
1382 2052 1418 2102 11)

124 2154 287 2206 ceterum
320 2149 423 2206 eadem
456 2151 576 2207 notione
606 2150 734 2223 positum
770 2155 813 2208 est
845 2165 905 2224 qua
933 2149 1037 2208 Latini
1068 2150 1184 2207 aliter
1218 2150 1267 2207 uel
1298 2148 1414 2220 alias,

126 2250 238 2309 Graeci
256 2241 367 2320 ἄλλως
389 2251 438 2308 uel
458 2243 498 2307 eoi
521 2267 556 2308 τε
578 2242 664 2308 ἄλλα
687 2256 921 2325 usurpauerunt.
967 2251 1094 2325 Aperte,
1119 2251 1236 2324 opinor,
1269 2249 1416 2308 Graecam

123 2350 197 2409 libri
218 2353 364 2425 oripinem
379 2354 521 2425 coar-pun
539 2368 571 2426 p.
590 2357 647 2411 115
669 2359 792 2412 sectas
814 2355 1012 2425 l'errinas,
1036 2360 1160 2412 sectas
1175 2351 1418 2426 Philippicas

123 2451 251 2512 dietum:
272 2470 368 2527 neque
389 2455 467 2513 enim
491 2456 652 2513 uerisimile
672 2461 732 2527 551,
757 2456 878 2514 ‘sectas'
901 2471 941 2513 551
956 2452 1130 2514 ‘orationes’
1147 2460 1322 2529 corruptum
1337 2470 1417 2520 esse:

123 2555 182 2613 erit
208 2555 303 2628 ipilur
325 2557 440 2614 ‘secta’
465 2558 674 2630 interpretatio
701 2555 814 2615 latina
841 2557 905 2615 eius
933 2557 1014 2630 qaod
1036 2557 1151 2616 Graece
1171 2556 1284 2615 dicitur
1305 2552 1415 2634 τόμος.

123 2656 174 2716 Ad
193 2656 320 2716 eandem
344 2657 481 2730 sortasse
506 2675 630 2719 causam
659 2661 866 2719 reuocandum
887 2665 945 2730 esl,
979 2660 1062 2733 qrtod
1079 2676 1112 2733 p.
1138 2665 1208 2735 115,
1236 2657 1416 2717 75511555-

122 2774 211 2818 scure
236 2760 363 2833 lepitur:
395 2758 487 2819 Sunt
516 2776 718 2838 personae,
753 2777 848 2836 quae
878 2759 999 2831 sinito
1025 2762 1256 2834 pronomina
1282 2786 1323 2807 =
1347 2754 1417 2818 ἐστὶ

123 2857 284 2939 reposuero
306 2850 392 2937 ἅπερ
416 2862 482 2920 καί.
520 2863 656 2938 Denique
671 2864 820 2923 Graecam
838 2862 968 2936 phrasin
985 2863 1101 2921 redolet
1122 2860 1198 2920 illud
1219 2862 1271 2920 ‘in
1294 2877 1416 2920 rerum

123 2964 280 3022 nutura’
303 2962 348 3022 bis
364 2966 494 3038 positum
512 2981 544 3039 p.
572 2971 637 3037 117,
656 2973 685 3024 5.
710 2971 744 3022 15
766 2971 794 3023 et
815 2964 880 3023 ‘si'
903 2987 946 3015 =
969 2959 1000 3023 st
1017 2980 1077 3038 pro
1099 2963 1193 3022 ‘num'
1216 2964 1248 3022 in
1269 2964 1416 3022 sententia

122 3064 342 3138 interrobatiua
365 3066 530 3125 adbibitum
550 3082 581 3140 p.
608 3073 681 3140 115,
708 3074 751 3126 12.
797 3066 881 3125 Haec
909 3067 953 3124 ad
979 3054 1204 3137 defendendam
1230 3080 1326 3124 meam
1354 3066 1416 3138 opi-

122 3167 241 3226 nionem
277 3169 350 3227 satis
379 3175 477 3228 crunt.
531 3167 634 3243 Neque
665 3169 699 3228 id
724 3168 822 3227 obesse
850 3167 1002 3241 arbitror,
1034 3169 1115 3242 quod
1138 3183 1173 3242 p.
1199 3173 1264 3234 117,
1290 3171 1416 3224 21-51

123 3270 231 3330 1515151
266 3271 354 3344 quasi
387 3287 486 3330 merus
513 3270 640 3331 Latinus
675 3271 853 3344 discipulum
885 3286 905 3328 5
940 3271 1126 3329 Graecorum
1155 3267 1328 3340 formarum
1362 3286 1417 3328 usu

123 3377 213 3446 atque
234 3375 447 3433 consuetudine
464 3373 627 3448 probibere
648 3374 783 3432 uidetur.-
811 3373 868 3431 boc
889 3374 967 3430 enim
989 3374 1108 3431 minime
1130 3370 1312 3443 dubitamus,
1343 3371 1416 3445 quin

122 3473 201 3534 baec
222 3476 322 3534 omnia
343 3480 373 3534 51
394 3474 502 3533 Latine
522 3481 552 3533 51
573 3490 592 3533 5
615 3475 731 3533 Latirtis
751 3476 904 3550 principio
925 3476 1041 3549 scripta
1058 3473 1187 3546 suerint,
1210 3474 1264 3531 sed
1284 3488 1344 3531 non
1367 3469 1414 3531 in·

123 3584 212 3651 lepra
233 3592 270 3635 55
292 3578 336 3635 ad
355 3591 424 3650 nos,
453 3578 531 3636 sicut
558 3578 627 3636 olim
654 3579 771 3651 scripta
796 3576 941 3650 suerunt,
973 3578 1017 3635 ad
1041 3592 1096 3635 nos
1124 3576 1279 3636 deuenisse
1306 3575 1342 3634 ob
1371 3575 1416 3634 di-

121 3678 214 3739 cendi
237 3677 460 3737 mendositatem
481 3685 510 3736 et
530 3680 689 3750 copilandi
717 3679 856 3756 ambapes
883 3680 1032 3738 interdum
1061 3681 1116 3738 uia·
1142 3677 1326 3750 tolerabiles,
1356 3693 1416 3737 non

120 3780 187 3839 sine
214 3780 293 3838 itala
321 3796 417 3839 causa
446 3782 599 3855 suspicari
619 3780 703 3840 nobis
725 3782 873 3841 uidemur.
918 3781 1002 3841 Haec
1024 3783 1116 3853 ipilur
1138 3779 1236 3852 unfra
1258 3780 1416 3839 uerborrtm

121 3882 396 3956 sententiarumque
430 3883 594 3955 prolixitas
629 3884 800 3958 saepissime
829 3885 977 3955 cernitur,
1009 3882 1052 3954 cs.
1076 3900 1111 3958 p.
1137 3888 1204 3954 115,
1230 3888 1268 3939 51
1290 3899 1352 3956 seq.
1374 3907 1415 3930 =

117 3999 153 4059 p.
178 3989 245 4059 115,
270 3989 454 4059 21-o.1;p.
482 3990 546 4059 155,
572 3990 684 4052 1-11,·
702 4001 737 4059 p.
766 3991 827 4058 151,
854 3993 935 4042 1=
955 4001 985 4059 p.
1012 3990 1074 4052 151,
1101 3991 1138 4042 11
1160 4010 1202 4032 =
1219 4000 1254 4058 p.
1278 3991 1341 4056 151,
1360 3990 1414 4051 51;

118 4102 153 4160 p.
178 4091 248 4161 155,
275 4091 392 4144 15-15
413 4113 454 4134 =
475 4103 506 4160 p.
532 4093 604 4154 152,
632 4092 673 4144 15.
698 4093 735 4144 oo
756 4112 798 4138 =
815 4103 848 4161 p.
874 4093 942 4154 155,
968 4092 1067 4155 5-5,·
1088 4102 1120 4160 p.
1147 4092 1217 4153 155,
1243 4091 1290 4143 15.
1315 4091 1351 4141 11
1373 4111 1415 4134 =

118 4205 151 4263 p.
177 4192 243 4261 155,
270 4195 316 4247 15.
343 4194 396 4258 11;
414 4205 449 4262 p.
477 4195 542 4261 155,
561 4195 599 4246 55
621 4216 662 4238 =
682 4205 712 4263 p.
734 4194 799 4256 155,
822 4195 875 4256 51;
896 4205 927 4262 p.
946 4194 1010 4260 151,
1032 4192 1150 4244 15-15
1172 4213 1213 4235 =
1230 4204 1263 4262 p.
1284 4194 1349 4258 151,
1370 4194 1413 4244 11.

124 4296 177 4358 15;
195 4307 229 4365 p.
253 4296 319 4363 155,
346 4297 381 4348 15
402 4316 443 4338 =
463 4308 494 4365 p.
522 4297 586 4357 155,
613 4298 646 4358 1,·
674 4308 705 4366 p.
731 4297 801 4363 155,
828 4296 873 4348 11.
900 4296 936 4347 11
956 4316 998 4338 =
1018 4307 1050 4364 p.
1078 4294 1147 4361 155,
1176 4295 1207 4347 15
1228 4312 1270 4340 =
1288 4306 1321 4364 p.
1347 4295 1412 4363 155,

126 4398 169 4451 17.
194 4399 299 4467 1851).
326 4398 391 4465 158,
419 4397 567 4467 29:11.
594 4400 659 4464 155,
687 4398 740 4459 15;
766 4408 797 4464 p.
824 4398 888 4457 155,
914 4392 1074 4450 15--115
1100 4397 1144 4448 27.
1190 4392 1320 4451 Graecos
1342 4407 1414 4451 uero

120 4494 256 4555 bomines
269 4496 395 4568 linpuae
409 4494 538 4554 Latitiae
553 4495 662 4554 studiis
681 4494 890 4566 prammaticis
906 4507 1028 4567 operam
1045 4492 1162 4551 dedisse
1183 4495 1349 4553 testimonio
1371 4500 1415 4552 est

122 4596 281 4657 Cledoaius
303 4597 417 4655 Donati
436 4601 651 4656 commentator
672 4595 889 4668 prommalicus
912 4593 1277 4669 constantinopolitanus,
1306 4596 1415 4655 deinde

121 4698 308 4774 Pbilocalus‚
329 4701 416 4760 caius
435 4699 536 4770 studia
556 4699 759 4775 prammalicn
780 4696 976 4757 laudabiliter
997 4705 1267 4759 commemorantur
1289 4699 1319 4758 in
1341 4699 1414 4773 ipsis
