3420 5378
723 256 933 310 BERNENSIS.
1435 254 1474 319 87

182 447 342 508 uarietates
370 449 516 508 oriuntur.
561 448 635 508 diii
669 449 747 507 enim
778 449 908 527 quinque
931 447 1086 507 aestimant
1113 443 1275 506 abiatiuum
1303 443 1474 514 abicientes,

179 551 256 611 sicut
284 557 314 610 et
343 550 462 618 Gracci,
497 550 565 629 quia
595 549 636 609 iiii
666 548 826 609 atriatiuum
851 567 909 610 non
938 547 1058 610 habent.
1104 546 1176 609 ttiii
1209 565 1282 607 uero
1315 548 1472 626 septimum

179 669 280 712 casum
303 650 435 712 adiciunt
457 653 487 712 in
510 653 605 712 torma
628 650 762 718 ablatiui,
787 652 838 728 qui
860 659 985 712 uocatur
1007 650 1151 726 septimus
1173 667 1275 716 casus,
1304 656 1333 707 ut
1357 646 1474 725 ‘dignus

179 757 329 828 muuere'‚
352 755 479 814 ‘mactus
501 754 633 814 uirtuto'.
678 750 752 813 atii
780 760 877 813 autern
907 755 993 814 etiarn
1023 759 1159 812 octauum
1184 768 1285 811 casum
1309 749 1422 811 addunt
1442 751 1473 809 in

152 856 275 916 siorma
299 855 405 924 datiui,
428 854 479 916 scd
502 873 621 916 sensum
645 855 807 915 accusatiui
829 854 931 925 habet,
955 863 988 915 ut

646 957 677 1017 lt
699 956 842 1017 oiamor
865 956 983 1025 caeto,

177 1059 235 1121 boc
251 1067 297 1120 est
310 1059 346 1119 ad
362 1057 485 1119 caelum.
517 1059 589 1120 item
604 1058 846 1136 interrogandum
862 1066 915 1132 est,
930 1076 1021 1138 quare
1037 1058 1237 1118 nominatiuus
1251 1057 1376 1118 dicitur?
1399 1057 1473 1128 Quia

177 1163 239 1222 uim
254 1159 427 1221 nominandi
443 1167 531 1228 tenet,
548 1168 580 1220 ut
595 1158 643 1220 iric
660 1162 715 1220 uir.
746 1158 818 1219 item
834 1161 993 1238 genetiuus
1007 1177 1099 1239 quare
1115 1157 1240 1220 dicitur?
1263 1160 1337 1231 Quia
1354 1177 1473 1220 sensum

177 1261 318 1342 gignendi
335 1271 364 1323 ει
383 1261 555 1342 possidendi
572 1260 673 1329 habet,
697 1268 729 1322 ut
744 1261 830 1321 huius
852 1261 919 1321 uiri.
958 1261 1006 1322 Sic
1028 1261 1147 1322 datiuus
1162 1261 1271 1339 aliquid
1289 1264 1473 1323 extrinsecus

139 1377 165 1419 1⁰
178 1365 246 1426 addi
262 1365 455 1432 demonstrat,
467 1363 514 1424 uei
529 1362 681 1432 accedere,
690 1370 723 1422 ut
737 1361 785 1422 ‘da
801 1362 870 1424 ituic
887 1364 975 1425 uiro’.
992 1365 1183 1424 Accusatiuus
1194 1365 1253 1424 uim
1270 1363 1427 1424 accusandi
1444 1369 1474 1422 et

176 1478 275 1530 actum
291 1467 414 1528 alterius
429 1463 568 1539 declarat,
583 1467 665 1544 quasi
681 1467 809 1545 patiatur
825 1465 861 1525 ait
878 1485 928 1525 co.
943 1514 949 1525 .
965 1513 970 1524 .
986 1513 991 1525 .
1014 1467 1171 1526 Vocatiuus
1187 1467 1418 1526 nominationem
1436 1465 1471 1524 ad

176 1588 335 1649 personam
353 1568 488 1629 uocantis
504 1566 640 1635 ostendit,
657 1576 689 1627 ιιι
700 1586 718 1626 o
730 1570 785 1627 uir.
808 1565 961 1628 Abiatiuus
976 1585 1048 1627 uero
1064 1566 1170 1646 aliquid
1187 1567 1366 1628 abstractum
1382 1567 1473 1644 signi-

177 1673 252 1745 ficat,
271 1678 303 1730 ut
316 1668 354 1730 ab
370 1669 427 1729 troc
443 1671 515 1729 uiro.
539 1667 581 1728 ue
597 1668 643 1728 his
657 1677 754 1729 autern
771 1687 821 1728 sex
839 1668 955 1729 casibus
970 1668 1137 1730 isidorus
1155 1669 1238 1730 dicit:
1263 1668 1472 1729 Nominati·

177 1790 244 1833 uus
266 1770 508 1834 casusdictus
531 1779 600 1840 cst,
625 1772 706 1849 quia
723 1789 788 1849 per
805 1789 882 1831 eum
904 1769 1061 1850 aliquem
1085 1771 1330 1841 nominamus,
1356 1779 1393 1831 ut
1414 1770 1473 1831 ltic

138 1875 371 1950 smagtsten
395 1873 611 1951 genetiuus.
636 1873 719 1951 quia
743 1890 807 1951 per
831 1890 909 1932 eum
932 1890 1046 1950 genus
1069 1873 1337 1949 cuiuscumque
1359 1890 1470 1953 quae·

175 1978 309 2050 rimus,
342 1983 381 2036 ut
413 1974 521 2034 huius
553 1975 744 2051 magistri;
779 1972 941 2043 datiuus,
977 1974 1060 2051 quia
1088 1993 1154 2054 per
1184 1993 1263 2035 cum
1293 1991 1357 2034 nos
1385 1973 1472 2033 dare

174 2075 291 2137 aiicui
313 2074 460 2154 aliquid
484 2075 786 2144 demonstramus,
811 2083 848 2135 ut
871 2074 923 2134 ‘da
947 2074 1034 2136 ituic
1058 2076 1265 2153 magistro’3
1291 2076 1471 2135 accusati·

175 2197 256 2248 uus,
285 2179 370 2255 quia
398 2195 464 2255 por
494 2195 571 2237 ειιιιι
601 2176 761 2254 aliquem
791 2193 1021 2245 accusamus,
1050 2186 1088 2236 ut
1116 2195 1253 2237 accuso
1282 2175 1378 2237 itunc
1401 2194 1471 2235 ma-

174 2282 341 2358 gistrum.
387 2276 445 2339 Sed
469 2278 525 2337 hoc
547 2296 606 2338 non
630 2288 710 2339 recta
733 2280 848 2338 ratione
871 2278 991 2338 dicitur:
1022 2279 1046 2338 si
1071 2280 1149 2339 euim
1179 2278 1310 2338 dicantus
1339 2277 1472 2339 ‘laudato

136 2382 329 2443 sodominum
353 2388 381 2440 ct
405 2381 589 2457 maguisscate
613 2385 703 2448 eum‘,
728 2379 836 2440 nuiiaut
860 2381 1080 2441 accusationem
1105 2379 1201 2441 habet.
1249 2380 1321 2440 item
1344 2382 1369 2442 si
1392 2379 1471 2442 dica·
1512 2362 1519 2377 ⁸

174 2501 241 2545 tuus
262 2481 362 2543 ‘laudo
384 2481 464 2542 hunc
486 2483 683 2560 magistrum’,
712 2499 772 2541 uon
800 2480 890 2542 habet
917 2485 1144 2545 accusationem.
1189 2483 1309 2543 lloctius
1338 2500 1409 2560 ergo
1431 2484 1473 2543 ait

173 2585 456 2665 grammaticus:
486 2585 734 2656 Accusatiuus
757 2583 899 2643 dicitur
922 2582 989 2644 itoc
1012 2593 1069 2645 est
1092 2586 1239 2645 actiuus
1262 2602 1375 2644 casus.
1420 2585 1472 2645 Est

174 2690 253 2749 enim
277 2685 402 2747 uerbum
425 2687 571 2747 Graecum
588 2704 708 2759 accuso,
734 2684 790 2745 hoc
806 2694 851 2746 est
866 2702 936 2762 ago.
961 2688 1045 2747 cuius
1067 2687 1259 2764 praeteritum
1283 2686 1469 2764 participium

174 2798 218 2851 est
245 2796 414 2855 accusatus,
444 2789 583 2864 genetiuo
611 2787 739 2849 accusati
768 2786 865 2846 addita
894 2806 949 2848 uus
972 2787 1081 2865 syiiaha
1105 2788 1137 2847 iit
1164 2789 1363 2857 accusatiuus,
1393 2786 1471 2848 idest

134 2893 288 2953 ssactiuus
310 2908 411 2958 casus,
435 2908 470 2948 eo
493 2887 572 2965 (quod
596 2887 689 2949 uerbo
712 2890 808 2948 actiuo
824 2891 927 2949 seruit.
964 2889 1040 2949 Hinc
1056 2888 1179 2948 dicitur:
1204 2889 1331 2949 tirnnia
1355 2888 1469 2950 uerba

173 2994 300 3054 actiua
324 2989 608 3069 et'deponentia
632 2999 665 3048 et
688 2992 893 3051 communia
917 2992 1090 3051 seruiunt
1113 2992 1332 3052 accusatiuo
1356 2992 1468 3059 casui,

173 3104 210 3156 ut
241 3092 349 3153 i'ubeo
382 3092 503 3161 ilium,
535 3094 670 3153 inuoco
702 3090 821 3162 ilium,
860 3095 976 3154 doceo
1009 3091 1249 3172 discipulum,
1288 3093 1469 3152 misereor

172 3212 372 3282 ppuperes,
410 3195 538 3253 imitor
576 3193 704 3253 bonos.
748 3196 941 3257 Accusatiuus
973 3213 1060 3274 ergo,
1084 3195 1160 3256 sicut
1183 3194 1324 3263 diximus,
1353 3194 1469 3255 actiuus

172 3316 261 3359 casus
289 3296 406 3363 dicitur,
442 3295 588 3356 diriuatus
610 3315 625 3356 a
649 3294 742 3355 nerito
771 3297 885 3357 Graeco
908 3316 1030 3366 accuso,
1063 3297 1141 3375 quod
1164 3298 1377 3376 interpretatur
1400 3313 1466 3374 ago.

132 3399 244 3460 atnoe
266 3398 396 3460 Cicero
419 3397 507 3458 dixit:
532 3401 732 3466 decusato,
757 3398 852 3477 quod
875 3408 1013 3460 rectum
1038 3407 1106 3468 est,
1131 3399 1354 3476 hoccstagite.
1393 3397 1467 3458 Item

172 3501 375 3563 Terentius
397 3499 481 3559 dicit:
527 3498 647 3568 Quare
684 3517 755 3559 nun
793 3502 979 3561 accusatis
1016 3503 1303 3581 paonitentiam,
1327 3500 1384 3559 hoc
1412 3508 1466 3568 cst,

171 3620 263 3682 quare
287 3619 345 3662 non
368 3602 463 3679 agitis.
510 3602 666 3662 Vocatiuus
689 3619 782 3680 quare
804 3598 815 3681 ii
832 3602 851 3660 1.
868 3598 925 3661 92·
947 3599 958 3682 ii
981 3602 1106 3662 dicitur?
1150 3604 1222 3673 tinia
1246 3620 1300 3682 per
1324 3619 1391 3661 eum
1415 3600 1466 3662 aii·

241 3787 315 3837 luiii
335 3784 413 3851 cuim]
432 3787 539 3836 alienum
594 3789 713 3835 estimant
781 3786 908 3837 4uirtutt‘·
976 3788 1034 3837 oid
1087 3789 1107 3837 it
1124 3785 1229 3851 ciuntur]
1257 3789 1335 3854 Vera.
1354 3790 1419 3839 Aen.
1443 3789 1470 3837 V

172 3859 221 3908 151
274 3855 327 3905 celo
389 3855 464 3904 stuc
482 3851 532 3920 uir]
553 3855 624 3903 incur
668 3856 715 3905 ‘to
733 3854 784 3920 uei]
806 3868 832 3904 ut
889 3859 917 3905 11
937 3856 968 3904 ab
987 3853 1028 3919 eo]
1051 3856 1112 3906 Post
1129 3856 1193 3905 Itoee
1211 3858 1309 3906 exetdit
1325 3860 1467 3920 exemptum

171 3925 317 3975 accuratiori.
400 3927 430 3972 13
450 3923 498 3971 uiri
549 3920 836 3986 Isidorus]ori,q.16‚
858 3927 961 3989 seseq.
1032 3926 1063 3974 tt
1081 3940 1126 3989 per
1144 3939 1217 3973 otram
1287 3926 1318 3974 15
1335 3925 1466 3986 querimus

172 3995 203 4043 17
222 4003 248 4041 ut
265 3991 315 4039 dnh
334 3991 388 4039 buit
405 3991 529 4054 magistro
599 3992 630 4040 18
648 4005 742 4040 uccusu
805 3994 835 4041 21
855 3989 903 4056 ait]
922 3992 990 4057 opud
1042 3989 1208 4058 gramaticus]
1231 3992 1353 4057 Virpiit'ua
1369 4009 1396 4057 p.
1414 3996 1467 4043 136

169 4060 223 4112 M.:
241 4059 402 4109 accusatione
421 4073 496 4107 casus
514 4058 545 4106 nit
563 4058 612 4107 hoc
630 4071 743 4118 uocatur,
761 4060 821 4121 quia
840 4060 916 4108 uerbo
934 4059 1021 4109 haeret
1038 4061 1133 4109 octiuu:
1153 4073 1178 4109 et
1190 4061 1275 4109 uerius
1287 4059 1379 4122 dicum,
1391 4076 1465 4109 accu-

169 4128 268 4178 satiuus
287 4129 344 4191 ipse
361 4127 459 4175 octiuus
477 4127 532 4178 erit.
601 4129 634 4177 23
652 4128 798 4191 preteritum
867 4131 900 4177 tt
918 4128 1162 4177 accusatiuonddito
1229 4126 1463 4192 detrinentum]

170 4194 303 4256 Qutcltoec
313 4195 420 4258 dtl‘cert't,
430 4211 480 4245 non
489 4197 600 4257 inuento,
613 4195 647 4256 es.
658 4197 741 4244 Prisc.
753 4195 788 4244 II
798 4212 825 4259 p.
836 4198 894 4256 2⁶7,
906 4199 947 4246 12.
959 4200 989 4245 ld
1041 4198 1074 4245 26
1092 4196 1174 4244 uctiuo
1192 4206 1216 4244 ει
1233 4195 1376 4244 demodinm
1396 4211 1466 4245 cont·

172 4264 257 4313 munis
326 4265 359 4312 27
377 4263 410 4312 do
429 4278 459 4312 co
528 4266 560 4311 ⁴28
579 4264 677 4313 omittor
696 4263 778 4312 bouus
847 4266 879 4314 ‘ts
898 4280 973 4328 greco
991 4278 1096 4313 necesso
1164 4267 1298 4327 ddcycero
1350 4275 1467 4314 accusate

172 4334 203 4382 31
225 4333 358 4380 terrentius
410 4332 534 4379 accusatis
555 4333 727 4396 penitentium.
765 4331 802 4380 De
821 4348 850 4382 eo
868 4335 923 4382 loeo
941 4333 1123 4395 efiVirpitt‘mu
1140 4332 1208 4381 Maii
1222 4335 1331 4396 ρ.135.·
1349 4332 1466 4395 Plerique

170 4412 314 4450 nostrorum
332 4398 382 4447 hcc
401 4398 504 4448 uerbum
524 4399 697 4461 i'requentent,
715 4399 765 4448 hoc
783 4411 822 4447 ost
838 4400 984 4449 nocusuudi.
1020 4399 1106 4448 Cicero
1125 4401 1215 4448 etenim
1234 4399 1306 4449 dicit:
1335 4405 1464 4450 ‘accusate

170 4467 240 4528 quod
258 4478 352 4516 rectum
372 4471 431 4527 est',
450 4467 517 4515 idest
534 4467 615 4529 agitet
643 4474 712 4531 etp.
732 4470 764 4516 18
783 4473 833 4516 not.
855 4468 990 4528 (iuinsredt‘
1006 4483 1042 4516 ex
1063 4466 1171 4530 Virpt'tt'o
1189 4476 1352 4532 excerptum:
1383 4473 1464 4517 Accu-

169 4536 269 4585 satiuus
287 4535 319 4583 ait
337 4535 394 4584 otiis
413 4535 512 4583 actious
531 4546 644 4592 uocatur,
664 4536 722 4596 quio
733 4534 842 4597 Virgilio
861 4545 968 4583 testante
986 4550 1000 4582 ιι
1019 4534 1095 4583 nerim
1113 4549 1216 4598 accuso,
1234 4536 1299 4584 idest
1316 4550 1376 4600 ugo,
1397 4536 1463 4586 deri-

171 4613 252 4652 untur.
277 4603 338 4651 iudo
352 4601 439 4653 Cicero
452 4602 512 4651 dicit
525 4612 571 4655 etr.
586 4629 616 4637 -
630 4601 678 4650 iroc
696 4617 735 4651 ost
753 4603 838 4666 agitis.
877 4603 1041 4662 Goittsreduut
1058 4606 1139 4665 ipsunt
1157 4618 1206 4653 uon
1224 4606 1348 4667 epistulae
1365 4607 1463 4668 primae

169 4673 247 4722 Iocum
265 4675 351 4722 nescio
369 4687 439 4735 quent
457 4687 522 4720 nunc
539 4671 706 4733 deperditum,
725 4671 772 4720 sed
789 4672 911 4730 epitomae
925 4669 1001 4719 VIII
1009 4687 1035 4735 ρ.
1049 4673 1100 4720 135
1112 4673 1261 4735 respexisse
1273 4673 1321 4720 iuro
1333 4675 1365 4722 A.
1378 4672 1464 4723 Maius

168 4741 295 4791 intellexit
313 4756 338 4802 p.
359 4741 410 4788 136
428 4747 481 4791 not.
551 4741 583 4789 32
602 4739 661 4800 quiu
679 4753 725 4804 per
743 4735 812 4802 eum]
833 4737 881 4787 Est
900 4738 998 4788 Isidori
1014 4740 1126 4802 definitio
1144 4742 1161 4789 t.
1180 4741 1207 4805 i.‚
1227 4741 1261 4801 rf.
1283 4742 1384 4789 13—19
