3420 5378
701 1118 834 1198 IIII

259 1365 522 1464 PRIMAE
548 1363 1028 1465 EXPOSITIONES
1056 1363 1277 1463 sutton

157 1534 247 1632 DE
272 1533 632 1633 PRIORIBVS
657 1534 916 1633 DONATI
942 1529 1377 1631 GRAMMATICI

528 1703 727 1803 VRBIS
754 1703 1002 1802 ROMAE.

206 2126 218 2208 Η
236 2126 255 2186 l.
274 2122 354 2185 140⁵
370 2124 383 2207 ll
409 2125 512 2186 Oratio
539 2135 584 2187 est
606 2128 666 2187 oris
693 2129 786 2196 ratio,
816 2126 894 2187 idest
917 2128 979 2187 oris
1002 2124 1162 2206 eloquutio‚
1209 2121 1413 2203 Eloquutionis

117 2227 350 2305 significationes
373 2237 439 2287 octo
462 2234 531 2288 sunt
554 2234 682 2296 tantum;
713 2227 853 2309 quicquid
877 2227 1040 2304 loquimur,
1070 2226 1132 2287 vtlt
1156 2226 1244 2287 lrabet
1267 2225 1413 2303 significu-

108 2330 229 2399 tioueS,
257 2325 324 2408 plus
353 2345 410 2388 non
440 2327 537 2388 lrabet.
582 2328 635 2390 llic
657 2329 735 2407 quod
758 2332 803 2390 uis
825 2329 861 2389 de
884 2329 929 2389 liis
952 2336 1033 2389 octo:
1067 2322 1204 2389 inuenies
1231 2336 1282 2388 aut
1304 2343 1413 2386 nomen

119 2437 169 2491 aut
190 2446 355 2508 pronomen
379 2436 429 2489 aut
449 2429 575 2492 uerbum
598 2438 629 2491 ει
651 2439 760 2492 cetera.
792 2432 827 2491 Vt
849 2436 918 2511 puta
941 2432 966 2490 si
988 2430 1070 2490 dicas
1084 2426 1165 2489 ‘uolo
1188 2430 1233 2489 ire
1255 2427 1291 2487 ad
1313 2427 1411 2487 lorum

92 2540 148 2593 bet
171 2529 276 2592 uidere
297 2531 447 2601 amicum’,
471 2529 540 2591 uolo
562 2530 688 2592 uerbum
711 2541 768 2601 est,
791 2533 837 2591 ire
860 2531 985 2593 uerbum
1008 2540 1066 2598 est,
1095 2530 1131 2591 ad
1154 2530 1336 2609 praepositio
1358 2534 1411 2594 est,

118 2632 216 2692 lorum
232 2650 340 2693 nornen
357 2641 411 2700 est,
429 2639 458 2692 et
473 2633 641 2693 coniunctio
657 2640 710 2693 est.
743 2633 811 2693 ldeo
827 2649 898 2710 ergo
915 2632 1052 2692 delinitae
1066 2632 1105 2690 ita
1122 2638 1193 2690 sunt
1213 2627 1412 2709 eloquutionis

119 2740 238 2793 nostrae
260 2741 361 2811 partes
384 2730 459 2803 Vlll,
489 2737 579 2812 qaia,
607 2734 747 2815 quicquid
771 2733 936 2812 loquimur,
959 2732 1021 2793 Vlll
1050 2729 1142 2790 habet
1169 2732 1411 2809 significationes.

118 2834 217 2907 Quare
239 2835 280 2895 ita
304 2842 425 2896 uocatae
452 2842 537 2904 sunt,
566 2835 642 2895 dico.
687 2835 803 2897 Nomen
826 2834 935 2895 dictum
960 2842 1003 2894 est
1024 2832 1080 2893 lrac
1102 2834 1231 2902 ratione,
1261 2829 1340 2908 qrrod
1365 2847 1412 2890 res
1487 2867 1490 2872 -

118 2936 274 2997 uniuersas
302 2934 387 2996 nohis
415 2944 500 2997 notas
527 2937 680 3012 significat.
726 2935 811 2997 Nulla
838 2937 917 2996 enim
946 2955 996 2997 res
1024 2942 1083 3003 est,
1118 2951 1194 3013 quae
1221 2948 1329 2994 nomen
1351 2947 1410 2991 non

79 3053 105 3093 ro
119 3035 242 3108 habeat,
266 3036 344 3097 unde
367 3039 446 3098 scire
468 3054 635 3117 possumus,
659 3056 718 3117 quo
740 3039 829 3099 modo
851 3045 976 3098 uocetur
997 3082 1131 3097 .....
1153 3035 1209 3096 nisi
1232 3032 1410 3096 audiremus.

117 3138 196 3218 Ergo
217 3137 400 3217 singularum
425 3146 468 3198 est
491 3156 591 3199 rerum
614 3140 726 3200 notitia.
758 3139 800 3200 lle
824 3140 943 3198 nomine
958 3154 1124 3218 pronomen
1139 3136 1283 3196 nascitur.
1313 3134 1411 3204 Quare

118 3248 216 3302 autem
245 3257 411 3320 pronomen
440 3237 551 3300 dictum
580 3241 618 3300 sit
645 3248 694 3300 aut
721 3240 865 3311 uerbum,
899 3243 963 3301 suis
996 3238 1069 3300 locis
1102 3238 1245 3299 dicemus.
1296 3235 1411 3296 Nomen

117 3340 188 3419 quid
211 3342 264 3415 sit,
293 3359 381 3401 nemo
403 3342 446 3400 sic
468 3340 614 3412 deliniuit,
645 3340 894 3421 quemadmodum
917 3341 1082 3402 llouatus
1105 3342 1159 3400 ait:
1197 3338 1334 3399 Nomen
1357 3345 1412 3396 est

118 3460 203 3522 pars
219 3443 402 3503 orationis
418 3459 496 3502 cum
513 3460 599 3503 casu
623 3461 760 3522 corpus
775 3450 835 3504 aut
850 3460 923 3503 rem
939 3444 1095 3523 proprie
1117 3439 1411 3504 communiterue

79 3543 354 3622 nsigniiicans.
398 3542 517 3605 Nullum
540 3547 620 3604 onim
645 3562 752 3605 nomen
774 3551 872 3624 potest
892 3545 956 3605 sinc
979 3563 1049 3605 casu
1070 3544 1215 3616 inueniri,
1244 3540 1321 3601 idest
1347 3539 1417 3599 sino

117 3662 239 3705 casuum
268 3643 476 3705 declinatione.
521 3644 635 3706 Nomen
652 3654 713 3733 ¹aut
740 3645 895 3724 corporale
923 3654 974 3706 aut
1000 3645 1197 3727 incorporale.
1251 3640 1411 3721 Corporale

118 3754 177 3816 est,
206 3744 286 3826 quod
311 3745 405 3806 uideri
427 3755 456 3806 et
477 3748 559 3824 tangi
582 3754 692 3826 potest,
717 3756 839 3826 utputa
863 3766 1017 3809 scamnum
1041 3757 1070 3808 et
1092 3746 1160 3808 ulia:
1191 3753 1220 3807 ει
1242 3744 1359 3806 uidetur
1382 3749 1412 3802 ει

118 3849 248 3926 tangitur
272 3856 301 3909 et
322 3846 478 3926 corporale
501 3855 554 3909 est.
599 3849 789 3925 incorporale
817 3858 916 3910 autem
940 3859 998 3919 est,
1028 3848 1107 3929 quod
1135 3867 1191 3910 nec
1213 3845 1333 3907 uidetur
1356 3861 1412 3905 nec

32 3958 35 3963 '
118 3951 264 4029 tangitur,
289 3957 322 4010 ut
343 3958 414 4027 puta
436 3950 530 4029 pietas
552 3950 663 4010 iustitia
687 3949 824 4027 dignitas.
869 3951 927 4011 Sed
950 3950 1118 4030 philosophi
1135 3930 1228 4010 'aliter
1250 3945 1410 4026 disputant.

186 4238 249 4291 Cori.
270 4237 351 4288 Bera.
371 4239 422 4285 207
437 4238 462 4299 f.
480 4237 658 4288 urob-uc·
732 4238 828 4289 Titulus
845 4237 891 4288 aad
908 4241 1001 4289 calcem
1017 4238 1064 4301 soi.
1084 4239 1150 4287 uo·
1168 4238 1191 4287 ie
1208 4244 1258 4289 eat:
1285 4235 1413 4301 incipiunt

117 4319 193 4405 praue
209 4338 348 4405 explicues
366 4353 433 4404 serg.
452 4339 483 4388 de
500 4319 584 4408 horim
602 4339 690 4388 donati
703 4339 836 4405 grimanei
849 4339 919 4389 urbis
937 4353 1035 4398 romae;
1052 4340 1099 4402 sot.
1112 4336 1181 4388 110b
1198 4355 1264 4393 maa.
1277 4353 1331 4388 ree.
1343 4351 1412 4388 saer.

117 4441 176 4491 XV
189 4442 311 4506 scriptam
328 4447 380 4490 ert:
399 4442 481 4505 prime
498 4436 595 4504 expoes
615 4442 694 4505 sergii
712 4442 744 4490 de
762 4421 844 4506 plorilfl
862 4441 958 4492 donati.
1035 4443 1048 4490 1
1068 4439 1155 4491 Oratio
1174 4436 1223 4504 est]
1244 4440 1278 4501 ef.
1299 4434 1408 4504 [Serpit]

116 4512 221 4586 explan.
240 4511 267 4558 in
284 4510 410 4559 Donatum
426 4525 453 4573 p.
472 4510 581 4571 187,23
598 4508 701 4573 reali.
771 4509 949 4572 eloquutiones
1017 4507 1165 4558 6diiluitae
1233 4506 1411 4569 eloquutiones

117 4592 161 4626 rire
211 4578 227 4627 ‘l
246 4578 306 4638 quia
323 4578 415 4626 addidi
475 4577 507 4626 10
524 4591 583 4637 quu.
595 4590 699 4625 uocetnr
718 4578 767 4625 nisi
785 4576 942 4640 arrdiremusl
960 4578 1090 4626 Lacunam
1107 4578 1226 4637 inelimati,
1240 4577 1299 4641 qaia
1311 4580 1411 4623 auctor:

116 4645 201 4706 ‘qrrod
221 4659 271 4694 non
289 4645 413 4693 sciremus
432 4645 481 4693 nisi
500 4644 604 4692 nomino
621 4646 784 4694 andiremus'
803 4649 843 4695 ael
859 4647 938 4695 aimile
956 4647 1018 4710 qaid
1033 4646 1168 4707 resipuisse
1186 4645 1313 4707 pictantias
1330 4649 1377 4691 eat.

118 4709 371 4777 taurominitana
442 4714 473 4762 13
486 4709 613 4778 Dortutus]
631 4728 658 4776 p.
669 4715 758 4776 373st
813 4714 842 4762 14
861 4715 980 4779 propriae
998 4713 1171 4762 uonrrnritorne
1240 4713 1272 4761 19
1290 4707 1412 4775 dlosoplti
