3420 5378
485 158 493 191 ι

619 227 667 278 DE
687 227 806 280 misius
825 229 1084 281 Bunuuusmvs.

647 461 687 566 2)
717 470 806 543 (ind.
833 471 948 577 Bern.
975 470 1059 544 123.

294 636 362 696 Coti.
387 635 481 695 Bern.
507 642 562 695 123
582 652 664 697 socc.
687 638 722 696 X
743 637 849 711 forma
870 641 1005 698 maxima
1027 640 1072 698 nit
1091 642 1152 700 nisi
1169 643 1389 715 promnaticos
1411 644 1519 708 libros

207 738 362 797 continens
384 736 471 810 soliis
499 737 677 798 CXXVIII
699 745 832 800 constat:
858 740 913 799 sed
938 747 968 799 et
987 742 1019 800 in
1041 743 1127 802 initio
1149 753 1177 801 et
1199 744 1230 802 in
1248 746 1312 815 fine
1332 743 1405 803 bina
1423 744 1517 817 folia

207 840 351 899 adiuncta
372 845 443 899 sunt
469 840 576 899 Incero
598 840 774 900 condicione
794 842 916 901 saeculo
944 845 1047 916 quinto
1074 845 1125 903 nei
1150 851 1236 903 sexto
1263 846 1381 920 scripto
1409 848 1516 907 ecele-

205 942 322 1000 siastici
341 943 520 1014 nrpnrnenti.
567 941 670 1002 osaea
692 942 779 1001 etab
801 943 887 1002 initio
908 944 988 1001 etin
1015 946 1077 1016 pina
1102 946 1257 1006 mutilatus
1285 948 1356 1006 oiim
1378 947 1516 1008 Floria·

205 1044 300 1103 certeis
322 1043 405 1102 Petri
424 1042 559 1102 Danielis
557 1087 574 1125 2
598 1044 685 1104 enim
705 1058 798 1103 mann
820 1044 913 1104 nnita
934 1045 966 1102 in
988 1047 1176 1120 nominibus
1199 1049 1317 1123 scripta
1337 1054 1418 1121 sant,
1443 1056 1514 1111 tuna

205 1144 372 1218 Bonparsii
387 1142 468 1218 snit,
492 1146 578 1205 cuins
598 1160 705 1205 nonen
728 1147 759 1205 in
778 1147 881 1220 prima
895 1151 925 1205 et
939 1148 970 1206 in
993 1148 1098 1206 altino
1115 1150 1236 1222 popina
1257 1150 1380 1222 lepitnr.
1421 1149 1512 1220 Qua·

204 1248 369 1306 ternionnn
390 1248 479 1322 sipna
500 1248 687 1321 repnioriter
702 1249 807 1322 posita
823 1255 892 1306 snnt
912 1249 983 1308 inde
998 1265 1018 1308 a
1034 1247 1064 1320 f.
1081 1244 1116 1306 8⁶
1131 1244 1198 1330 (II)
1215 1267 1308 1325 nsque
1322 1251 1366 1309 aa
1382 1248 1412 1322 f.
1432 1250 1513 1311 128⁶

204 1344 251 1428 (X
259 1345 333 1426 VII)
353 1350 466 1424 passim
484 1348 648 1424 putredine
669 1350 782 1417 deleta,
805 1348 860 1409 sed
878 1350 1044 1410 rnoseimnrn
1062 1357 1185 1426 partem
1207 1357 1375 1426 ternportan
1398 1355 1510 1427 aequi-

203 1457 264 1509 tate
289 1456 481 1510 conseruata.
527 1451 661 1511 Primnrn
688 1452 782 1525 ipitnr
809 1451 910 1526 operas
937 1453 1165 1527 quaternionem
1194 1454 1381 1514 intercidisse
1404 1462 1508 1529 patet,

203 1553 288 1611 cuins
309 1560 516 1625 arpnrnentnn
539 1561 639 1613 ntrnn
661 1554 923 1629 casalensem,
946 1568 966 1611 a
988 1570 1049 1627 qna
1071 1553 1148 1613 liber
1169 1555 1293 1629 incipit,
1317 1562 1412 1614 artent
1430 1571 1509 1631 per·

203 1655 342 1721 tinuerit,
365 1670 405 1714 on
427 1655 491 1714 ntia
513 1671 631 1730 qnoque
650 1656 767 1730 scripta
788 1657 970 1732 conplexum
988 1654 1097 1728 fuerit,
1121 1653 1250 1727 dispicite
1263 1662 1307 1715 est
1322 1655 1506 1726 diiudicatur,

202 1756 257 1815 sed
269 1772 337 1817 carm
351 1772 388 1814 ea
402 1774 468 1824 ars,
491 1773 553 1832 qna
568 1772 649 1817 nnnc
662 1756 791 1816 nabetur
801 1754 926 1833 sorno,
949 1759 1009 1816 iarn
1032 1774 1052 1816 a
1073 1757 1182 1817 litteris
1202 1758 1363 1817 exordium
1384 1761 1505 1835 capiat,

203 1859 394 1918 uerisimilius
414 1866 457 1918 est
477 1860 541 1917 alia
563 1873 680 1934 qnoque
701 1859 904 1918 antecessisse.

287 1958 439 2033 Itnpues.
460 1965 493 2016 ι’
510 1948 550 2001 4
561 1958 591 2033 s.
610 1956 678 2018 31⁶:
702 1959 900 2019 Clementis
913 1959 1032 2034 Scoti,
1057 1962 1111 2036 qni
1131 1965 1269 2032 nocotnr,
1294 1977 1348 2019 ars
1361 1966 1449 2020 extat
1463 1963 1505 2021 air

202 2061 287 2120 initio
306 2063 426 2121 mutila:
456 2067 502 2119 est
524 2056 570 2139 ap'
594 2060 716 2120 latinum
741 2058 831 2138 (corr.
855 2060 921 2138 —os)
950 2060 1030 2121 nunde
1058 2061 1187 2121 latinitas
1215 2066 1279 2120 nuta
1309 2068 1362 2121 est.
1408 2060 1507 2123 Maior

203 2161 329 2241 populus
352 2171 380 2221 et
402 2162 494 2240 magis
517 2161 644 2240 egregiis
666 2160 779 2221 artibus
801 2160 917 2241 poliens
940 2163 1014 2221 tusci
1039 2162 1157 2251 inerunt
1181 2165 1234 2239 qui
1258 2144 1294 2220 de
1317 2171 1420 2222 natura
1444 2160 1505 2224 iin-

202 2281 278 2340 guae
301 2281 371 2324 suae
394 2282 416 2324 s.
441 2261 569 2324 litteram
593 2280 661 2324 raro
684 2270 866 2343 expromunt.
891 2261 946 2339 hec
968 2281 1018 2324 res
1041 2281 1104 2324 eam
1122 2264 1192 2326 iecit
1214 2261 1325 2323 habere
1347 2261 1506 2342 liquidam.

288 2353 351 2425 Hoc
372 2364 525 2425 sciendum
549 2363 626 2443 quod
650 2366 706 2425 ista
727 2362 841 2424 ⁸littere
862 2397 905 2408 —
927 2364 977 2425 Est
999 2367 1087 2426 etiam
1112 2364 1287 2443 abnegatiua
1311 2375 1342 2426 ιιῑ
1364 2383 1505 2429 securus.

203 2464 343 2527 Preterea
359 2468 467 2527 seorsit
489 2464 665 2527 aduerbinm
681 2485 741 2526 ase
757 2476 789 2524 ιιι
805 2483 820 2525 a
837 2465 874 2526 de
890 2464 1030 2526 deorsum
1048 2475 1078 2527 et
1093 2485 1108 2527 a
1124 2484 1214 2546 super
1229 2485 1356 2527 sussum.
1396 2465 1505 2528 ilum
1536 2490 1540 2495 ’

203 2566 245 2638 δε
267 2567 572 2637 ΡΗΕΡΟὸΙΤΙΟΝΙΒς
618 2570 714 2629 Manu
746 2569 911 2627 recentiori
940 2571 1078 2643 quamuis
1116 2571 1191 2629 sotis
1229 2571 1356 2645 antiqua
1388 2585 1505 2644 super-

200 2672 411 2748 scriptumest
432 2650 497 2732 Lffi
517 2671 565 2732 DE
590 2669 744 2749 inuitos
758 2648 935 2730 ousiioti
944 2677 975 2730 et
994 2687 1086 2746 snper
1106 2670 1165 2731 Itoc
1184 2686 1292 2744 manat,
1314 2680 1348 2731 nt
1367 2671 1503 2748 uidetur,

200 2779 289 2835 etiarn
311 2776 475 2835 recentiori
495 2770 706 2834 cenninus
730 2768 853 2835 scoti.
876 2770 921 2845 cs.
940 2773 1036 2834 Keilii
1050 2772 1157 2848 praes.
1174 2771 1218 2831 od
1235 2772 1351 2834 Charis.
1366 2789 1500 2849 pronam.

201 2878 301 2937 Latin.
324 2877 386 2936 noi.
411 2877 480 2950 Ip.
504 2874 586 2934 XIX
612 2883 641 2934 et
663 2877 701 2935 oe
723 2875 880 2934 Clementis
902 2875 987 2936 Scoti
1006 2878 1127 2936 nomine
1148 2877 1218 2936 ibid.
1238 2893 1272 2951 p.
1297 2877 1361 2939 XX
1382 2883 1443 2936 not.
1470 2885 1502 2937 et

199 2993 386 3053 propramm.
406 2977 532 3050 Erinnp.
551 2982 627 3033 1868
645 2993 678 3050 p.
698 2983 741 3034 tl.
787 2975 1004 3049 oxcnpntmm
1018 2993 1059 3037 eac
1073 2979 1133 3036 icoc
1147 2984 1216 3035 arte
1230 2980 1377 3037 nortrtretla
1388 2978 1499 3052 praes.

196 3076 302 3154 portis
323 3074 433 3137 tertiae
453 3084 523 3153 sect.
548 3076 599 3154 ΙΙ,
623 3076 691 3150 III,
715 3077 749 3144 V,
780 3077 833 3154 VI,
857 3078 899 3149 X,
924 3078 983 3136 XI.

288 3179 361 3240 Turn
383 3182 517 3254 seqnitur
538 3179 624 3237 nulio
640 3181 801 3254 proposita
823 3180 1017 3252 inscriptione
1030 3194 1085 3237 ors
1105 3178 1289 3251 quaedam
1313 3194 1501 3255 anonyma

198 3283 226 3355 s.
251 3281 301 3341 31⁶
316 3317 357 3326 -
367 3281 397 3356 s.
416 3288 481 3350 53⁶,
505 3297 583 3356 qnae
605 3280 705 3339 neritis
727 3283 757 3340 in
776 3282 839 3353 fine
855 3281 978 3355 positis:
1001 3278 1062 3338 Nec
1079 3275 1146 3355 (lep.
1163 3277 1248 3355 hanc)
1271 3295 1358 3359 quam
1383 3279 1500 3339 breuis-

201 3386 274 3445 sime
307 3385 418 3445 nostris
451 3383 552 3462 pueris
585 3380 679 3459 legem
699 3380 956 3458 vinterrogationis
984 3399 1019 3440 ex
1048 3379 1154 3441 Donati
1188 3390 1251 3442 arte
1279 3382 1498 3460 promulgatam

200 3485 431 3564 conscripsimus
453 3488 520 3560 ipsa
547 3486 585 3544 de
605 3500 638 3543 sc
663 3485 844 3560 praedicnt,
876 3499 989 3542 mernrn
1011 3499 1067 3544 nos
1088 3482 1238 3544 Donatum
1261 3484 1310 3543 iiic
1332 3485 1395 3544 iilic
1416 3481 1498 3541 diia-

199 3595 292 3648 tnturn
319 3588 546 3662 expositumque
572 3586 710 3646 manibus
737 3595 849 3646 tenere.
894 3585 991 3660 Atque
1020 3585 1077 3646 Iroc
1103 3587 1199 3660 apaten
1223 3588 1297 3646 Iocis
1318 3583 1497 3661 qnibnstinrn

199 3692 327 3750 conlatis
341 3687 556 3763 conprobatur.
589 3688 656 3746 Iam
674 3689 779 3763 prino
795 3690 872 3747 artis
887 3687 980 3746 nain
996 3688 1109 3747 Donati
1123 3690 1199 3747 artis
1220 3689 1345 3746 maioris
1367 3687 1495 3756 nestipia

200 3792 279 3851 oeteo
295 3795 453 3864 premunt,
477 3798 509 3848 nt
527 3797 653 3864 praeter
673 3791 890 3862 interropantti
909 3796 938 3847 et
958 3790 1162 3865 respondendi
1177 3787 1314 3862 sormam
1333 3790 1378 3846 nii
1397 3802 1496 3862 paeane

200 3895 275 3953 noni
294 3892 446 3952 addatur:

285 4007 293 4091 {i
309 4013 327 4068 i.
344 4005 403 4070 31¹³
418 4005 426 4090 ξ
448 4011 516 4081 Qun
540 4020 582 4070 est
604 4013 674 4069 tinxi
711 4016 763 4070 iar
785 4017 855 4070 ictus
878 4012 1015 4070 sensimus
1038 4022 1170 4088 quantum
1195 4013 1219 4068 in
1244 4015 1304 4086 ipsn
1326 4020 1377 4068 est.
1422 4009 1495 4076 Quos

201 4096 295 4173 (quoti)
323 4098 473 4154 divisiones
501 4097 598 4154 habet?
643 4099 710 4154 Duas
739 4099 911 4173 principales.
958 4096 1048 4165 Quasi
1084 4097 1259 4154 Articuiatam
1289 4106 1317 4152 et
1343 4095 1494 4152 confusam.

200 4184 273 4252 Quae
296 4193 338 4239 est
360 4182 521 4239 articulata?
556 4181 630 4250 Quae
652 4183 734 4240 scribi
757 4193 859 4257 potest.
903 4182 976 4251 Qun
998 4183 1129 4240 confusa?
1152 4181 1226 4249 Quae
1248 4181 1330 4238 scribi
1355 4197 1407 4236 non
1432 4188 1494 4253 poi·

158 4298 162 4309 ·
200 4280 251 4325 est.
296 4268 384 4324 Litern
414 4269 477 4342 quisi
508 4269 567 4324 usti
611 4268 676 4324 i'nns
704 4267 812 4324 minima
842 4269 917 4324 tineis
946 4268 1112 4325 articulatae.
1156 4265 1228 4334 Quot
1257 4274 1320 4321 sunt
1343 4266 1493 4321 diuisiaues

198 4354 369 4412 litterarum?
397 4354 466 4409 itanu
483 4353 653 4427 principales.
684 4351 776 4419 Quae?
801 4352 911 4409 Vocatus
927 4363 953 4407 ei
969 4361 1160 4410 consonantes.
1199 4348 1492 4418 Quotsuntuocaies?

199 4439 332 4515 Quinque.
363 4437 454 4506 Quae?
478 4444 496 4493 Α
514 4440 551 4494 ei
569 4456 584 4492 0
602 4456 627 4495 ιι.
665 4436 737 4505 Quot
752 4455 782 4493 ex
799 4438 841 4493 nis
865 4446 1007 4494 transcunt
1029 4439 1055 4493 in
1079 4435 1287 4492 consonantium
1310 4433 1492 4508 potestatem?

199 4527 277 4582 tinae.
322 4523 411 4592 Quae?
450 4524 457 4578 Ι
481 4533 508 4578 et
531 4541 557 4579 u.
600 4520 711 4590 Quando
741 4532 882 4579 transeunt
911 4525 937 4578 in
965 4539 1047 4596 supra
1075 4522 1173 4577 dictam
1203 4519 1382 4592 potestatem?
1426 4519 1492 4574 Cum

199 4614 270 4667 inter
298 4628 328 4666 se
356 4611 542 4684 genninantnn,
572 4619 618 4664 ant
646 4626 706 4664 cum
735 4608 794 4664 aliis
822 4607 963 4664 uocniibus
992 4608 1152 4679 iunguntur.
1196 4605 1230 4660 iia
1253 4604 1382 4679 exempla.
1427 4604 1493 4660 iuno

200 4706 276 4752 states
299 4703 361 4768 etc,
383 4694 424 4770 cs.
445 4693 555 4751 Donati
575 4701 629 4751 art.
652 4692 689 4751 II
706 4712 735 4766 p.
760 4698 827 4763 367,
853 4696 962 4748 5-14,
