3420 5378
285 316 334 361 1111
708 260 756 351 ot:
778 299 1176 353 31337333333331333.

282 488 466 566 perspectis,
489 506 567 563 quae
589 506 628 548 33
650 486 778 562 reliquis
798 488 941 560 plossarii
956 486 1100 564 partious
1115 485 1235 564 passim
1256 485 1341 548 cotto
1362 496 1432 548 sartt
1454 506 1473 546 a
1498 488 1582 549 Maio

285 597 314 651 et
340 593 488 651 Kettuero
516 606 653 666 quaeque
679 588 744 665 ipse
770 587 803 648 in
832 588 938 650 codice
966 587 1154 649 Einsicllensi
1185 587 1306 659 inueni,
1337 596 1464 664 praeter
1493 589 1583 650 Pauli

284 690 409 752 Albulis
425 687 484 772 (cs.
501 689 582 752 Maii
597 702 677 754 actct.
701 691 768 750 Vat.
791 691 837 750 VI
853 708 884 766 p.
903 696 958 748 338
980 697 1009 750 et
1030 688 1120 762 infra
1137 690 1244 767 praes.
1262 691 1302 751 II
1311 709 1381 768 cop.
1401 690 1447 769 12)
1465 692 1584 751 Plocae

286 789 321 873 (l.
337 796 357 854 l.
378 812 411 869 p.
429 793 505 873 599),
529 792 675 854 librorum
698 789 818 852 Artium
841 793 882 864 (l.
898 794 918 852 l.
934 810 965 869 p.
982 789 1056 871 573)
1080 791 1217 853 :ludaeis
1240 791 1271 871 (l.
1286 793 1308 853 l.
1326 809 1360 868 p.
1379 793 1444 869 583)
1469 791 1583 867 aliquot

284 895 366 954 locos
396 912 456 955 non
484 896 577 955 credo
605 892 678 955 aliis
705 910 744 955 ac
769 910 867 969 supra
893 891 1072 955 enumerasti
1095 893 1234 966 fontibus
1258 891 1469 969 prommatt'cis
1491 900 1583 952 totum

284 994 395 1056 librum
422 995 587 1072 irripotum
611 995 720 1069 fuisse.
772 994 830 1055 His
857 996 958 1056 addas
986 994 1076 1071 quasi
1104 993 1325 1071 pneumatica,
1355 993 1383 1055 si
1408 998 1524 1071 placet,
1555 1001 1583 1054 et

285 1095 441 1160 Ciceronis
476 1116 643 1177 synonyma
675 1105 704 1158 et
739 1094 855 1157 scholio
891 1096 1058 1181 maximam
1092 1104 1211 1173 partem
1247 1095 1441 1173 Verpilc'ana,
1476 1096 1584 1171 quibas

284 1199 417 1260 collectis
440 1200 600 1277 deperdita
623 1205 885 1261 commentatorum
914 1197 1045 1274 Verpilii
1067 1208 1199 1260 ueterum
1227 1197 1346 1275 scripta
1374 1197 1480 1273 aliqua
1501 1205 1585 1258 certe

284 1318 324 1361 ex
349 1309 442 1375 parte
464 1300 611 1378 reparari
632 1320 723 1378 posse
744 1308 816 1361 ante
838 1309 898 1361 tres
919 1302 974 1362 hos
995 1317 1091 1361 annos
1111 1300 1204 1361 scltol.
1229 1301 1320 1360 Bern.
1342 1300 1447 1376 praes.
1470 1319 1502 1375 p.
1528 1306 1584 1357 733

283 1400 471 1477 sipuiticaui.
507 1405 571 1464 Sea
590 1406 628 1463 de
649 1402 698 1464 leis
719 1401 781 1464 alio
796 1410 825 1463 ct
839 1406 905 1464 loco
927 1409 956 1462 et
976 1409 1111 1478 tempore
1133 1418 1266 1477 apemus.

816 1622 1052 1638 -υ--γ-σ-

546 1826 584 1926 5)
613 1830 729 1903 codd.
757 1831 900 1901 Bernn.
928 1827 997 1899 417
1024 1831 1066 1898 et
1091 1828 1128 1898 A
1162 1827 1231 1914 92,
1259 1827 1321 1899 34.

371 1998 416 2057 Ile
440 1999 548 2059 litteris
576 2004 731 2078 tractatas
753 1999 827 2057 duos
848 2012 945 2076 supra
964 1995 1136 2065 edidimus,
1166 2011 1259 2055 unum
1287 1994 1374 2053 Petri
1392 1995 1584 2067 prammatici

286 2101 401 2159 coelicis
424 2106 496 2168 522,
521 2100 650 2160 alterum
674 2101 750 2159 artis
772 2112 941 2174 anonymae
963 2096 1126 2158 Bemensis
1147 2098 1260 2157 codicis
1284 2103 1350 2168 337,
1381 2111 1472 2169 quam
1500 2079 1586 2155 haud

284 2217 344 2261 uuo
366 2204 486 2261 momine
507 2200 594 2260 Petri
613 2203 691 2260 ortis
712 2201 872 2274 imapinem
894 2197 1015 2270 referre
1036 2200 1175 2258 uidimus.
1212 2197 1274 2258 Sea
1293 2204 1408 2256 restant
1428 2199 1459 2256 in
1480 2195 1583 2256 biblio-

283 2303 372 2362 tlseca
395 2304 548 2363 Beruensi
575 2303 636 2363 duo
658 2302 803 2377 opuscula
830 2301 960 2360 eiusdem
988 2303 1171 2373 craumeuti,
1202 2316 1282 2375 quac
1302 2300 1338 2358 ol
1360 2299 1394 2358 ta
1411 2300 1583 2374 praeterire

284 2404 436 2472 dubitaui,
466 2406 553 2479 quta,
577 2409 741 2478 postquam
768 2418 874 2461 earum
895 2417 998 2462 reram
1021 2404 1132 2463 mentio
1154 2403 1265 2462 iniecta
1287 2408 1347 2474 est,
1380 2415 1584 2475 quaecumque

284 2506 387 2565 eodem
405 2509 561 2582 pertinere
584 2504 734 2572 uidentur,
763 2504 794 2561 in
807 2520 908 2563 -uuum
930 2519 1038 2577 capere
1060 2505 1244 2564 utilissimam
1266 2519 1330 2563 esse
1352 2502 1495 2561 arbitror.
1510 2496 1539 2579 ²⁸)

369 2607 479 2667 Priore
506 2608 573 2665 loco
600 2605 876 2665 commemorandus
903 2613 947 2664 est
973 2606 1039 2665 coa.
1063 2609 1154 2666 Beru.
1181 2604 1428 2672 3173333132
1457 2619 1497 2662 coc
1524 2618 1583 2676 quo

191 2706 194 2713 ⁴
285 2709 442 2784 alphabeti
477 2708 581 2767 Latini
622 2708 891 2781 interpretamenta
934 2708 1162 2782 litterarumque
1200 2707 1404 2781 formationes
1447 2704 1584 2763 dictersas
1683 2703 1692 2714 ’

279 2828 314 2885 p.
340 2817 398 2867 302
419 2827 442 2868 s.
466 2816 495 2867 et
519 2814 576 2865 337
597 2825 621 2866 s.
644 2808 731 2866 edidi
751 2805 805 2886 (cs.
824 2807 930 2883 praef.
954 2808 994 2868 II
1011 2824 1080 2885 cap.
1107 2807 1170 2888 13):
1235 2852 1241 2863 .

370 2922 494 2986 3134Δ
520 2930 652 3004 suscipit
679 2929 855 3004 expositio
885 2911 926 2983 33
952 2915 1084 2986 [rueme
1105 2913 1286 3008 quomooo
1308 2930 1582 2982 soomuommuu

287 3017 345 3086 uel
373 3015 484 3105 quate
511 3032 658 3082 333333)
687 3011 858 3084 osseum
886 3036 991 3088 33333
1018 3038 1073 3089 se.

370 3149 515 3218 Quaeritur
537 3149 607 3202 euim
629 3150 690 3221 quis
712 3150 816 3223 primus
838 3149 943 3209 litteras
959 3152 1141 3211 Hebraeorum
1158 3149 1343 3228 dumosorum
1360 3148 1515 3205 Latinorum
1539 3147 1581 3203 331

286 3243 437 3291 ceterarum
460 3233 583 3305 gentium
604 3231 754 3290 udinueuit.
799 3235 920 3293 Tradunt
943 3239 1101 3313 quidam,
1124 3236 1197 3312 quod
1213 3236 1333 3308 spirante
1349 3234 1459 3290 Domino
1476 3231 1582 3305 Moyses

285 3319 392 3375 litteras
407 3316 546 3374 adinueuit
561 3317 633 3387 (cad.
649 3317 769 3391 aduenit)
784 3319 977 3379 Hebraeorum.
1015 3322 1048 3379 Et
1063 3322 1123 3379 alii
1138 3320 1232 3377 dicunt
1246 3317 1316 3393 apud
1334 3315 1492 3390 Hebria)eos
1509 3315 1583 3391 quod

284 3402 367 3459 Cinam
392 3402 519 3477 primitus
542 3418 586 3458 eas
609 3403 715 3460 inuenit
737 3414 764 3460 et
785 3415 880 3481 postea
905 3405 1038 3481 tradit(a)e
1060 3414 1124 3464 suut
1146 3405 1241 3477 Moysi.
1287 3403 1375 3460 lilouet
1399 3402 1582 3476 quosdam,

285 3487 445 3544 siluerunt
469 3485 598 3558 litter(a)e
625 3498 688 3545 ante
715 3488 848 3548 diluuium
875 3510 908 3549 au
930 3510 986 3550 non
1008 3494 1035 3548 in
1058 3491 1169 3566 propria
1197 3488 1306 3563 lingua,
1335 3490 1397 3562 quia
1420 3487 1506 3543 diuisa
1528 3503 1583 3541 non

288 3579 356 3630 erat.
406 3572 439 3627 Et
467 3573 507 3627 sic
536 3572 688 3646 credimus,
716 3577 789 3649 quod
817 3581 843 3634 in
872 3581 930 3654 ipsa
960 3574 1077 3650 liugua,'
1096 3591 1177 3649 quam
1205 3573 1287 3629 ddum
1314 3575 1440 3648 primitus
1468 3573 1583 3644 accepit,

287 3657 405 3714 luissent
432 3664 460 3711 et
490 3656 516 3710 in
544 3658 602 3729 ipsa
631 3659 723 3734 lingua
750 3663 823 3718 iuxta
845 3664 1014 3720 isidorum
1037 3660 1109 3732 (cod.
1133 3657 1256 3728 isodoro)
1281 3659 1417 3715 credimus
1444 3657 1471 3710 in
1501 3655 1582 3711 domo

287 3740 357 3798 iiber
385 3741 557 3796 remansisse.
602 3741 629 3799 Si
653 3745 759 3804 litterae
781 3756 843 3804 ante
865 3749 998 3804 diluuium
1021 3745 1145 3809 fuerunt,
1175 3743 1312 3816 quomodo
1335 3745 1362 3797 iu
1384 3740 1464 3796 undis
1487 3739 1583 3795 diluuii

287 3821 467 3896 reseruat(a)e
487 3834 552 3881 suut
574 3837 620 3884 aut
642 3831 730 3905 qualis
750 3835 899 3890 auotoritas
921 3830 1000 3888 uobis
1023 3830 1208 3898 demonstrat,
1237 3827 1310 3900 quod
1333 3826 1417 3882 [uisse
1439 3823 1582 3880 credimus.

288 3911 363 3968 Licet
385 3918 413 3966 et
435 3909 469 3964 in
491 3910 672 3972 chronicis
696 3918 797 3994 aliquid
820 3918 915 3976 exinde
934 3916 1044 3989 legitur,
1068 3913 1115 3969 sed
1132 3921 1219 3968 tamen
1234 3912 1310 3968 lose
1317 3910 1373 3986 phi
1390 3909 1461 3982 (coil.
1476 3907 1583 3982 ioseph)

289 3997 403 4051 historia
432 3994 511 4052 uobis
538 4007 613 4072 patet
636 4004 722 4076 ratio,
751 4004 824 4078 quod
847 4005 874 4058 in
897 3999 1002 4057 duabus
1025 3997 1161 4055 columnis
1183 4013 1215 4052 ex
1237 3996 1326 4071 lapide
1347 4004 1376 4052 et
1398 3993 1482 4051 latere
1506 3994 1583 4050 iactis

289 4079 377 4136 studia
408 4096 455 4136 sua
483 4087 721 4161 conscripserunt,
749 4104 783 4144 33
811 4089 985 4144 desereretur
1007 4082 1078 4156 (cod.
1101 4081 1312 4154 describeretur)
1340 4082 1485 4149 memoria,
1515 4094 1583 4152 quau

290 4166 425 4238 sapiesiter
455 4165 628 4228 inuenerunt.
677 4174 709 4230 Et
737 4175 777 4231 sic
805 4172 918 4229 dicitur:
953 4168 1014 4224 Sem
1042 4175 1070 4224 et
1097 4167 1188 4224 Enoch
1217 4168 1357 4223 audientes
1385 4183 1400 4221 a
1431 4163 1583 4220 senioribus

290 4250 1584 4330 mmmmnmmfflmmfflmmmfflmfflfflmmwm

291 4350 370 4391 unam
393 4339 485 4394 exeis
508 4356 568 4397 3333
590 4353 733 4400 uenturam
757 4342 884 4413 (euentus
901 4335 989 4415 cod),
1018 4339 1079 4396 ideo
1108 4338 1150 4394 his
1172 4335 1276 4393 duabus
1299 4336 1433 4393 columnis
1457 4341 1584 4390 constru-

291 4430 395 4477 xerunt.
440 4425 518 4499 dpud
546 4424 685 4503 GriaJecos
707 4427 835 4482 Cathsnus
862 4426 967 4480 inuenit
994 4425 1115 4494 litteras,
1146 4422 1193 4497 qui
1222 4424 1348 4493 regnauit
1369 4413 1381 4498 ΙΙ
1398 4419 1415 4475 i.
1434 4412 1507 4477 104ιι
1524 4411 1535 4494 {i
1557 4419 1584 4472 in

291 4501 415 4565 'lirebeiu
458 4511 536 4586 Apud
564 4512 676 4570 Latinos
704 4511 852 4567 Carmentis
882 4508 964 4566 nimio
985 4509 1137 4566 Nicostrata
1165 4514 1251 4563 mater
1273 4505 1397 4562 Euandri.
1442 4501 1584 4575 Quaut(a)e

300 4655 517 4671 Ἃ-

361 4757 388 4828 *J
406 4765 509 4815 decedit
527 4765 632 4828 quintus
650 4765 705 4815 eim
723 4766 825 4831 gesseris
843 4773 966 4814 tractatus
986 4762 1061 4810 liuius
1080 4759 1136 4807 libri
1155 4773 1181 4823 p.
1199 4760 1263 4813 221.
1284 4759 1315 4810 19
1333 4773 1387 4822 seq.
1404 4758 1555 4837 ‘diffini'
