<?xml version="1.0" encoding="UTF-8"?>
<!DOCTYPE html PUBLIC "-//W3C//DTD XHTML 1.0 Transitional//EN"
    "http://www.w3.org/TR/xhtml1/DTD/xhtml1-transitional.dtd">
<html xmlns="http://www.w3.org/1999/xhtml" xml:lang="en" lang="en">
 <head>
  <title>
</title>
<meta http-equiv="Content-Type" content="text/html;charset=utf-8" />
  <meta name='ocr-system' content='tesseract 3.04.00' />
  <meta name='ocr-capabilities' content='ocr_page ocr_carea ocr_par ocr_line ocrx_word'/>
</head>
<body>
  <div class='ocr_page' id='page_1' title='image "./grammaticilatin04keilgoog/grammaticilatin04keilgoog_0019.png"; bbox 0 0 3420 5378; ppageno 0'>
   <div class='ocr_carea' id='block_1_1' title="bbox 289 316 1179 378">
    <p class='ocr_par' dir='ltr' id='par_1_1' title="bbox 289 316 1179 378">
     <span class='ocr_line' id='line_1_1' title="bbox 289 316 1179 378; baseline -0.009 0"><span class='ocrx_word' id='word_1_1' title='bbox 289 331 380 378; x_wconf 83' lang='lat' dir='ltr'>XVIII</span> <span class='ocrx_word' id='word_1_2' title='bbox 707 319 757 369; x_wconf 84' lang='lat' dir='ltr'><em>DE</em></span> <span class='ocrx_word' id='word_1_3' title='bbox 776 316 898 369; x_wconf 83' lang='lat' dir='ltr'>LIBRIS</span> <span class='ocrx_word' id='word_1_4' title='bbox 916 316 1179 370; x_wconf 74' lang='lat' dir='ltr'><em>Bnssnuustnvs.</em></span> 
     </span>
    </p>
   </div>
   <div class='ocr_carea' id='block_1_2' title="bbox 246 507 1593 1687">
    <p class='ocr_par' dir='ltr' id='par_1_2' title="bbox 246 507 1593 1687">
     <span class='ocr_line' id='line_1_2' title="bbox 372 507 1593 584; baseline 0.003 -18"><span class='ocrx_word' id='word_1_5' title='bbox 372 508 558 583; x_wconf 83' lang='lat' dir='ltr'><em>Disereponl</em></span> <span class='ocrx_word' id='word_1_6' title='bbox 579 515 677 567; x_wconf 78' lang='lat' dir='ltr'><em>auton</em></span> <span class='ocrx_word' id='word_1_7' title='bbox 700 510 759 568; x_wconf 87' lang='lat' dir='ltr'><em>islo</em></span> <span class='ocrx_word' id='word_1_8' title='bbox 782 508 896 567; x_wconf 77' lang='lat' dir='ltr'><em>Donati</em></span> <span class='ocrx_word' id='word_1_9' title='bbox 921 510 1068 583; x_wconf 73' lang='lat' dir='ltr'><em>opuscolo</em></span> <span class='ocrx_word' id='word_1_10' title='bbox 1095 507 1243 568; x_wconf 77' lang='lat' dir='ltr'><em>obeditis</em></span> <span class='ocrx_word' id='word_1_11' title='bbox 1269 524 1503 584; x_wconf 77' lang='lat' dir='ltr'><em>saepenumero:</em></span> <span class='ocrx_word' id='word_1_12' title='bbox 1531 513 1593 570; x_wconf 89' lang='lat' dir='ltr'><em>inm</em></span> 
     </span>
     <span class='ocr_line' id='line_1_3' title="bbox 285 610 1592 687; baseline 0.003 -20"><span class='ocrx_word' id='word_1_13' title='bbox 285 611 316 667; x_wconf 87' lang='lat' dir='ltr'><em>in</em></span> <span class='ocrx_word' id='word_1_14' title='bbox 342 610 405 681; x_wconf 74' lang='lat' dir='ltr'><em>fine</em></span> <span class='ocrx_word' id='word_1_15' title='bbox 432 615 584 670; x_wconf 84' lang='lat' dir='ltr'><em>tractatos</em></span> <span class='ocrx_word' id='word_1_16' title='bbox 612 610 650 668; x_wconf 78' lang='lat' dir='ltr'><em>ele</em></span> <span class='ocrx_word' id='word_1_17' title='bbox 677 613 798 669; x_wconf 88' lang='lat' dir='ltr'><em>nomine</em></span> <span class='ocrx_word' id='word_1_18' title='bbox 824 611 936 669; x_wconf 81' lang='lat' dir='ltr'><em>similia</em></span> <span class='ocrx_word' id='word_1_19' title='bbox 965 612 1109 683; x_wconf 80' lang='lat' dir='ltr'><em>lepnutur</em></span> <span class='ocrx_word' id='word_1_20' title='bbox 1140 616 1231 684; x_wconf 83' lang='lat' dir='ltr'><em>utque</em></span> <span class='ocrx_word' id='word_1_21' title='bbox 1263 611 1333 682; x_wconf 87' lang='lat' dir='ltr'><em>illu,</em></span> <span class='ocrx_word' id='word_1_22' title='bbox 1368 627 1446 684; x_wconf 81' lang='lat' dir='ltr'><em>quoe</em></span> <span class='ocrx_word' id='word_1_23' title='bbox 1472 630 1507 687; x_wconf 86' lang='lat' dir='ltr'><em>p.</em></span> <span class='ocrx_word' id='word_1_24' title='bbox 1532 618 1592 671; x_wconf 83' lang='lat'><em>356</em></span> 
     </span>
     <span class='ocr_line' id='line_1_4' title="bbox 285 710 1590 790; baseline 0.002 -20"><span class='ocrx_word' id='word_1_25' title='bbox 285 712 404 770; x_wconf 85' lang='lat' dir='ltr'><em>Keilins</em></span> <span class='ocrx_word' id='word_1_26' title='bbox 425 727 465 770; x_wconf 87' lang='lat' dir='ltr'><em>eae</em></span> <span class='ocrx_word' id='word_1_27' title='bbox 486 712 593 772; x_wconf 84' lang='lat' dir='ltr'><em>coelice</em></span> <span class='ocrx_word' id='word_1_28' title='bbox 617 711 798 772; x_wconf 86' lang='lat' dir='ltr'><em>Monacensi</em></span> <span class='ocrx_word' id='word_1_29' title='bbox 818 712 922 781; x_wconf 79' lang='lat' dir='ltr'><em>edidit,</em></span> <span class='ocrx_word' id='word_1_30' title='bbox 948 714 980 772; x_wconf 85' lang='lat' dir='ltr'><em>im</em></span> <span class='ocrx_word' id='word_1_31' title='bbox 1001 712 1083 772; x_wconf 75' lang='lat' dir='ltr'><em>tnnc</em></span> <span class='ocrx_word' id='word_1_32' title='bbox 1105 713 1226 773; x_wconf 72' lang='lat' dir='ltr'><em>mollium</em></span> <span class='ocrx_word' id='word_1_33' title='bbox 1248 718 1409 787; x_wconf 85' lang='lat' dir='ltr'><em>concepto:</em></span> <span class='ocrx_word' id='word_1_34' title='bbox 1447 710 1461 770; x_wconf 87' lang='lat'>1</span> <span class='ocrx_word' id='word_1_35' title='bbox 1487 715 1590 790; x_wconf 85' lang='lat' dir='ltr'><em>singu·</em></span> 
     </span>
     <span class='ocr_line' id='line_1_5' title="bbox 285 808 1588 891; baseline 0.002 -21"><span class='ocrx_word' id='word_1_36' title='bbox 285 810 341 871; x_wconf 85' lang='lat' dir='ltr'><em>lari</em></span> <span class='ocrx_word' id='word_1_37' title='bbox 365 829 421 872; x_wconf 92' lang='lat' dir='ltr'><em>om.</em></span> <span class='ocrx_word' id='word_1_38' title='bbox 481 808 502 871; x_wconf 84' lang='lat'><em>2</em></span> <span class='ocrx_word' id='word_1_39' title='bbox 525 813 621 891; x_wconf 87' lang='lat' dir='ltr'><em>prima</em></span> <span class='ocrx_word' id='word_1_40' title='bbox 645 829 721 891; x_wconf 86' lang='lat' dir='ltr'><em>quae</em></span> <span class='ocrx_word' id='word_1_41' title='bbox 744 829 778 872; x_wconf 86' lang='lat' dir='ltr'><em>ae</em></span> <span class='ocrx_word' id='word_1_42' title='bbox 801 811 909 872; x_wconf 85' lang='lat' dir='ltr'><em>littoris</em></span> <span class='ocrx_word' id='word_1_43' title='bbox 932 813 1111 873; x_wconf 88' lang='lat' dir='ltr'><em>terminatur</em></span> <span class='ocrx_word' id='word_1_44' title='bbox 1135 821 1166 872; x_wconf 90' lang='lat' dir='ltr'><em>ut</em></span> <span class='ocrx_word' id='word_1_45' title='bbox 1190 811 1245 889; x_wconf 74' lang='lat' dir='ltr'><em>hec</em></span> <span class='ocrx_word' id='word_1_46' title='bbox 1267 831 1349 873; x_wconf 84' lang='lat' dir='ltr'><em>muso</em></span> <span class='ocrx_word' id='word_1_47' title='bbox 1416 810 1436 873; x_wconf 89' lang='lat'><strong>3</strong></span> <span class='ocrx_word' id='word_1_48' title='bbox 1459 813 1588 874; x_wconf 80' lang='lat' dir='ltr'><em>secunda</em></span> 
     </span>
     <span class='ocr_line' id='line_1_6' title="bbox 287 912 1586 1001; baseline 0.002 -28"><span class='ocrx_word' id='word_1_49' title='bbox 287 930 363 990; x_wconf 88' lang='lat' dir='ltr'><em>quae</em></span> <span class='ocrx_word' id='word_1_50' title='bbox 386 915 395 973; x_wconf 90' lang='lat' dir='ltr'><em>i</em></span> <span class='ocrx_word' id='word_1_51' title='bbox 418 912 516 974; x_wconf 88' lang='lat' dir='ltr'><em>littera</em></span> <span class='ocrx_word' id='word_1_52' title='bbox 544 914 723 973; x_wconf 86' lang='lat' dir='ltr'><em>terminatur</em></span> <span class='ocrx_word' id='word_1_53' title='bbox 750 920 782 973; x_wconf 90' lang='lat' dir='ltr'><em>ut</em></span> <span class='ocrx_word' id='word_1_54' title='bbox 804 913 852 975; x_wconf 91' lang='lat' dir='ltr'><em>hic</em></span> <span class='ocrx_word' id='word_1_55' title='bbox 880 917 1024 992; x_wconf 84' lang='lat' dir='ltr'><em>magister</em></span> <span class='ocrx_word' id='word_1_56' title='bbox 1047 913 1135 975; x_wconf 88' lang='lat' dir='ltr'><em>huius</em></span> <span class='ocrx_word' id='word_1_57' title='bbox 1158 914 1290 991; x_wconf 81' lang='lat' dir='ltr'><em>magistri</em></span> <span class='ocrx_word' id='word_1_58' title='bbox 1314 922 1343 974; x_wconf 86' lang='lat' dir='ltr'><em>et</em></span> <span class='ocrx_word' id='word_1_59' title='bbox 1365 922 1410 976; x_wconf 88' lang='lat' dir='ltr'><em>est</em></span> <span class='ocrx_word' id='word_1_60' title='bbox 1428 914 1586 1001; x_wconf 85' lang='lat' dir='ltr'><em>producta.</em></span> 
     </span>
     <span class='ocr_line' id='line_1_7' title="bbox 282 1013 1585 1096; baseline 0.002 -21"><span class='ocrx_word' id='word_1_61' title='bbox 282 1013 384 1075; x_wconf 82' lang='lat' dir='ltr'><em>Tertia</em></span> <span class='ocrx_word' id='word_1_62' title='bbox 408 1032 485 1094; x_wconf 86' lang='lat' dir='ltr'><em>quae</em></span> <span class='ocrx_word' id='word_1_63' title='bbox 508 1016 533 1074; x_wconf 89' lang='lat' dir='ltr'><em>is</em></span> <span class='ocrx_word' id='word_1_64' title='bbox 557 1016 735 1075; x_wconf 88' lang='lat' dir='ltr'><em>terminatur</em></span> <span class='ocrx_word' id='word_1_65' title='bbox 758 1023 790 1075; x_wconf 90' lang='lat' dir='ltr'><em>ut</em></span> <span class='ocrx_word' id='word_1_66' title='bbox 812 1014 862 1075; x_wconf 89' lang='lat' dir='ltr'><em>hio</em></span> <span class='ocrx_word' id='word_1_67' title='bbox 885 1014 1026 1076; x_wconf 81' lang='lat' dir='ltr'><strong>sacerdos</strong></span> <span class='ocrx_word' id='word_1_68' title='bbox 1047 1014 1135 1077; x_wconf 86' lang='lat' dir='ltr'><em>buius</em></span> <span class='ocrx_word' id='word_1_69' title='bbox 1150 1014 1316 1077; x_wconf 86' lang='lat' dir='ltr'><em>sacerdotis</em></span> <span class='ocrx_word' id='word_1_70' title='bbox 1332 1025 1361 1076; x_wconf 92' lang='lat' dir='ltr'><em>et</em></span> <span class='ocrx_word' id='word_1_71' title='bbox 1377 1024 1423 1077; x_wconf 85' lang='lat' dir='ltr'><em>est</em></span> <span class='ocrx_word' id='word_1_72' title='bbox 1437 1024 1585 1096; x_wconf 81' lang='lat' dir='ltr'><em>correpto.</em></span> 
     </span>
     <span class='ocr_line' id='line_1_8' title="bbox 283 1115 1585 1212; baseline 0.002 -35"><span class='ocrx_word' id='word_1_73' title='bbox 283 1115 403 1212; x_wconf 52' lang='lat' dir='ltr'><em>Quarta·</em></span> <span class='ocrx_word' id='word_1_74' title='bbox 423 1134 499 1194; x_wconf 86' lang='lat' dir='ltr'><em>quae</em></span> <span class='ocrx_word' id='word_1_75' title='bbox 529 1135 564 1177; x_wconf 88' lang='lat' dir='ltr'><em>us</em></span> <span class='ocrx_word' id='word_1_76' title='bbox 588 1115 635 1177; x_wconf 89' lang='lat' dir='ltr'><em>uel</em></span> <span class='ocrx_word' id='word_1_77' title='bbox 659 1135 678 1176; x_wconf 92' lang='lat' dir='ltr'><em>u</em></span> <span class='ocrx_word' id='word_1_78' title='bbox 701 1117 878 1177; x_wconf 88' lang='lat' dir='ltr'><em>terminatur</em></span> <span class='ocrx_word' id='word_1_79' title='bbox 901 1125 934 1177; x_wconf 91' lang='lat' dir='ltr'><em>ut</em></span> <span class='ocrx_word' id='word_1_80' title='bbox 956 1117 1006 1178; x_wconf 88' lang='lat' dir='ltr'><em>hic</em></span> <span class='ocrx_word' id='word_1_81' title='bbox 1028 1134 1134 1179; x_wconf 86' lang='lat' dir='ltr'><em>uersus</em></span> <span class='ocrx_word' id='word_1_82' title='bbox 1156 1116 1244 1177; x_wconf 83' lang='lat' dir='ltr'><em>liuius</em></span> <span class='ocrx_word' id='word_1_83' title='bbox 1265 1135 1383 1179; x_wconf 88' lang='lat' dir='ltr'><em>uersus.</em></span> <span class='ocrx_word' id='word_1_84' title='bbox 1413 1119 1469 1178; x_wconf 88' lang='lat' dir='ltr'><em>hoc</em></span> <span class='ocrx_word' id='word_1_85' title='bbox 1492 1136 1585 1180; x_wconf 90' lang='lat' dir='ltr'><em>cornu</em></span> 
     </span>
     <span class='ocr_line' id='line_1_9' title="bbox 283 1216 1588 1298; baseline 0 -20"><span class='ocrx_word' id='word_1_86' title='bbox 283 1218 371 1279; x_wconf 90' lang='lat' dir='ltr'><em>huius</em></span> <span class='ocrx_word' id='word_1_87' title='bbox 394 1236 489 1279; x_wconf 89' lang='lat' dir='ltr'><em>cornu</em></span> <span class='ocrx_word' id='word_1_88' title='bbox 512 1224 542 1279; x_wconf 86' lang='lat' dir='ltr'><em>et</em></span> <span class='ocrx_word' id='word_1_89' title='bbox 565 1227 608 1277; x_wconf 89' lang='lat' dir='ltr'><em>est</em></span> <span class='ocrx_word' id='word_1_90' title='bbox 631 1216 785 1295; x_wconf 89' lang='lat' dir='ltr'><em>producta.</em></span> <span class='ocrx_word' id='word_1_91' title='bbox 831 1217 940 1289; x_wconf 83' lang='lat' dir='ltr'><em>Quinta</em></span> <span class='ocrx_word' id='word_1_92' title='bbox 963 1237 1040 1298; x_wconf 85' lang='lat' dir='ltr'><em>quae</em></span> <span class='ocrx_word' id='word_1_93' title='bbox 1064 1220 1090 1279; x_wconf 87' lang='lat' dir='ltr'><em>ei</em></span> <span class='ocrx_word' id='word_1_94' title='bbox 1115 1221 1292 1281; x_wconf 88' lang='lat' dir='ltr'><em>terminatur</em></span> <span class='ocrx_word' id='word_1_95' title='bbox 1308 1229 1340 1281; x_wconf 89' lang='lat' dir='ltr'><em>ut</em></span> <span class='ocrx_word' id='word_1_96' title='bbox 1355 1220 1402 1280; x_wconf 82' lang='lat' dir='ltr'><em>irio</em></span> <span class='ocrx_word' id='word_1_97' title='bbox 1419 1219 1483 1281; x_wconf 88' lang='lat' dir='ltr'><em>dies</em></span> <span class='ocrx_word' id='word_1_98' title='bbox 1499 1220 1588 1280; x_wconf 84' lang='lat' dir='ltr'><em>huius</em></span> 
     </span>
     <span class='ocr_line' id='line_1_10' title="bbox 284 1318 781 1399; baseline 0 -20"><span class='ocrx_word' id='word_1_99' title='bbox 284 1318 344 1380; x_wconf 83' lang='lat' dir='ltr'><em>diei</em></span> <span class='ocrx_word' id='word_1_100' title='bbox 368 1328 462 1380; x_wconf 82' lang='lat' dir='ltr'><em>otest</em></span> <span class='ocrx_word' id='word_1_101' title='bbox 485 1337 604 1398; x_wconf 84' lang='lat' dir='ltr'>semper</span> <span class='ocrx_word' id='word_1_102' title='bbox 626 1319 781 1399; x_wconf 85' lang='lat' dir='ltr'><em>producta.</em></span> 
     </span>
     <span class='ocr_line' id='line_1_11' title="bbox 369 1419 1588 1500; baseline 0.001 -18"><span class='ocrx_word' id='word_1_103' title='bbox 369 1421 533 1494; x_wconf 80' lang='lat' dir='ltr'><em>Deindes.</em></span> <span class='ocrx_word' id='word_1_104' title='bbox 559 1419 704 1480; x_wconf 69' lang='lat'><em>70-71’</em></span> <span class='ocrx_word' id='word_1_105' title='bbox 727 1430 797 1498; x_wconf 85' lang='lat' dir='ltr'><em>post</em></span> <span class='ocrx_word' id='word_1_106' title='bbox 824 1428 985 1483; x_wconf 83' lang='lat' dir='ltr'><em>tractatum</em></span> <span class='ocrx_word' id='word_1_107' title='bbox 1014 1424 1052 1482; x_wconf 77' lang='lat' dir='ltr'><em>ele</em></span> <span class='ocrx_word' id='word_1_108' title='bbox 1078 1423 1188 1483; x_wconf 73' lang='lat' dir='ltr'><em>simio:</em></span> <span class='ocrx_word' id='word_1_109' title='bbox 1223 1425 1356 1500; x_wconf 75' lang='lat' dir='ltr'><em>‘passini</em></span> <span class='ocrx_word' id='word_1_110' title='bbox 1381 1440 1536 1484; x_wconf 88' lang='lat' dir='ltr'><em>commane</em></span> <span class='ocrx_word' id='word_1_111' title='bbox 1558 1432 1588 1483; x_wconf 82' lang='lat' dir='ltr'><em>el</em></span> 
     </span>
     <span class='ocr_line' id='line_1_12' title="bbox 246 1523 1587 1629; baseline 0 -45"><span class='ocrx_word' id='word_1_112' title='bbox 246 1610 254 1629; x_wconf 25' lang='grc' dir='ltr'>ὓ</span> <span class='ocrx_word' id='word_1_113' title='bbox 284 1526 455 1601; x_wconf 83' lang='lat' dir='ltr'><em>deponems’</em></span> <span class='ocrx_word' id='word_1_114' title='bbox 472 1542 508 1602; x_wconf 92' lang='lat' dir='ltr'><em>p.</em></span> <span class='ocrx_word' id='word_1_115' title='bbox 533 1531 608 1593; x_wconf 79' lang='lat'><strong><em>362,</em></strong></span> <span class='ocrx_word' id='word_1_116' title='bbox 634 1531 669 1583; x_wconf 84' lang='lat'><em>13</em></span> <span class='ocrx_word' id='word_1_117' title='bbox 691 1527 768 1585; x_wconf 80' lang='lat' dir='ltr'><em>iaec</em></span> <span class='ocrx_word' id='word_1_118' title='bbox 796 1528 911 1586; x_wconf 87' lang='lat' dir='ltr'><em>inserto</em></span> <span class='ocrx_word' id='word_1_119' title='bbox 938 1531 1008 1585; x_wconf 85' lang='lat' dir='ltr'><em>sunt</em></span> <span class='ocrx_word' id='word_1_120' title='bbox 1030 1542 1050 1585; x_wconf 84' lang='lat' dir='ltr'><em>o</em></span> <span class='ocrx_word' id='word_1_121' title='bbox 1072 1526 1199 1600; x_wconf 76' lang='lat' dir='ltr'><em>ampuri</em></span> <span class='ocrx_word' id='word_1_122' title='bbox 1226 1526 1341 1585; x_wconf 83' lang='lat' dir='ltr'><em>Donati</em></span> <span class='ocrx_word' id='word_1_123' title='bbox 1363 1523 1470 1598; x_wconf 76' lang='lat' dir='ltr'><em>somno</em></span> <span class='ocrx_word' id='word_1_124' title='bbox 1495 1542 1587 1610; x_wconf 76' lang='lat' dir='ltr'><em>quem</em></span> 
     </span>
     <span class='ocr_line' id='line_1_13' title="bbox 283 1629 559 1687; baseline -0.007 -1"><span class='ocrx_word' id='word_1_125' title='bbox 283 1630 417 1687; x_wconf 81' lang='lat' dir='ltr'><em>maxime</em></span> <span class='ocrx_word' id='word_1_126' title='bbox 438 1629 559 1687; x_wconf 77' lang='lat' dir='ltr'><em>alieno:</em></span> 
     </span>
    </p>
   </div>
   <div class='ocr_carea' id='block_1_3' title="bbox 651 1760 1215 1823">
    <p class='ocr_par' dir='ltr' id='par_1_3' title="bbox 651 1760 1215 1823">
     <span class='ocr_line' id='line_1_14' title="bbox 651 1760 1215 1823; baseline 0.002 -2"><span class='ocrx_word' id='word_1_127' title='bbox 651 1760 702 1823; x_wconf 82' lang='lat' dir='ltr'><em>DE</em></span> <span class='ocrx_word' id='word_1_128' title='bbox 725 1760 859 1823; x_wconf 79' lang='lat' dir='ltr'><em>vuussts</em></span> <span class='ocrx_word' id='word_1_129' title='bbox 882 1760 1215 1823; x_wconf 75' lang='lat' dir='ltr'><em>tNeEnsoNsLtovs</em></span> 
     </span>
    </p>
   </div>
   <div class='ocr_carea' id='block_1_4' title="bbox 250 1883 1707 3553">
    <p class='ocr_par' dir='ltr' id='par_1_4' title="bbox 283 1883 1631 2384">
     <span class='ocr_line' id='line_1_15' title="bbox 371 1883 1631 1959; baseline 0 -19"><span class='ocrx_word' id='word_1_130' title='bbox 371 1883 661 1959; x_wconf 87' lang='lat' dir='ltr'><em>inpersonaiiauerha</em></span> <span class='ocrx_word' id='word_1_131' title='bbox 685 1884 859 1958; x_wconf 76' lang='lat' dir='ltr'><em>quaesunt?</em></span> <span class='ocrx_word' id='word_1_132' title='bbox 888 1884 921 1939; x_wconf 93' lang='lat' dir='ltr'><em>Vt</em></span> <span class='ocrx_word' id='word_1_133' title='bbox 942 1884 1054 1941; x_wconf 87' lang='lat' dir='ltr'><em>sedetur</em></span> <span class='ocrx_word' id='word_1_134' title='bbox 1068 1884 1197 1941; x_wconf 87' lang='lat' dir='ltr'><em>curritur.</em></span> <span class='ocrx_word' id='word_1_135' title='bbox 1231 1883 1431 1957; x_wconf 76' lang='lat' dir='ltr'><em>Aquiliustlaru</em></span> <span class='ocrx_word' id='word_1_136' title='bbox 1454 1892 1482 1940; x_wconf 90' lang='lat' dir='ltr'><em>et</em></span> <span class='ocrx_word' id='word_1_137' title='bbox 1504 1884 1588 1940; x_wconf 82' lang='lat' dir='ltr'><em>decli·</em></span> <span class='ocrx_word' id='word_1_138' title='bbox 1627 1906 1631 1911; x_wconf 94' lang='lat'>·</span> 
     </span>
     <span class='ocr_line' id='line_1_16' title="bbox 288 1968 1595 2044; baseline -0.002 -18"><span class='ocrx_word' id='word_1_139' title='bbox 288 1971 346 2026; x_wconf 86' lang='lat' dir='ltr'><em>nari</em></span> <span class='ocrx_word' id='word_1_140' title='bbox 371 1970 485 2026; x_wconf 87' lang='lat' dir='ltr'><em>uerbum</em></span> <span class='ocrx_word' id='word_1_141' title='bbox 509 1968 683 2043; x_wconf 77' lang='lat' dir='ltr'><em>impersonale</em></span> <span class='ocrx_word' id='word_1_142' title='bbox 711 1978 804 2044; x_wconf 89' lang='lat' dir='ltr'><em>potest</em></span> <span class='ocrx_word' id='word_1_143' title='bbox 827 1977 856 2025; x_wconf 93' lang='lat' dir='ltr'><em>ut</em></span> <span class='ocrx_word' id='word_1_144' title='bbox 880 1969 961 2025; x_wconf 88' lang='lat' dir='ltr'><em>sedeo</em></span> <span class='ocrx_word' id='word_1_145' title='bbox 985 1969 1064 2025; x_wconf 75' lang='lat' dir='ltr'><em>series</em></span> <span class='ocrx_word' id='word_1_146' title='bbox 1087 1969 1163 2026; x_wconf 83' lang='lat' dir='ltr'><em>sedet</em></span> <span class='ocrx_word' id='word_1_147' title='bbox 1186 1985 1268 2025; x_wconf 85' lang='lat' dir='ltr'><em>curro</em></span> <span class='ocrx_word' id='word_1_148' title='bbox 1291 1971 1381 2026; x_wconf 86' lang='lat' dir='ltr'><em>curris</em></span> <span class='ocrx_word' id='word_1_149' title='bbox 1404 1971 1489 2025; x_wconf 87' lang='lat' dir='ltr'><em>currit</em></span> <span class='ocrx_word' id='word_1_150' title='bbox 1511 1979 1595 2025; x_wconf 87' lang='lat' dir='ltr'><em>certo.</em></span> 
     </span>
     <span class='ocr_line' id='line_1_17' title="bbox 284 2053 1585 2129; baseline -0.002 -17"><span class='ocrx_word' id='word_1_151' title='bbox 284 2063 374 2112; x_wconf 88' lang='lat' dir='ltr'><em>certas</em></span> <span class='ocrx_word' id='word_1_152' title='bbox 396 2061 491 2111; x_wconf 88' lang='lat' dir='ltr'><em>certat.</em></span> <span class='ocrx_word' id='word_1_153' title='bbox 537 2054 583 2110; x_wconf 80' lang='lat' dir='ltr'><em>Est</em></span> <span class='ocrx_word' id='word_1_154' title='bbox 606 2053 679 2110; x_wconf 83' lang='lat' dir='ltr'><em>aliud</em></span> <span class='ocrx_word' id='word_1_155' title='bbox 702 2071 788 2128; x_wconf 81' lang='lat' dir='ltr'><em>genus</em></span> <span class='ocrx_word' id='word_1_156' title='bbox 813 2053 992 2129; x_wconf 86' lang='lat' dir='ltr'><em>inpersonalis</em></span> <span class='ocrx_word' id='word_1_157' title='bbox 1022 2053 1115 2125; x_wconf 85' lang='lat' dir='ltr'><em>uerbi,</em></span> <span class='ocrx_word' id='word_1_158' title='bbox 1145 2071 1177 2110; x_wconf 84' lang='lat' dir='ltr'><em>ex</em></span> <span class='ocrx_word' id='word_1_159' title='bbox 1205 2071 1260 2128; x_wconf 87' lang='lat' dir='ltr'><em>quo</em></span> <span class='ocrx_word' id='word_1_160' title='bbox 1283 2054 1426 2128; x_wconf 86' lang='lat' dir='ltr'><em>personale</em></span> <span class='ocrx_word' id='word_1_161' title='bbox 1449 2053 1506 2111; x_wconf 82' lang='lat' dir='ltr'><em>fieri</em></span> <span class='ocrx_word' id='word_1_162' title='bbox 1531 2071 1585 2110; x_wconf 88' lang='lat' dir='ltr'><em>uon</em></span> 
     </span>
     <span class='ocr_line' id='line_1_18' title="bbox 284 2139 1585 2214; baseline -0.001 -19"><span class='ocrx_word' id='word_1_163' title='bbox 284 2148 393 2214; x_wconf 87' lang='lat' dir='ltr'><em>potest,</em></span> <span class='ocrx_word' id='word_1_164' title='bbox 423 2148 454 2195; x_wconf 91' lang='lat' dir='ltr'><em>ut</em></span> <span class='ocrx_word' id='word_1_165' title='bbox 485 2139 557 2195; x_wconf 90' lang='lat' dir='ltr'><em>tedet</em></span> <span class='ocrx_word' id='word_1_166' title='bbox 586 2142 662 2213; x_wconf 83' lang='lat' dir='ltr'><em>piget</em></span> <span class='ocrx_word' id='word_1_167' title='bbox 691 2140 775 2214; x_wconf 78' lang='lat' dir='ltr'><em>puniet</em></span> <span class='ocrx_word' id='word_1_168' title='bbox 802 2139 876 2196; x_wconf 86' lang='lat' dir='ltr'><em>tibet.</em></span> <span class='ocrx_word' id='word_1_169' title='bbox 920 2139 979 2195; x_wconf 87' lang='lat' dir='ltr'><em>Nou</em></span> <span class='ocrx_word' id='word_1_170' title='bbox 1009 2139 1074 2196; x_wconf 86' lang='lat' dir='ltr'><em>iacit</em></span> <span class='ocrx_word' id='word_1_171' title='bbox 1096 2141 1167 2196; x_wconf 87' lang='lat' dir='ltr'><em>enim</em></span> <span class='ocrx_word' id='word_1_172' title='bbox 1192 2139 1270 2196; x_wconf 75' lang='lat' dir='ltr'><em>testeo</em></span> <span class='ocrx_word' id='word_1_173' title='bbox 1295 2139 1369 2196; x_wconf 84' lang='lat' dir='ltr'><em>tedes</em></span> <span class='ocrx_word' id='word_1_174' title='bbox 1394 2140 1475 2196; x_wconf 82' lang='lat' dir='ltr'><em>tedet.</em></span> <span class='ocrx_word' id='word_1_175' title='bbox 1520 2139 1585 2195; x_wconf 87' lang='lat' dir='ltr'><em>item</em></span> 
     </span>
     <span class='ocr_line' id='line_1_19' title="bbox 283 2223 1586 2299; baseline -0.001 -19"><span class='ocrx_word' id='word_1_176' title='bbox 283 2223 468 2298; x_wconf 85' lang='lat' dir='ltr'><em>inpersoualia</em></span> <span class='ocrx_word' id='word_1_177' title='bbox 484 2223 567 2281; x_wconf 82' lang='lat' dir='ltr'><em>uerba</em></span> <span class='ocrx_word' id='word_1_178' title='bbox 582 2233 648 2280; x_wconf 91' lang='lat' dir='ltr'><em>sunt</em></span> <span class='ocrx_word' id='word_1_179' title='bbox 663 2241 732 2299; x_wconf 86' lang='lat' dir='ltr'><em>quae</em></span> <span class='ocrx_word' id='word_1_180' title='bbox 748 2242 802 2281; x_wconf 91' lang='lat' dir='ltr'><em>non</em></span> <span class='ocrx_word' id='word_1_181' title='bbox 819 2224 920 2280; x_wconf 80' lang='lat' dir='ltr'><em>hebent</em></span> <span class='ocrx_word' id='word_1_182' title='bbox 942 2233 1043 2281; x_wconf 85' lang='lat' dir='ltr'><em>certam</em></span> <span class='ocrx_word' id='word_1_183' title='bbox 1066 2240 1212 2298; x_wconf 84' lang='lat' dir='ltr'><em>personam</em></span> <span class='ocrx_word' id='word_1_184' title='bbox 1228 2225 1276 2280; x_wconf 78' lang='lat' dir='ltr'><em>sesi</em></span> <span class='ocrx_word' id='word_1_185' title='bbox 1290 2224 1402 2281; x_wconf 83' lang='lat' dir='ltr'><em>adiectis</em></span> <span class='ocrx_word' id='word_1_186' title='bbox 1418 2226 1586 2299; x_wconf 88' lang='lat' dir='ltr'><em>pronomini·</em></span> 
     </span>
     <span class='ocr_line' id='line_1_20' title="bbox 285 2308 1563 2384; baseline -0.002 -19"><span class='ocrx_word' id='word_1_187' title='bbox 285 2309 337 2366; x_wconf 88' lang='lat' dir='ltr'><em>hus</em></span> <span class='ocrx_word' id='word_1_188' title='bbox 359 2309 392 2365; x_wconf 88' lang='lat' dir='ltr'><em>ad</em></span> <span class='ocrx_word' id='word_1_189' title='bbox 415 2326 560 2384; x_wconf 80' lang='lat' dir='ltr'><em>personam</em></span> <span class='ocrx_word' id='word_1_190' title='bbox 583 2309 806 2366; x_wconf 84' lang='lat' dir='ltr'><em>adcomodaatur.</em></span> <span class='ocrx_word' id='word_1_191' title='bbox 852 2309 967 2366; x_wconf 83' lang='lat' dir='ltr'><em>Dicimus</em></span> <span class='ocrx_word' id='word_1_192' title='bbox 990 2312 1060 2366; x_wconf 79' lang='lat' dir='ltr'><em>ouius</em></span> <span class='ocrx_word' id='word_1_193' title='bbox 1088 2308 1155 2366; x_wconf 85' lang='lat' dir='ltr'><em>libet</em></span> <span class='ocrx_word' id='word_1_194' title='bbox 1178 2308 1243 2366; x_wconf 89' lang='lat' dir='ltr'><em>mihi</em></span> <span class='ocrx_word' id='word_1_195' title='bbox 1266 2309 1333 2366; x_wconf 88' lang='lat' dir='ltr'><em>tibet</em></span> <span class='ocrx_word' id='word_1_196' title='bbox 1357 2310 1405 2366; x_wconf 89' lang='lat' dir='ltr'><em>tibi</em></span> <span class='ocrx_word' id='word_1_197' title='bbox 1426 2309 1493 2366; x_wconf 82' lang='lat' dir='ltr'><em>libet</em></span> <span class='ocrx_word' id='word_1_198' title='bbox 1516 2308 1563 2365; x_wconf 89' lang='lat' dir='ltr'><em>itii.</em></span> 
     </span>
    </p>

    <p class='ocr_par' dir='ltr' id='par_1_5' title="bbox 285 2393 1587 2722">
     <span class='ocr_line' id='line_1_21' title="bbox 371 2393 1587 2468; baseline 0 -19"><span class='ocrx_word' id='word_1_199' title='bbox 371 2394 521 2450; x_wconf 83' lang='lat' dir='ltr'><em>Decliaatio</em></span> <span class='ocrx_word' id='word_1_200' title='bbox 544 2393 621 2451; x_wconf 83' lang='lat' dir='ltr'><em>uerbi</em></span> <span class='ocrx_word' id='word_1_201' title='bbox 645 2410 676 2450; x_wconf 83' lang='lat' dir='ltr'><em>ex</em></span> <span class='ocrx_word' id='word_1_202' title='bbox 701 2411 756 2467; x_wconf 90' lang='lat' dir='ltr'><em>quo</em></span> <span class='ocrx_word' id='word_1_203' title='bbox 780 2393 954 2466; x_wconf 77' lang='lat' dir='ltr'><em>impersonale</em></span> <span class='ocrx_word' id='word_1_204' title='bbox 976 2393 1035 2451; x_wconf 83' lang='lat' dir='ltr'><em>sieri</em></span> <span class='ocrx_word' id='word_1_205' title='bbox 1058 2412 1113 2451; x_wconf 91' lang='lat' dir='ltr'><em>non</em></span> <span class='ocrx_word' id='word_1_206' title='bbox 1130 2403 1232 2468; x_wconf 86' lang='lat' dir='ltr'><em>potest.</em></span> <span class='ocrx_word' id='word_1_207' title='bbox 1262 2394 1341 2450; x_wconf 79' lang='lat' dir='ltr'><em>Modo</em></span> <span class='ocrx_word' id='word_1_208' title='bbox 1357 2395 1504 2451; x_wconf 80' lang='lat' dir='ltr'><em>indicetiuo</em></span> <span class='ocrx_word' id='word_1_209' title='bbox 1522 2403 1587 2450; x_wconf 85' lang='lat' dir='ltr'><em>tem·</em></span> 
     </span>
     <span class='ocr_line' id='line_1_22' title="bbox 286 2478 1584 2554; baseline -0.002 -19"><span class='ocrx_word' id='word_1_210' title='bbox 286 2495 353 2553; x_wconf 89' lang='lat' dir='ltr'><em>pore</em></span> <span class='ocrx_word' id='word_1_211' title='bbox 376 2479 513 2553; x_wconf 72' lang='lat' dir='ltr'><em>praesenti</em></span> <span class='ocrx_word' id='word_1_212' title='bbox 536 2478 619 2553; x_wconf 81' lang='lat' dir='ltr'><em>pudet</em></span> <span class='ocrx_word' id='word_1_213' title='bbox 643 2495 684 2533; x_wconf 81' lang='lat' dir='ltr'><em>uie</em></span> <span class='ocrx_word' id='word_1_214' title='bbox 709 2488 734 2533; x_wconf 86' lang='lat' dir='ltr'><em>te</em></span> <span class='ocrx_word' id='word_1_215' title='bbox 755 2478 847 2549; x_wconf 88' lang='lat' dir='ltr'><em>iiiam,</em></span> <span class='ocrx_word' id='word_1_216' title='bbox 876 2479 961 2551; x_wconf 82' lang='lat' dir='ltr'><em>pudet</em></span> <span class='ocrx_word' id='word_1_217' title='bbox 989 2496 1039 2536; x_wconf 89' lang='lat' dir='ltr'><em>nos</em></span> <span class='ocrx_word' id='word_1_218' title='bbox 1067 2497 1118 2536; x_wconf 91' lang='lat' dir='ltr'><em>uos</em></span> <span class='ocrx_word' id='word_1_219' title='bbox 1148 2479 1220 2536; x_wconf 88' lang='lat' dir='ltr'><em>ilius.</em></span> <span class='ocrx_word' id='word_1_220' title='bbox 1267 2479 1401 2536; x_wconf 83' lang='lat' dir='ltr'><em>Preterito</em></span> <span class='ocrx_word' id='word_1_221' title='bbox 1432 2479 1584 2554; x_wconf 81' lang='lat' dir='ltr'><em>inperfecto</em></span> 
     </span>
     <span class='ocr_line' id='line_1_23' title="bbox 285 2558 1585 2638; baseline 0 -19"><span class='ocrx_word' id='word_1_222' title='bbox 285 2563 405 2637; x_wconf 76' lang='lat' dir='ltr'><em>putielsat</em></span> <span class='ocrx_word' id='word_1_223' title='bbox 427 2579 469 2618; x_wconf 88' lang='lat' dir='ltr'><em>me</em></span> <span class='ocrx_word' id='word_1_224' title='bbox 493 2571 519 2618; x_wconf 92' lang='lat' dir='ltr'><em>te</em></span> <span class='ocrx_word' id='word_1_225' title='bbox 543 2562 618 2618; x_wconf 86' lang='lat' dir='ltr'><em>ilium</em></span> <span class='ocrx_word' id='word_1_226' title='bbox 642 2572 694 2619; x_wconf 90' lang='lat' dir='ltr'><em>ete.</em></span> <span class='ocrx_word' id='word_1_227' title='bbox 715 2592 758 2602; x_wconf 90' lang='lat'><em>-</em></span> <span class='ocrx_word' id='word_1_228' title='bbox 777 2561 802 2635; x_wconf 71' lang='lat' dir='ltr'><em>f.</em></span> <span class='ocrx_word' id='word_1_229' title='bbox 822 2558 855 2618; x_wconf 79' lang='lat'><em>7⁶</em></span> <span class='ocrx_word' id='word_1_230' title='bbox 870 2565 942 2619; x_wconf 72' lang='lat' dir='ltr'><em>merl.</em></span> <span class='ocrx_word' id='word_1_231' title='bbox 966 2566 1118 2637; x_wconf 86' lang='lat' dir='ltr'><em>praesentis</em></span> <span class='ocrx_word' id='word_1_232' title='bbox 1142 2566 1274 2638; x_wconf 90' lang='lat' dir='ltr'><em>temporis</em></span> <span class='ocrx_word' id='word_1_233' title='bbox 1296 2565 1412 2637; x_wconf 78' lang='lat' dir='ltr'><em>pariere,</em></span> <span class='ocrx_word' id='word_1_234' title='bbox 1437 2567 1585 2638; x_wconf 87' lang='lat' dir='ltr'><em>praeterito</em></span> 
     </span>
     <span class='ocr_line' id='line_1_24' title="bbox 285 2647 424 2722; baseline -0.007 -18"><span class='ocrx_word' id='word_1_235' title='bbox 285 2647 424 2722; x_wconf 84' lang='lat' dir='ltr'><em>puduisse.</em></span> 
     </span>
    </p>

    <p class='ocr_par' dir='ltr' id='par_1_6' title="bbox 250 2732 1585 3213">
     <span class='ocr_line' id='line_1_25' title="bbox 250 2732 1585 2808; baseline 0 -20"><span class='ocrx_word' id='word_1_236' title='bbox 250 2739 262 2751; x_wconf 78' lang='lat'><strong><em>‘</em></strong></span> <span class='ocrx_word' id='word_1_237' title='bbox 369 2732 518 2790; x_wconf 84' lang='lat' dir='ltr'><em>Deciiaatio</em></span> <span class='ocrx_word' id='word_1_238' title='bbox 542 2732 722 2807; x_wconf 85' lang='lat' dir='ltr'><em>inpersouaiis</em></span> <span class='ocrx_word' id='word_1_239' title='bbox 746 2732 823 2788; x_wconf 72' lang='lat' dir='ltr'><em>ueriti</em></span> <span class='ocrx_word' id='word_1_240' title='bbox 844 2733 878 2789; x_wconf 77' lang='lat' dir='ltr'><em>tie</em></span> <span class='ocrx_word' id='word_1_241' title='bbox 901 2749 956 2806; x_wconf 91' lang='lat' dir='ltr'><em>quo</em></span> <span class='ocrx_word' id='word_1_242' title='bbox 979 2732 1123 2806; x_wconf 87' lang='lat' dir='ltr'><em>personale</em></span> <span class='ocrx_word' id='word_1_243' title='bbox 1146 2732 1204 2790; x_wconf 81' lang='lat' dir='ltr'><em>iteri</em></span> <span class='ocrx_word' id='word_1_244' title='bbox 1227 2749 1283 2789; x_wconf 90' lang='lat' dir='ltr'><em>uon</em></span> <span class='ocrx_word' id='word_1_245' title='bbox 1305 2742 1407 2808; x_wconf 87' lang='lat' dir='ltr'><em>potest.</em></span> <span class='ocrx_word' id='word_1_246' title='bbox 1446 2734 1525 2791; x_wconf 83' lang='lat' dir='ltr'><em>Modo</em></span> <span class='ocrx_word' id='word_1_247' title='bbox 1545 2734 1585 2789; x_wconf 88' lang='lat' dir='ltr'><em>ia·</em></span> 
     </span>
     <span class='ocr_line' id='line_1_26' title="bbox 284 2816 1585 2893; baseline -0.002 -18"><span class='ocrx_word' id='word_1_248' title='bbox 284 2820 405 2877; x_wconf 85' lang='lat' dir='ltr'><em>dicatiuo</em></span> <span class='ocrx_word' id='word_1_249' title='bbox 435 2826 557 2893; x_wconf 84' lang='lat' dir='ltr'><em>tempore</em></span> <span class='ocrx_word' id='word_1_250' title='bbox 585 2816 724 2892; x_wconf 80' lang='lat' dir='ltr'><em>praesenti</em></span> <span class='ocrx_word' id='word_1_251' title='bbox 751 2818 808 2875; x_wconf 91' lang='lat' dir='ltr'><em>itur</em></span> <span class='ocrx_word' id='word_1_252' title='bbox 829 2836 845 2874; x_wconf 91' lang='lat' dir='ltr'><em>a</em></span> <span class='ocrx_word' id='word_1_253' title='bbox 867 2833 910 2874; x_wconf 84' lang='lat' dir='ltr'><em>ase</em></span> <span class='ocrx_word' id='word_1_254' title='bbox 932 2834 947 2873; x_wconf 84' lang='lat' dir='ltr'><em>a</em></span> <span class='ocrx_word' id='word_1_255' title='bbox 970 2827 996 2873; x_wconf 88' lang='lat' dir='ltr'><em>te</em></span> <span class='ocrx_word' id='word_1_256' title='bbox 1018 2817 1051 2874; x_wconf 87' lang='lat' dir='ltr'><em>ab</em></span> <span class='ocrx_word' id='word_1_257' title='bbox 1074 2817 1132 2874; x_wconf 83' lang='lat' dir='ltr'><em>itio.</em></span> <span class='ocrx_word' id='word_1_258' title='bbox 1176 2818 1233 2875; x_wconf 88' lang='lat' dir='ltr'><em>itur</em></span> <span class='ocrx_word' id='word_1_259' title='bbox 1255 2835 1270 2874; x_wconf 90' lang='lat' dir='ltr'><em>a</em></span> <span class='ocrx_word' id='word_1_260' title='bbox 1292 2818 1413 2876; x_wconf 56' lang='lat' dir='ltr'><em>nobis&#39;a</em></span> <span class='ocrx_word' id='word_1_261' title='bbox 1443 2818 1522 2876; x_wconf 82' lang='lat' dir='ltr'><em>uobis</em></span> <span class='ocrx_word' id='word_1_262' title='bbox 1552 2819 1585 2874; x_wconf 85' lang='lat' dir='ltr'><em>ab</em></span> 
     </span>
     <span class='ocr_line' id='line_1_27' title="bbox 285 2903 1584 2978; baseline -0.001 -19"><span class='ocrx_word' id='word_1_263' title='bbox 285 2904 339 2960; x_wconf 81' lang='lat' dir='ltr'><em>iliis</em></span> <span class='ocrx_word' id='word_1_264' title='bbox 362 2913 414 2961; x_wconf 91' lang='lat' dir='ltr'><em>ete.</em></span> <span class='ocrx_word' id='word_1_265' title='bbox 446 2933 481 2945; x_wconf 94' lang='lat'>-</span> <span class='ocrx_word' id='word_1_266' title='bbox 513 2904 607 2961; x_wconf 84' lang='lat' dir='ltr'><em>eodem</em></span> <span class='ocrx_word' id='word_1_267' title='bbox 637 2904 718 2961; x_wconf 85' lang='lat' dir='ltr'><em>modo</em></span> <span class='ocrx_word' id='word_1_268' title='bbox 748 2913 871 2978; x_wconf 86' lang='lat' dir='ltr'><em>tempore</em></span> <span class='ocrx_word' id='word_1_269' title='bbox 899 2903 994 2960; x_wconf 88' lang='lat' dir='ltr'><em>iuturo</em></span> <span class='ocrx_word' id='word_1_270' title='bbox 1023 2920 1085 2961; x_wconf 88' lang='lat' dir='ltr'><em>curu</em></span> <span class='ocrx_word' id='word_1_271' title='bbox 1113 2905 1181 2960; x_wconf 92' lang='lat' dir='ltr'><em>itum</em></span> <span class='ocrx_word' id='word_1_272' title='bbox 1204 2904 1257 2961; x_wconf 88' lang='lat' dir='ltr'><em>erit</em></span> <span class='ocrx_word' id='word_1_273' title='bbox 1279 2923 1294 2960; x_wconf 91' lang='lat' dir='ltr'><em>a</em></span> <span class='ocrx_word' id='word_1_274' title='bbox 1316 2919 1359 2960; x_wconf 88' lang='lat' dir='ltr'><em>rae</em></span> <span class='ocrx_word' id='word_1_275' title='bbox 1381 2920 1395 2959; x_wconf 89' lang='lat' dir='ltr'><em>a</em></span> <span class='ocrx_word' id='word_1_276' title='bbox 1420 2912 1446 2960; x_wconf 86' lang='lat' dir='ltr'><em>te</em></span> <span class='ocrx_word' id='word_1_277' title='bbox 1469 2904 1502 2960; x_wconf 81' lang='lat' dir='ltr'><em>als</em></span> <span class='ocrx_word' id='word_1_278' title='bbox 1526 2904 1584 2973; x_wconf 84' lang='lat' dir='ltr'><em>iiio,</em></span> 
     </span>
     <span class='ocr_line' id='line_1_28' title="bbox 285 2986 1583 3059; baseline -0.001 -16"><span class='ocrx_word' id='word_1_279' title='bbox 285 3006 346 3044; x_wconf 89' lang='lat' dir='ltr'><em>eum</em></span> <span class='ocrx_word' id='word_1_280' title='bbox 374 2991 442 3043; x_wconf 88' lang='lat' dir='ltr'><em>itum</em></span> <span class='ocrx_word' id='word_1_281' title='bbox 470 2989 521 3044; x_wconf 87' lang='lat' dir='ltr'><em>erit</em></span> <span class='ocrx_word' id='word_1_282' title='bbox 543 3007 558 3044; x_wconf 91' lang='lat' dir='ltr'><em>a</em></span> <span class='ocrx_word' id='word_1_283' title='bbox 580 2988 660 3045; x_wconf 82' lang='lat' dir='ltr'><em>nohis</em></span> <span class='ocrx_word' id='word_1_284' title='bbox 682 3007 697 3046; x_wconf 93' lang='lat' dir='ltr'><em>a</em></span> <span class='ocrx_word' id='word_1_285' title='bbox 719 2988 800 3045; x_wconf 83' lang='lat' dir='ltr'><em>uobis</em></span> <span class='ocrx_word' id='word_1_286' title='bbox 827 2988 861 3045; x_wconf 80' lang='lat' dir='ltr'><em>al)</em></span> <span class='ocrx_word' id='word_1_287' title='bbox 890 2986 953 3044; x_wconf 88' lang='lat' dir='ltr'><em>iilis.</em></span> <span class='ocrx_word' id='word_1_288' title='bbox 1000 2988 1054 3046; x_wconf 81' lang='lat' dir='ltr'><em>{leo</em></span> <span class='ocrx_word' id='word_1_289' title='bbox 1082 2988 1164 3046; x_wconf 85' lang='lat' dir='ltr'><em>uerba</em></span> <span class='ocrx_word' id='word_1_290' title='bbox 1192 2988 1280 3044; x_wconf 82' lang='lat' dir='ltr'><em>tribus</em></span> <span class='ocrx_word' id='word_1_291' title='bbox 1309 2987 1417 3045; x_wconf 82' lang='lat' dir='ltr'><em>casibus</em></span> <span class='ocrx_word' id='word_1_292' title='bbox 1447 2989 1583 3059; x_wconf 84' lang='lat' dir='ltr'><em>seruiunt,</em></span> 
     </span>
     <span class='ocr_line' id='line_1_29' title="bbox 285 3070 1584 3146; baseline -0.002 -17"><span class='ocrx_word' id='word_1_293' title='bbox 285 3075 441 3129; x_wconf 82' lang='lat' dir='ltr'><em>accusatius</em></span> <span class='ocrx_word' id='word_1_294' title='bbox 470 3081 501 3127; x_wconf 92' lang='lat' dir='ltr'><em>ut</em></span> <span class='ocrx_word' id='word_1_295' title='bbox 528 3073 613 3146; x_wconf 89' lang='lat' dir='ltr'><em>pudet</em></span> <span class='ocrx_word' id='word_1_296' title='bbox 636 3090 678 3128; x_wconf 89' lang='lat' dir='ltr'><em>me</em></span> <span class='ocrx_word' id='word_1_297' title='bbox 701 3083 728 3129; x_wconf 88' lang='lat' dir='ltr'><em>te</em></span> <span class='ocrx_word' id='word_1_298' title='bbox 752 3072 843 3143; x_wconf 82' lang='lat' dir='ltr'><em>ilium,</em></span> <span class='ocrx_word' id='word_1_299' title='bbox 872 3071 992 3128; x_wconf 88' lang='lat' dir='ltr'><em>abiatino</em></span> <span class='ocrx_word' id='word_1_300' title='bbox 1021 3083 1052 3129; x_wconf 92' lang='lat' dir='ltr'><em>ut</em></span> <span class='ocrx_word' id='word_1_301' title='bbox 1074 3076 1131 3130; x_wconf 91' lang='lat' dir='ltr'><em>itur</em></span> <span class='ocrx_word' id='word_1_302' title='bbox 1153 3090 1166 3129; x_wconf 91' lang='lat' dir='ltr'><em>a</em></span> <span class='ocrx_word' id='word_1_303' title='bbox 1189 3089 1232 3128; x_wconf 85' lang='lat' dir='ltr'><em>rue</em></span> <span class='ocrx_word' id='word_1_304' title='bbox 1255 3091 1270 3128; x_wconf 88' lang='lat' dir='ltr'><em>a</em></span> <span class='ocrx_word' id='word_1_305' title='bbox 1293 3079 1319 3126; x_wconf 91' lang='lat' dir='ltr'><em>te</em></span> <span class='ocrx_word' id='word_1_306' title='bbox 1341 3071 1374 3127; x_wconf 82' lang='lat' dir='ltr'><em>ab</em></span> <span class='ocrx_word' id='word_1_307' title='bbox 1398 3070 1462 3141; x_wconf 86' lang='lat' dir='ltr'><em>iilo,</em></span> <span class='ocrx_word' id='word_1_308' title='bbox 1491 3072 1584 3127; x_wconf 77' lang='lat' dir='ltr'><em>statiua</em></span> 
     </span>
     <span class='ocr_line' id='line_1_30' title="bbox 286 3155 716 3213; baseline 0.002 -1"><span class='ocrx_word' id='word_1_309' title='bbox 286 3155 407 3212; x_wconf 84' lang='lat' dir='ltr'><em>utlibet</em></span> <span class='ocrx_word' id='word_1_310' title='bbox 430 3156 495 3212; x_wconf 89' lang='lat' dir='ltr'><em>mihi</em></span> <span class='ocrx_word' id='word_1_311' title='bbox 519 3155 567 3212; x_wconf 85' lang='lat' dir='ltr'><em>tibi</em></span> <span class='ocrx_word' id='word_1_312' title='bbox 591 3156 644 3213; x_wconf 87' lang='lat' dir='ltr'><em>sihi</em></span> <span class='ocrx_word' id='word_1_313' title='bbox 667 3156 716 3213; x_wconf 85' lang='lat' dir='ltr'><em>ilii.</em></span> 
     </span>
    </p>

    <p class='ocr_par' dir='ltr' id='par_1_7' title="bbox 287 3256 1707 3553">
     <span class='ocr_line' id='line_1_31' title="bbox 370 3256 1707 3348; baseline -0.002 -16"><span class='ocrx_word' id='word_1_314' title='bbox 370 3273 515 3348; x_wconf 81' lang='lat' dir='ltr'><em>Sequitur</em></span> <span class='ocrx_word' id='word_1_315' title='bbox 532 3270 561 3345; x_wconf 84' lang='lat' dir='ltr'><em>s.</em></span> <span class='ocrx_word' id='word_1_316' title='bbox 581 3269 633 3329; x_wconf 66' lang='grc' dir='ltr'><em>11)δ</em></span> <span class='ocrx_word' id='word_1_317' title='bbox 650 3277 722 3348; x_wconf 86' lang='lat' dir='ltr'><em>post</em></span> <span class='ocrx_word' id='word_1_318' title='bbox 737 3279 832 3332; x_wconf 86' lang='lat' dir='ltr'><em>ortem</em></span> <span class='ocrx_word' id='word_1_319' title='bbox 848 3274 992 3334; x_wconf 85' lang='lat' dir='ltr'><em>minorem</em></span> <span class='ocrx_word' id='word_1_320' title='bbox 1007 3289 1045 3332; x_wconf 90' lang='lat' dir='ltr'><em>eo</em></span> <span class='ocrx_word' id='word_1_321' title='bbox 1060 3289 1140 3348; x_wconf 88' lang='lat' dir='ltr'><em>pers</em></span> <span class='ocrx_word' id='word_1_322' title='bbox 1159 3273 1237 3331; x_wconf 85' lang='lat' dir='ltr'><em>ortis</em></span> <span class='ocrx_word' id='word_1_323' title='bbox 1251 3271 1389 3344; x_wconf 85' lang='lat' dir='ltr'><em>maioris,</em></span> <span class='ocrx_word' id='word_1_324' title='bbox 1407 3287 1467 3345; x_wconf 81' lang='lat' dir='ltr'><em>quo</em></span> <span class='ocrx_word' id='word_1_325' title='bbox 1482 3272 1586 3346; x_wconf 71' lang='lat' dir='ltr'><em>opttus·</em></span> <span class='ocrx_word' id='word_1_326' title='bbox 1614 3293 1616 3297; x_wconf 93' lang='lat'>·</span> <span class='ocrx_word' id='word_1_327' title='bbox 1703 3256 1707 3267; x_wconf 73' lang='grc'><strong><em>’</em></strong></span> 
     </span>
     <span class='ocr_line' id='line_1_32' title="bbox 287 3374 1543 3449; baseline -0.002 -15"><span class='ocrx_word' id='word_1_328' title='bbox 287 3377 325 3435; x_wconf 83' lang='lat' dir='ltr'><em>ele</em></span> <span class='ocrx_word' id='word_1_329' title='bbox 346 3377 449 3435; x_wconf 86' lang='lat' dir='ltr'><em>littera</em></span> <span class='ocrx_word' id='word_1_330' title='bbox 472 3381 538 3447; x_wconf 69' lang='lat' dir='ltr'><em>etc„</em></span> <span class='ocrx_word' id='word_1_331' title='bbox 562 3374 617 3434; x_wconf 83' lang='lat' dir='ltr'><em>sed</em></span> <span class='ocrx_word' id='word_1_332' title='bbox 637 3375 746 3435; x_wconf 87' lang='lat' dir='ltr'><em>omisso</em></span> <span class='ocrx_word' id='word_1_333' title='bbox 767 3382 852 3447; x_wconf 87' lang='lat' dir='ltr'><em>sant,</em></span> <span class='ocrx_word' id='word_1_334' title='bbox 883 3390 962 3449; x_wconf 81' lang='lat' dir='ltr'><em>quoe</em></span> <span class='ocrx_word' id='word_1_335' title='bbox 984 3376 1024 3433; x_wconf 78' lang='lat' dir='ltr'><em>cle</em></span> <span class='ocrx_word' id='word_1_336' title='bbox 1045 3390 1119 3434; x_wconf 86' lang='lat' dir='ltr'><em>uoce</em></span> <span class='ocrx_word' id='word_1_337' title='bbox 1140 3375 1283 3447; x_wconf 75' lang='lat' dir='ltr'><em>tepentem</em></span> <span class='ocrx_word' id='word_1_338' title='bbox 1301 3389 1333 3447; x_wconf 91' lang='lat' dir='ltr'><em>p.</em></span> <span class='ocrx_word' id='word_1_339' title='bbox 1357 3378 1425 3446; x_wconf 77' lang='lat'><strong><em>367,</em></strong></span> <span class='ocrx_word' id='word_1_340' title='bbox 1452 3379 1543 3432; x_wconf 82' lang='lat'><strong><em>5-7.</em></strong></span> 
     </span>
     <span class='ocr_line' id='line_1_33' title="bbox 369 3475 1585 3553; baseline -0.005 -15"><span class='ocrx_word' id='word_1_341' title='bbox 369 3481 406 3538; x_wconf 79' lang='lat' dir='ltr'><em>F.</em></span> <span class='ocrx_word' id='word_1_342' title='bbox 425 3483 478 3536; x_wconf 81' lang='lat'><em>11⁰</em></span> <span class='ocrx_word' id='word_1_343' title='bbox 494 3484 567 3552; x_wconf 87' lang='lat' dir='ltr'><em>post</em></span> <span class='ocrx_word' id='word_1_344' title='bbox 582 3477 691 3536; x_wconf 78' lang='lat' dir='ltr'><em>uerbo:</em></span> <span class='ocrx_word' id='word_1_345' title='bbox 715 3476 845 3553; x_wconf 75' lang='lat' dir='ltr'><em>‘syllaba</em></span> <span class='ocrx_word' id='word_1_346' title='bbox 868 3476 953 3550; x_wconf 81' lang='lat' dir='ltr'><em>opoel</em></span> <span class='ocrx_word' id='word_1_347' title='bbox 964 3477 1113 3535; x_wconf 78' lang='lat' dir='ltr'><em>‘metricos</em></span> <span class='ocrx_word' id='word_1_348' title='bbox 1133 3476 1259 3551; x_wconf 87' lang='lat' dir='ltr'><em>semipes</em></span> <span class='ocrx_word' id='word_1_349' title='bbox 1273 3475 1457 3535; x_wconf 84' lang='lat' dir='ltr'><em>nominetur&#39;</em></span> <span class='ocrx_word' id='word_1_350' title='bbox 1469 3491 1504 3550; x_wconf 89' lang='lat' dir='ltr'><em>p.</em></span> <span class='ocrx_word' id='word_1_351' title='bbox 1518 3480 1585 3541; x_wconf 73' lang='lat'><em>309,</em></span> 
     </span>
    </p>
   </div>
   <div class='ocr_carea' id='block_1_5' title="bbox 288 3578 1024 3640">
    <p class='ocr_par' dir='ltr' id='par_1_8' title="bbox 288 3578 1024 3640">
     <span class='ocr_line' id='line_1_34' title="bbox 288 3578 1024 3640; baseline -0.004 -1"><span class='ocrx_word' id='word_1_352' title='bbox 288 3587 323 3639; x_wconf 84' lang='lat'><em>15</em></span> <span class='ocrx_word' id='word_1_353' title='bbox 345 3580 422 3640; x_wconf 72' lang='lat' dir='ltr'><em>llaec</em></span> <span class='ocrx_word' id='word_1_354' title='bbox 444 3581 560 3639; x_wconf 85' lang='lat' dir='ltr'><em>inserta</em></span> <span class='ocrx_word' id='word_1_355' title='bbox 581 3586 650 3638; x_wconf 87' lang='lat' dir='ltr'><em>sant</em></span> <span class='ocrx_word' id='word_1_356' title='bbox 670 3594 808 3639; x_wconf 86' lang='lat' dir='ltr'><em>sermone</em></span> <span class='ocrx_word' id='word_1_357' title='bbox 829 3578 1024 3638; x_wconf 83' lang='lat' dir='ltr'><em>continuato:</em></span> 
     </span>
    </p>
   </div>
   <div class='ocr_carea' id='block_1_6' title="bbox 285 3697 1585 4538">
    <p class='ocr_par' dir='ltr' id='par_1_9' title="bbox 285 3697 1585 4538">
     <span class='ocr_line' id='line_1_35' title="bbox 370 3697 1582 3774; baseline -0.002 -18"><span class='ocrx_word' id='word_1_358' title='bbox 370 3701 511 3758; x_wconf 79' lang='lat' dir='ltr'><em>Accedunt</em></span> <span class='ocrx_word' id='word_1_359' title='bbox 533 3699 681 3774; x_wconf 87' lang='lat' dir='ltr'><em>unicuique</em></span> <span class='ocrx_word' id='word_1_360' title='bbox 708 3698 819 3755; x_wconf 87' lang='lat' dir='ltr'><em>sitiabae</em></span> <span class='ocrx_word' id='word_1_361' title='bbox 849 3706 928 3755; x_wconf 88' lang='lat' dir='ltr'><em>tenor</em></span> <span class='ocrx_word' id='word_1_362' title='bbox 950 3698 1064 3773; x_wconf 88' lang='lat' dir='ltr'><em>spiritus</em></span> <span class='ocrx_word' id='word_1_363' title='bbox 1088 3706 1195 3772; x_wconf 88' lang='lat' dir='ltr'><em>tempus</em></span> <span class='ocrx_word' id='word_1_364' title='bbox 1217 3707 1245 3754; x_wconf 90' lang='lat' dir='ltr'><em>et</em></span> <span class='ocrx_word' id='word_1_365' title='bbox 1267 3715 1397 3757; x_wconf 86' lang='lat' dir='ltr'><em>uumerus</em></span> <span class='ocrx_word' id='word_1_366' title='bbox 1420 3697 1582 3754; x_wconf 82' lang='lat' dir='ltr'><em>litterarum.</em></span> 
     </span>
     <span class='ocr_line' id='line_1_36' title="bbox 286 3782 1583 3860; baseline -0.004 -18"><span class='ocrx_word' id='word_1_367' title='bbox 286 3786 378 3844; x_wconf 77' lang='lat' dir='ltr'><em>Tenos</em></span> <span class='ocrx_word' id='word_1_368' title='bbox 399 3793 496 3843; x_wconf 87' lang='lat' dir='ltr'><em>acutus</em></span> <span class='ocrx_word' id='word_1_369' title='bbox 519 3786 613 3860; x_wconf 80' lang='lat' dir='ltr'><em>grauis</em></span> <span class='ocrx_word' id='word_1_370' title='bbox 637 3784 680 3840; x_wconf 89' lang='lat' dir='ltr'><em>uei</em></span> <span class='ocrx_word' id='word_1_371' title='bbox 703 3782 892 3840; x_wconf 79' lang='lat' dir='ltr'><em>circumflexus</em></span> <span class='ocrx_word' id='word_1_372' title='bbox 915 3784 941 3839; x_wconf 90' lang='lat' dir='ltr'><em>in</em></span> <span class='ocrx_word' id='word_1_373' title='bbox 964 3784 1071 3840; x_wconf 86' lang='lat' dir='ltr'><em>dicione</em></span> <span class='ocrx_word' id='word_1_374' title='bbox 1093 3791 1183 3839; x_wconf 86' lang='lat' dir='ltr'><em>certus</em></span> <span class='ocrx_word' id='word_1_375' title='bbox 1206 3783 1308 3858; x_wconf 89' lang='lat' dir='ltr'><em>absque</em></span> <span class='ocrx_word' id='word_1_376' title='bbox 1331 3800 1362 3840; x_wconf 89' lang='lat' dir='ltr'><em>ea</em></span> <span class='ocrx_word' id='word_1_377' title='bbox 1385 3784 1507 3840; x_wconf 87' lang='lat' dir='ltr'><em>incertus</em></span> <span class='ocrx_word' id='word_1_378' title='bbox 1530 3799 1583 3838; x_wconf 91' lang='lat' dir='ltr'><em>aon</em></span> 
     </span>
     <span class='ocr_line' id='line_1_37' title="bbox 286 3866 1584 3945; baseline -0.003 -18"><span class='ocrx_word' id='word_1_379' title='bbox 286 3879 379 3945; x_wconf 88' lang='lat' dir='ltr'><em>putest</em></span> <span class='ocrx_word' id='word_1_380' title='bbox 395 3880 484 3928; x_wconf 88' lang='lat' dir='ltr'><em>tamen</em></span> <span class='ocrx_word' id='word_1_381' title='bbox 501 3871 560 3925; x_wconf 90' lang='lat' dir='ltr'><em>sine</em></span> <span class='ocrx_word' id='word_1_382' title='bbox 576 3885 617 3926; x_wconf 88' lang='lat' dir='ltr'><em>eo.</em></span> <span class='ocrx_word' id='word_1_383' title='bbox 648 3868 768 3943; x_wconf 89' lang='lat' dir='ltr'><em>Spiritus</em></span> <span class='ocrx_word' id='word_1_384' title='bbox 783 3886 865 3942; x_wconf 85' lang='lat' dir='ltr'><em>asper</em></span> <span class='ocrx_word' id='word_1_385' title='bbox 880 3866 924 3924; x_wconf 78' lang='lat' dir='ltr'><em>arel</em></span> <span class='ocrx_word' id='word_1_386' title='bbox 940 3866 1018 3924; x_wconf 89' lang='lat' dir='ltr'><em>lenis.</em></span> <span class='ocrx_word' id='word_1_387' title='bbox 1049 3869 1167 3942; x_wconf 77' lang='lat' dir='ltr'><em>Tempus</em></span> <span class='ocrx_word' id='word_1_388' title='bbox 1184 3885 1265 3924; x_wconf 86' lang='lat' dir='ltr'><em>unum</em></span> <span class='ocrx_word' id='word_1_389' title='bbox 1283 3869 1326 3925; x_wconf 90' lang='lat' dir='ltr'><em>uei</em></span> <span class='ocrx_word' id='word_1_390' title='bbox 1342 3868 1397 3924; x_wconf 85' lang='lat' dir='ltr'><em>duo</em></span> <span class='ocrx_word' id='word_1_391' title='bbox 1413 3867 1458 3923; x_wconf 91' lang='lat' dir='ltr'><em>uel</em></span> <span class='ocrx_word' id='word_1_392' title='bbox 1474 3868 1555 3923; x_wconf 83' lang='lat' dir='ltr'><em>etium</em></span> <span class='ocrx_word' id='word_1_393' title='bbox 1570 3886 1584 3923; x_wconf 90' lang='lat' dir='ltr'><em>a</em></span> 
     </span>
     <span class='ocr_line' id='line_1_38' title="bbox 288 3949 1584 4032; baseline -0.004 -21"><span class='ocrx_word' id='word_1_394' title='bbox 288 3949 351 4031; x_wconf 77' lang='lat' dir='ltr'><em>(lep.</em></span> <span class='ocrx_word' id='word_1_395' title='bbox 369 3953 410 4032; x_wconf 81' lang='lat' dir='ltr'><em>ut)</em></span> <span class='ocrx_word' id='word_1_396' title='bbox 436 3954 647 4031; x_wconf 84' lang='lat' dir='ltr'><em>quibusdam</em></span> <span class='ocrx_word' id='word_1_397' title='bbox 671 3953 759 4027; x_wconf 88' lang='lat' dir='ltr'><em>placet</em></span> <span class='ocrx_word' id='word_1_398' title='bbox 776 3970 858 4009; x_wconf 85' lang='lat' dir='ltr'><em>unum</em></span> <span class='ocrx_word' id='word_1_399' title='bbox 874 3955 957 4010; x_wconf 87' lang='lat' dir='ltr'><em>seruis</em></span> <span class='ocrx_word' id='word_1_400' title='bbox 973 3962 1000 4009; x_wconf 91' lang='lat' dir='ltr'><em>et</em></span> <span class='ocrx_word' id='word_1_401' title='bbox 1014 3954 1069 4010; x_wconf 88' lang='grc' dir='ltr'>ιΙιιο</span> <span class='ocrx_word' id='word_1_402' title='bbox 1085 3955 1166 4009; x_wconf 89' lang='lat' dir='ltr'><em>semis</em></span> <span class='ocrx_word' id='word_1_403' title='bbox 1181 3962 1210 4009; x_wconf 91' lang='lat' dir='ltr'><em>et</em></span> <span class='ocrx_word' id='word_1_404' title='bbox 1226 3955 1285 4009; x_wconf 89' lang='lat' dir='ltr'><em>tria.</em></span> <span class='ocrx_word' id='word_1_405' title='bbox 1323 3954 1422 4009; x_wconf 81' lang='lat' dir='ltr'><em>Taiuen</em></span> <span class='ocrx_word' id='word_1_406' title='bbox 1446 3953 1473 4007; x_wconf 90' lang='lat' dir='ltr'><em>in</em></span> <span class='ocrx_word' id='word_1_407' title='bbox 1497 3962 1584 4007; x_wconf 85' lang='lat' dir='ltr'><em>metro</em></span> 
     </span>
     <span class='ocr_line' id='line_1_39' title="bbox 286 4037 1583 4113; baseline -0.002 -18"><span class='ocrx_word' id='word_1_408' title='bbox 286 4057 397 4098; x_wconf 87' lang='lat' dir='ltr'><em>necesse</em></span> <span class='ocrx_word' id='word_1_409' title='bbox 424 4049 466 4098; x_wconf 87' lang='lat' dir='ltr'><em>est</em></span> <span class='ocrx_word' id='word_1_410' title='bbox 494 4055 713 4113; x_wconf 83' lang='lat' dir='ltr'><em>unaurquamque</em></span> <span class='ocrx_word' id='word_1_411' title='bbox 742 4037 864 4095; x_wconf 83' lang='lat' dir='ltr'><em>sillabam</em></span> <span class='ocrx_word' id='word_1_412' title='bbox 896 4039 939 4095; x_wconf 88' lang='lat' dir='ltr'><em>uei</em></span> <span class='ocrx_word' id='word_1_413' title='bbox 968 4040 1048 4095; x_wconf 91' lang='lat' dir='ltr'><em>unius</em></span> <span class='ocrx_word' id='word_1_414' title='bbox 1076 4038 1120 4094; x_wconf 88' lang='lat' dir='ltr'><em>uei</em></span> <span class='ocrx_word' id='word_1_415' title='bbox 1147 4039 1263 4095; x_wconf 87' lang='lat' dir='ltr'><em>duorum</em></span> <span class='ocrx_word' id='word_1_416' title='bbox 1297 4038 1382 4113; x_wconf 86' lang='lat' dir='ltr'><em>accipi</em></span> <span class='ocrx_word' id='word_1_417' title='bbox 1418 4045 1583 4110; x_wconf 84' lang='lat' dir='ltr'><em>temporum,</em></span> 
     </span>
     <span class='ocr_line' id='line_1_40' title="bbox 285 4123 1585 4197; baseline -0.004 -16"><span class='ocrx_word' id='word_1_418' title='bbox 285 4124 396 4182; x_wconf 83' lang='lat' dir='ltr'><em>breuem</em></span> <span class='ocrx_word' id='word_1_419' title='bbox 420 4126 517 4197; x_wconf 86' lang='lat' dir='ltr'><em>unius,</em></span> <span class='ocrx_word' id='word_1_420' title='bbox 541 4125 652 4197; x_wconf 85' lang='lat' dir='ltr'><em>tongam</em></span> <span class='ocrx_word' id='word_1_421' title='bbox 675 4140 742 4179; x_wconf 88' lang='lat' dir='ltr'><em>uero</em></span> <span class='ocrx_word' id='word_1_422' title='bbox 764 4124 890 4180; x_wconf 83' lang='lat' dir='ltr'><em>duorum.</em></span> <span class='ocrx_word' id='word_1_423' title='bbox 926 4123 1061 4181; x_wconf 87' lang='lat' dir='ltr'><em>Numerus</em></span> <span class='ocrx_word' id='word_1_424' title='bbox 1084 4123 1235 4180; x_wconf 86' lang='lat' dir='ltr'><em>litterarum</em></span> <span class='ocrx_word' id='word_1_425' title='bbox 1257 4124 1319 4197; x_wconf 90' lang='lat' dir='ltr'><em>quia</em></span> <span class='ocrx_word' id='word_1_426' title='bbox 1336 4123 1368 4178; x_wconf 89' lang='lat' dir='ltr'><em>ab</em></span> <span class='ocrx_word' id='word_1_427' title='bbox 1385 4139 1438 4179; x_wconf 91' lang='lat' dir='ltr'><em>una</em></span> <span class='ocrx_word' id='word_1_428' title='bbox 1454 4123 1585 4196; x_wconf 90' lang='lat' dir='ltr'><em>incipiens</em></span> 
     </span>
     <span class='ocr_line' id='line_1_41' title="bbox 285 4201 1584 4286; baseline -0.004 -20"><span class='ocrx_word' id='word_1_429' title='bbox 285 4227 341 4267; x_wconf 88' lang='lat' dir='ltr'><em>nou</em></span> <span class='ocrx_word' id='word_1_430' title='bbox 364 4211 425 4284; x_wconf 88' lang='lat' dir='ltr'><em>pius</em></span> <span class='ocrx_word' id='word_1_431' title='bbox 448 4228 528 4285; x_wconf 83' lang='lat' dir='ltr'><em>quain</em></span> <span class='ocrx_word' id='word_1_432' title='bbox 552 4211 584 4264; x_wconf 86' lang='lat' dir='ltr'><em>ad</em></span> <span class='ocrx_word' id='word_1_433' title='bbox 607 4226 653 4264; x_wconf 81' lang='lat' dir='ltr'><em>sex</em></span> <span class='ocrx_word' id='word_1_434' title='bbox 676 4208 782 4265; x_wconf 86' lang='lat' dir='ltr'><em>litteras</em></span> <span class='ocrx_word' id='word_1_435' title='bbox 805 4209 955 4282; x_wconf 84' lang='lat' dir='ltr'><em>procedere</em></span> <span class='ocrx_word' id='word_1_436' title='bbox 971 4202 982 4286; x_wconf 76' lang='grc' dir='ltr'><em>ΙΙ</em></span> <span class='ocrx_word' id='word_1_437' title='bbox 1000 4209 1019 4265; x_wconf 86' lang='lat' dir='ltr'><em>i.</em></span> <span class='ocrx_word' id='word_1_438' title='bbox 1034 4201 1092 4264; x_wconf 81' lang='lat' dir='ltr'><em>llb</em></span> <span class='ocrx_word' id='word_1_439' title='bbox 1109 4201 1120 4284; x_wconf 78' lang='grc' dir='ltr'><em>[Ι</em></span> <span class='ocrx_word' id='word_1_440' title='bbox 1137 4208 1231 4264; x_wconf 82' lang='lat' dir='ltr'><em>siliaba</em></span> <span class='ocrx_word' id='word_1_441' title='bbox 1255 4215 1346 4282; x_wconf 87' lang='lat' dir='ltr'><em>potest</em></span> <span class='ocrx_word' id='word_1_442' title='bbox 1369 4210 1396 4264; x_wconf 94' lang='lat' dir='ltr'><em>iu</em></span> <span class='ocrx_word' id='word_1_443' title='bbox 1420 4207 1504 4264; x_wconf 89' lang='lat' dir='ltr'><em>latino</em></span> <span class='ocrx_word' id='word_1_444' title='bbox 1527 4223 1584 4262; x_wconf 89' lang='lat' dir='ltr'><em>ser·</em></span> 
     </span>
     <span class='ocr_line' id='line_1_42' title="bbox 286 4292 1584 4368; baseline -0.004 -18"><span class='ocrx_word' id='word_1_445' title='bbox 286 4312 367 4351; x_wconf 88' lang='lat' dir='ltr'><em>mone</em></span> <span class='ocrx_word' id='word_1_446' title='bbox 390 4303 420 4351; x_wconf 91' lang='lat' dir='ltr'><em>ut</em></span> <span class='ocrx_word' id='word_1_447' title='bbox 443 4314 457 4352; x_wconf 88' lang='lat' dir='ltr'><em>a</em></span> <span class='ocrx_word' id='word_1_448' title='bbox 480 4295 512 4351; x_wconf 91' lang='lat' dir='ltr'><em>ab</em></span> <span class='ocrx_word' id='word_1_449' title='bbox 536 4312 580 4351; x_wconf 88' lang='lat' dir='ltr'><em>ors</em></span> <span class='ocrx_word' id='word_1_450' title='bbox 604 4310 676 4349; x_wconf 88' lang='lat' dir='ltr'><em>mars</em></span> <span class='ocrx_word' id='word_1_451' title='bbox 699 4302 775 4349; x_wconf 87' lang='lat' dir='ltr'><em>stans</em></span> <span class='ocrx_word' id='word_1_452' title='bbox 798 4297 891 4368; x_wconf 89' lang='lat' dir='ltr'><em>stirps.</em></span> <span class='ocrx_word' id='word_1_453' title='bbox 938 4294 1024 4350; x_wconf 82' lang='lat' dir='ltr'><em>Habet</em></span> <span class='ocrx_word' id='word_1_454' title='bbox 1052 4296 1133 4349; x_wconf 80' lang='lat' dir='ltr'><em>etiarn</em></span> <span class='ocrx_word' id='word_1_455' title='bbox 1163 4310 1341 4367; x_wconf 85' lang='lat' dir='ltr'><em>unaquaeque</em></span> <span class='ocrx_word' id='word_1_456' title='bbox 1369 4292 1465 4349; x_wconf 81' lang='lat' dir='ltr'><em>siliaisa</em></span> <span class='ocrx_word' id='word_1_457' title='bbox 1493 4292 1584 4348; x_wconf 77' lang='lat' dir='ltr'><em>aititur·</em></span> 
     </span>
     <span class='ocr_line' id='line_1_43' title="bbox 286 4375 1584 4452; baseline -0.005 -16"><span class='ocrx_word' id='word_1_458' title='bbox 286 4381 374 4436; x_wconf 84' lang='lat' dir='ltr'><em>dinem</em></span> <span class='ocrx_word' id='word_1_459' title='bbox 403 4380 572 4436; x_wconf 80' lang='lat' dir='ltr'><em>latitudinem</em></span> <span class='ocrx_word' id='word_1_460' title='bbox 596 4389 623 4435; x_wconf 91' lang='lat' dir='ltr'><em>et</em></span> <span class='ocrx_word' id='word_1_461' title='bbox 645 4378 856 4452; x_wconf 74' lang='lat' dir='ltr'><em>longitudinem.</em></span> <span class='ocrx_word' id='word_1_462' title='bbox 901 4378 1077 4435; x_wconf 75' lang='lat' dir='ltr'><em>Altituitiaem</em></span> <span class='ocrx_word' id='word_1_463' title='bbox 1106 4379 1132 4433; x_wconf 89' lang='lat' dir='ltr'><em>in</em></span> <span class='ocrx_word' id='word_1_464' title='bbox 1163 4387 1273 4450; x_wconf 84' lang='lat' dir='ltr'><em>tenore,</em></span> <span class='ocrx_word' id='word_1_465' title='bbox 1302 4378 1510 4435; x_wconf 81' lang='lat' dir='ltr'><em>erassitudinem</em></span> <span class='ocrx_word' id='word_1_466' title='bbox 1540 4375 1584 4431; x_wconf 89' lang='lat' dir='ltr'><em>uei</em></span> 
     </span>
     <span class='ocr_line' id='line_1_44' title="bbox 287 4464 1073 4538; baseline 0.001 -20"><span class='ocrx_word' id='word_1_467' title='bbox 287 4464 456 4521; x_wconf 87' lang='lat' dir='ltr'><em>latitudinem</em></span> <span class='ocrx_word' id='word_1_468' title='bbox 480 4467 505 4519; x_wconf 91' lang='lat' dir='ltr'><em>iu</em></span> <span class='ocrx_word' id='word_1_469' title='bbox 530 4464 644 4537; x_wconf 84' lang='lat' dir='ltr'><em>spiritu,</em></span> <span class='ocrx_word' id='word_1_470' title='bbox 668 4464 867 4538; x_wconf 78' lang='lat' dir='ltr'><em>longitudinem</em></span> <span class='ocrx_word' id='word_1_471' title='bbox 892 4464 918 4520; x_wconf 90' lang='lat' dir='ltr'><em>in</em></span> <span class='ocrx_word' id='word_1_472' title='bbox 942 4474 1073 4538; x_wconf 88' lang='lat' dir='ltr'><em>tempore.</em></span> 
     </span>
    </p>
   </div>
   <div class='ocr_carea' id='block_1_7' title="bbox 370 4577 1588 4667">
    <p class='ocr_par' dir='ltr' id='par_1_10' title="bbox 370 4577 1588 4667">
     <span class='ocr_line' id='line_1_45' title="bbox 370 4577 1588 4667; baseline -0.002 -27"><span class='ocrx_word' id='word_1_473' title='bbox 370 4580 514 4656; x_wconf 81' lang='lat' dir='ltr'><em>Sequitur</em></span> <span class='ocrx_word' id='word_1_474' title='bbox 535 4577 772 4651; x_wconf 59' lang='lat' dir='ltr'><em>tractetusthiE</em></span> <span class='ocrx_word' id='word_1_475' title='bbox 796 4578 991 4667; x_wconf 79' lang='lat' dir='ltr'><em>rtNtLtpvs</em></span> <span class='ocrx_word' id='word_1_476' title='bbox 1014 4579 1196 4649; x_wconf 63' lang='lat' dir='ltr'><em>sotanis,</em></span> <span class='ocrx_word' id='word_1_477' title='bbox 1219 4578 1270 4639; x_wconf 77' lang='lat' dir='ltr'><em>liic</em></span> <span class='ocrx_word' id='word_1_478' title='bbox 1291 4595 1408 4654; x_wconf 81' lang='lat' dir='ltr'><em>quoqne</em></span> <span class='ocrx_word' id='word_1_479' title='bbox 1430 4596 1450 4637; x_wconf 89' lang='lat' dir='ltr'><em>o</em></span> <span class='ocrx_word' id='word_1_480' title='bbox 1473 4580 1588 4653; x_wconf 81' lang='lat' dir='ltr'><em>Donati</em></span> 
     </span>
    </p>
   </div>
   <div class='ocr_carea' id='block_1_8' title="bbox 285 4679 1585 4862">
    <p class='ocr_par' dir='ltr' id='par_1_11' title="bbox 285 4679 1585 4862">
     <span class='ocr_line' id='line_1_46' title="bbox 285 4679 1585 4758; baseline -0.003 -18"><span class='ocrx_word' id='word_1_481' title='bbox 285 4681 371 4742; x_wconf 72' lang='lat' dir='ltr'><em>loiris</em></span> <span class='ocrx_word' id='word_1_482' title='bbox 385 4683 514 4751; x_wconf 85' lang='lat' dir='ltr'><em>alienus,</em></span> <span class='ocrx_word' id='word_1_483' title='bbox 531 4700 618 4758; x_wconf 79' lang='lat' dir='ltr'><em>qoem</em></span> <span class='ocrx_word' id='word_1_484' title='bbox 632 4682 686 4743; x_wconf 83' lang='lat' dir='ltr'><em>sub</em></span> <span class='ocrx_word' id='word_1_485' title='bbox 701 4681 803 4743; x_wconf 80' lang='lat' dir='ltr'><em>Seruii</em></span> <span class='ocrx_word' id='word_1_486' title='bbox 816 4686 936 4743; x_wconf 73' lang='lat' dir='ltr'><em>neruiue</em></span> <span class='ocrx_word' id='word_1_487' title='bbox 950 4684 1019 4744; x_wconf 89' lang='lat' dir='ltr'><em>olim</em></span> <span class='ocrx_word' id='word_1_488' title='bbox 1034 4685 1131 4745; x_wconf 75' lang='lat' dir='ltr'><em>ellidii</em></span> <span class='ocrx_word' id='word_1_489' title='bbox 1144 4683 1246 4741; x_wconf 78' lang='lat' dir='ltr'><em>eelitor</em></span> <span class='ocrx_word' id='word_1_490' title='bbox 1262 4679 1449 4741; x_wconf 87' lang='lat' dir='ltr'><em>Bosileensis</em></span> <span class='ocrx_word' id='word_1_491' title='bbox 1460 4698 1489 4741; x_wconf 89' lang='lat' dir='ltr'><em>u.</em></span> <span class='ocrx_word' id='word_1_492' title='bbox 1510 4688 1545 4737; x_wconf 80' lang='grc'><em>15</em></span> <span class='ocrx_word' id='word_1_493' title='bbox 1550 4687 1585 4737; x_wconf 63' lang='grc'><em>21</em></span> 
     </span>
     <span class='ocr_line' id='line_1_47' title="bbox 288 4782 1583 4862; baseline -0.002 -20"><span class='ocrx_word' id='word_1_494' title='bbox 288 4783 347 4856; x_wconf 78' lang='lat' dir='ltr'><em>(es.</em></span> <span class='ocrx_word' id='word_1_495' title='bbox 364 4784 443 4844; x_wconf 83' lang='lat' dir='ltr'><em>Keil.</em></span> <span class='ocrx_word' id='word_1_496' title='bbox 455 4803 490 4859; x_wconf 88' lang='lat' dir='ltr'><em>p.</em></span> <span class='ocrx_word' id='word_1_497' title='bbox 507 4785 597 4845; x_wconf 83' lang='lat' dir='ltr'><em>XLV</em></span> <span class='ocrx_word' id='word_1_498' title='bbox 612 4788 672 4845; x_wconf 80' lang='lat' dir='ltr'><em>aiot.</em></span> <span class='ocrx_word' id='word_1_499' title='bbox 688 4786 752 4860; x_wconf 84' lang='lat' dir='ltr'><em>IV)</em></span> <span class='ocrx_word' id='word_1_500' title='bbox 776 4803 920 4861; x_wconf 75' lang='lat' dir='ltr'><em>penemque</em></span> <span class='ocrx_word' id='word_1_501' title='bbox 933 4787 1004 4845; x_wconf 75' lang='lat' dir='ltr'><em>iside</em></span> <span class='ocrx_word' id='word_1_502' title='bbox 1018 4786 1138 4862; x_wconf 84' lang='lat' dir='ltr'><em>repetiit</em></span> <span class='ocrx_word' id='word_1_503' title='bbox 1155 4782 1313 4843; x_wconf 83' lang='lat' dir='ltr'><em>Pntseltius</em></span> <span class='ocrx_word' id='word_1_504' title='bbox 1331 4801 1365 4859; x_wconf 92' lang='lat' dir='ltr'><em>p.</em></span> <span class='ocrx_word' id='word_1_505' title='bbox 1384 4788 1583 4842; x_wconf 71' lang='lat' dir='ltr'><em>listi-‹tt&#39;tm</em></span> 
     </span>
    </p>
   </div>
   <div class='ocr_carea' id='block_1_9' title="bbox 0 0 1716 5378">
    <p class='ocr_par' dir='ltr' id='par_1_12' title="bbox 0 0 1716 5378">
     <span class='ocr_line' id='line_1_48' title="bbox 0 0 1716 5378; baseline 0 0"><span class='ocrx_word' id='word_1_506' title='bbox 0 0 1716 5378; x_wconf 95' lang='lat' dir='ltr'><em> </em></span> 
     </span>
    </p>
   </div>
  </div>
 </body>
</html>
