3420 5378
564 308 614 358 DE
632 306 818 360 suanum
835 308 941 359 ARTE.

247 536 252 544 ·
336 496 557 575 Expliciunt
578 496 760 575 capitula.
806 495 944 574 lncipit
965 494 1164 574 praelatio.

326 616 465 696 Corporis
488 621 532 676 est
554 616 685 695 species.
708 615 824 693 species
846 622 892 676 est
913 613 1006 674 altera
1028 631 1142 674 rernm:

367 700 424 762 ista
447 718 530 761 suam
554 700 679 761 lormam
703 700 848 769 continet,
874 698 923 760 illa
945 717 1038 761 suam.

325 785 489 866 Conspicua
512 793 559 845 est
581 787 661 849 uisu.
685 783 822 846 manibus
843 783 1000 864 palpabilis
1021 783 1085 844 illa:

368 870 497 950 Excepta
521 873 631 931 nostris
653 868 766 931 nisibus
788 871 842 929 ista
865 877 965 930 manet

325 955 457 1017 Nominis
479 954 529 1015 hic
551 956 668 1035 species
689 952 814 1034 pulchre
836 953 1025 1033 distinguitur
1047 956 1159 1024 omnis

368 1040 450 1113 Quae
472 1038 612 1120 bipertito
634 1042 751 1119 gurgite
772 1047 833 1100 tota
856 1046 965 1101 manat.

325 1124 450 1186 Nomina
474 1123 637 1203 grandaeni
659 1125 860 1204 complectens
882 1127 981 1186 omnia
1004 1125 1104 1186 mundi

369 1208 490 1272 Scilicet
512 1211 642 1271 aetherei
665 1208 760 1271 lucida
783 1209 872 1289 pinna
894 1209 969 1289 poll,

326 1294 395 1357 Post
418 1293 533 1357 telluris
555 1313 650 1372 aquae
672 1296 823 1371 coniungit
846 1305 875 1356 et
896 1296 995 1356 omnia
1018 1313 1119 1357 rerum

367 1380 479 1441 [liuidit
501 1383 531 1440 in
554 1382 664 1441 formas
687 1380 805 1440 nomina
828 1381 892 1441 iure
915 1380 998 1442 duas.

325 1465 469 1526 Omnibus
491 1474 604 1545 aptatas
627 1465 731 1526 tribuit
753 1464 894 1526 discretio
917 1466 1042 1532 formas,

367 1551 403 1611 Vt
424 1559 546 1611 teneant
568 1559 673 1612 cuncta
696 1551 813 1612 nomina
837 1551 901 1612 iura
925 1569 988 1612 sua.

326 1634 362 1696 Et
383 1634 496 1696 calamo
518 1644 618 1696 rectos
641 1635 747 1714 satagit
768 1634 950 1713 distinguere
973 1634 1062 1697 ealles

369 1720 426 1781 Per
448 1738 522 1800 quos
544 1717 731 1801 doctiloquus
753 1738 877 1782 currere
898 1722 991 1800 possit
1013 1720 1111 1782 homo.

326 1804 468 1867 Concedit
489 1806 618 1885 propriis
640 1806 809 1885 proprium.
833 1805 969 1867 concedit
990 1814 1020 1866 ct
1041 1803 1100 1866 illls

367 1889 559 1970 Appellatiuis
582 1907 689 1952 nomen
712 1889 823 1950 hahere
845 1909 939 1952 suum.

164 2075 331 2157 Explicit
359 2077 557 2157 praelatio.
603 2077 740 2156 lncipit
767 2077 808 2137 de
831 2076 1014 2158 qualitate
1037 2086 1211 2140 tractare.
1258 2078 1329 2139 Cur

557 2179 707 2241 dicatur
729 2178 895 2260 qualitas
918 2180 938 2239 l.

61 2312 90 2354 ao
190 2295 321 2371 Qualitas
343 2297 458 2368 dicitur,
482 2301 549 2377 quia
572 2301 701 2377 propriis
724 2296 893 2358 nominibus
915 2299 1065 2378 propriam
1088 2307 1118 2359 et
1133 2297 1318 2379 appellatiuis
1340 2317 1391 2379 ap-

99 2382 270 2464 pellatluam
294 2382 400 2445 tribuit
426 2382 612 2464 qualitatem,
646 2402 722 2464 quae
750 2385 779 2442 in
808 2384 963 2462 proprium
992 2402 1100 2445 nomen
1129 2393 1158 2445 et
1181 2383 1390 2464 appellatiuum

100 2467 305 2549 principaliter
327 2471 518 2547 cognoscitur
541 2487 604 2529 esse
627 2468 733 2530 diuisa.

251 2656 298 2717 lle
321 2656 463 2737 proprii
486 2664 522 2716 et
544 2653 769 2735 appellatiui
799 2656 959 2717 nominis
981 2656 1174 2718 diuisione
1198 2656 1238 2717 ll.

185 2775 304 2853 Proprii
326 2783 356 2837 ct
378 2772 548 2854 appellatiui
570 2775 698 2835 nominis
720 2774 793 2836 lraec
815 2783 860 2836 est
882 2777 975 2855 prima
999 2792 1130 2855 ueraque
1153 2773 1270 2835 dinisio.
1315 2775 1387 2836 Pro·

57 2860 197 2940 ¹⁶prlum
226 2878 334 2921 nomen
362 2869 408 2920 est
435 2859 592 2929 ‘Creator',
624 2859 701 2938 quod
733 2861 782 2920 uni
810 2868 922 2921 tantum
952 2858 1068 2938 solique
1090 2860 1237 2920 ueraciter
1260 2861 1389 2938 pertinet

98 2944 242 3013 Creatori,
266 2946 333 3025 quia
357 2945 431 3024 ‘ipse
453 2944 540 3004 dixit:
570 2952 599 3004 ct
626 2945 701 3005 lacta
724 2952 809 3014 sunt;
837 2947 901 3024 ipse
924 2943 1089 3005 mandauit:
1118 2952 1146 3005 et
1174 2952 1273 3005 creata
1295 2947 1389 3006 sunt'.

98 3027 317 3111 llppcllatiuum
340 3046 414 3090 uero
443 3047 550 3090 nomen
580 3036 626 3089 est
647 3031 817 3100 ‘creatura',
840 3030 917 3111 quod
949 3025 1088 3091 omnibus
1116 3030 1295 3108 generaliter
1317 3037 1389 3090 con·

99 3116 174 3195 petit
194 3116 349 3186 creaturis,
372 3115 440 3192 quia
463 3115 562 3175 omnia
585 3114 613 3174 in
636 3114 767 3194 pondere
791 3125 820 3175 et
841 3134 967 3176 numero
991 3123 1020 3176 et
1042 3133 1180 3176 mensura
1195 3115 1390 3177 dinoscuntur

99 3217 165 3261 esse
187 3208 295 3261 creata.
341 3200 373 3261 ln
397 3200 443 3260 his
466 3198 581 3260 duobus
604 3199 773 3260 nominibus
795 3210 825 3261 et
847 3201 934 3261 unius
957 3202 1108 3262 Creatoris
1136 3208 1165 3260 et
1188 3202 1278 3261 totius
1300 3219 1390 3279 gene·

57 3284 200 3346 wraliter
222 3284 346 3365 qualitas
368 3283 622 3364 conprehenditur
645 3293 807 3346 creaturae.

257 3471 304 3532 De
332 3480 491 3552 quatuor
520 3470 788 3552 principalium
817 3471 1009 3555 diuisione
1038 3473 1229 3533 nominum

533 3573 864 3653 appellatiuorum.
893 3573 955 3639 lll.

183 3691 215 3753 ln
244 3693 390 3754 creaturis
419 3701 516 3753 autern
539 3701 665 3773 quatuor
694 3692 873 3773 principales
901 3694 1095 3755 inueniuntur
1124 3712 1189 3756 csse
1216 3693 1387 3762 diuisiones‚

99 3777 266 3857 exquibus
288 3776 467 3857 multiplices
492 3778 679 3858 postmodum
708 3778 885 3839 diuisionnm
914 3780 1029 3858 species
1057 3789 1247 3858 generantur.
1293 3778 1390 3839 Prima

60 3865 253 3925 ssnomimrm
281 3861 388 3923 diuisio
417 3872 460 3922 est
488 3863 688 3942 corporalium
718 3873 746 3925 et
773 3863 1004 3944 incorporalium
1031 3883 1147 3935 rerum,
1176 3864 1304 3925 secunda
1328 3865 1390 3924 ani·

98 3945 217 4009 mallum
242 3955 271 4008 et
292 3947 505 4017 inanimalium,
529 3950 614 4009 tertia
634 3951 824 4029 propriorum
843 3959 872 4010 rt
895 3949 1150 4029 appellatiuornm,
1174 3960 1276 4029 quarta
1299 3968 1390 4026 gene·

97 4032 204 4095 ralium
229 4042 258 4094 et
280 4030 462 4114 specialium.
509 4033 539 4093 ln
564 4032 609 4093 lris
631 4043 759 4113 quatuor
782 4033 975 4095 diuisionibus
989 4034 1120 4096 omnium
1143 4032 1389 4113 appellatiuorum

98 4120 251 4180 nominum
275 4117 401 4198 qualitas
424 4119 600 4179 continetur.
645 4118 718 4180 Nam
742 4118 779 4179 de
802 4121 866 4180 istis
887 4120 1037 4200 primitius
1061 4128 1090 4180 et
1112 4118 1279 4185 dirinatiua
1304 4118 1390 4179 dimi·

97 4204 201 4266 nutlua
224 4211 253 4265 et
276 4204 359 4282 quasi
382 4203 558 4263 diminutius
581 4211 636 4264 etc.
663 4238 701 4248 -
726 4204 898 4284 temporalia
914 4212 943 4265 ct
958 4203 1062 4265 localia
1080 4211 1241 4265 nascuntur
1257 4205 1387 4265 nomina.

57 4289 185 4350 ornus
207 4287 244 4349 de
265 4289 328 4349 istis
350 4296 477 4366 quatuor
499 4287 677 4350 diuisionum
700 4289 917 4369 speciebus...

183 4408 251 4469 rot.
273 4408 342 4468 Ν]ο
370 4415 520 4469 tractatus
547 4410 585 4468 de
612 4406 796 4486 homonymis
823 4416 852 4469 et
872 4412 1042 4485 syrionymis
1064 4409 1145 4485 (IX)
1168 4408 1289 4471 mutilus
1310 4411 1391 4470 bisce

98 4511 199 4572 uerbis·
213 4508 335 4587 pergit:

167 4730 288 4798 bpulere
355 4730 438 4795 ique
490 4741 575 4798 mppet
593 4741 678 4783 manat
745 4730 903 4799 ssgmndeui
953 4730 1082 4783 betherel
1152 4734 1183 4782 12
1201 4741 1304 4798 aptatus
1358 4732 1389 4781 lb

97 4799 240 4850 doctiloeus
307 4801 341 4851 29
358 4800 408 4850 lriis
476 4803 509 4852 3b
526 4801 701 4851 inanimalium
729 4817 822 4866 permp.
840 4800 925 4852 Tertio
992 4802 1025 4853 3‘1
1043 4800 1093 4851 hiis

122 4890 219 4932 um
233 4901 286 4934 ur.
299 4891 382 4934 surm
1172 4902 1189 4953 q
