3420 5378
642 245 681 296 IN
701 242 909 295 EVTYCHEM.

216 430 362 507 Sequitur
383 433 483 493 breiu's
505 438 657 493 tractatus
678 435 715 492 (te
737 435 823 510 eqeto
840 435 1000 510 pesebali:

218 554 373 610 Terminum
396 555 530 628 pascalem
553 572 576 611 a.
600 554 653 609 llll.
678 553 729 609 kal.
753 554 832 627 april.
856 572 941 629 usqne
964 555 996 611 ad
1019 554 1084 610 llllll
1107 553 1157 611 lul.
1181 556 1252 611 maii.
1275 555 1340 612 llllll
1363 555 1425 612 luna

132 639 309 695 demonstrat.
346 639 501 695 'ferminum
524 656 592 696 uero
617 639 821 713 quadragesime
843 657 866 695 a.
884 639 924 695 Vll
940 640 1001 695 idus
1024 639 1152 696 februarii
1175 658 1262 714 usque
1285 641 1316 696 aa
1339 657 1426 697 nonas

131 733 209 781 mart.
232 724 264 780 ll.
286 724 350 781 luna
372 724 496 797 ‹lusignat
513 755 549 766 -
572 733 635 799 post
657 727 884 780 resurrectionem
908 724 951 780 nel
974 724 1161 781 ascensionem
1183 725 1286 782 domini
1309 724 1427 799 apostoli

132 809 268 882 quomodo
285 810 389 883 pascha
412 809 542 866 deberent
564 809 800 881 olisernareniliil
824 810 948 866 unlinare
971 817 1137 884 potuerunt,
1160 812 1223 884 quia
1247 827 1296 884 per
1318 812 1427 867 uniuer-

132 911 192 950 sum
220 892 350 950 mundum
382 895 498 968 dispersi
526 894 558 951 ad
588 894 780 969 predicandum
809 894 916 951 inerant
945 897 1087 968 occupati,
1115 895 1162 955 sed
1190 912 1362 970 quacumque
1383 896 1427 952 die

133 978 199 1035 llllll
222 977 286 1034 luna
308 995 402 1037 mense
425 981 522 1036 martio
546 980 643 1037 inisset
665 979 766 1053 pascha
788 978 968 1037 celebrabant.

215 1113 313 1173 Huius
345 1114 440 1187 iqitur
470 1114 557 1188 libri,
593 1115 679 1173 cuius
706 1119 735 1171 et
762 1120 877 1189 tempus
904 1121 933 1172 et
959 1115 1043 1174 loeus
1075 1114 1222 1175 tractemus
1253 1117 1425 1189 iquorutur,

133 1217 319 1276 auctoritate
341 1215 464 1275 attinctus
485 1215 572 1274 tierrici
587 1231 707 1291 paucos
728 1218 810 1276 locos
831 1213 964 1291 exempli
988 1214 1161 1277 Turieensis
1180 1224 1341 1292 coemptos
1361 1233 1427 1277 cor·

131 1316 203 1378 rexi
230 1323 322 1392 atque
347 1319 547 1376 correxissent
571 1315 709 1389 fortasse
730 1320 852 1393 plures,
881 1320 909 1377 si
930 1320 1020 1393 prius
1046 1316 1123 1377 mibi
1150 1320 1342 1386 iuriotuisset,·
1376 1320 1429 1377 sed

132 1436 200 1480 cum
222 1420 302 1478 iuter
328 1419 511 1479 ceraunios
539 1420 655 1479 demum
685 1420 857 1497 typothetae
883 1432 1006 1479 errores
1032 1421 1097 1479 cites
1123 1416 1171 1480 rei
1192 1422 1306 1480 certior
1322 1417 1429 1492 factius

132 1537 239 1593 esseru,
272 1522 342 1578 dum
371 1519 516 1595 teurporis
544 1519 696 1595 anqustiis
717 1538 844 1597 premor
865 1527 894 1580 et
915 1521 1093 1596 bibliopolae
1119 1522 1318 1582 beniuolentia
1346 1522 1430 1582 abuti

132 1624 216 1695 uolo,
241 1623 387 1682 nouautla
405 1625 614 1697 praetermisi,
637 1640 716 1698 quae
729 1625 914 1683 lecturorum
934 1625 1088 1696 suqacitas
1102 1640 1169 1683 cunr
1184 1621 1426 1698 aepretunaerit,

128 1724 229 1797 facile
249 1726 392 1798 eorriqet.
438 1725 606 1783 Praeterea
624 1743 658 1800 p.
684 1733 717 1798 t,
744 1731 780 1783 13
802 1742 865 1800 pro
888 1721 988 1784 ‘tiies'
1017 1722 1134 1785 ttiices'
1161 1723 1317 1800 eorriqus,
1349 1726 1431 1799 quod

132 1826 305 1902 typothetae
327 1826 431 1885 uitium
454 1833 513 1894 est;
538 1843 572 1901 p.
596 1835 632 1905 4,
660 1834 695 1885 tt
718 1827 811 1886 turba
833 1823 930 1885 ‘errius
945 1827 1018 1902 per'
1040 1824 1151 1886 litteris
1172 1825 1334 1887 reciiuibus
1355 1828 1429 1886 scri-

133 1929 250 1996 bentium
267 1945 303 2002 p.
328 1936 356 2000 5,
383 1935 419 1986 ttt
441 1928 489 1987 ‘iu
510 1926 637 2003 primis'
654 1945 717 2004 pro
740 1928 913 2004 ‘inprimis'
935 1927 1142 1997 scribentium
1161 1927 1190 2000 s.
1218 1935 1262 2001 13,
1288 1935 1305 1987 8
1330 1928 1431 1987 Boetii

133 2045 212 2106 quae
233 2032 420 2104 proponitur
448 2037 580 2089 naturae
607 2027 742 2101 definitio
770 2031 800 2088 iu
822 2030 922 2090 libello
943 2027 996 2104 qui
1017 2035 1060 2089 est
1081 2036 1192 2089 contro
1214 2029 1380 2108 Eutqcleem
1401 2036 1430 2088 et

134 2131 301 2191 Nestorium
316 2146 385 2206 cup.
400 2131 450 2192 IV
470 2133 589 2205 tepitur,
614 2149 672 2207 quo
694 2133 812 2207 quietem
834 2133 901 2192 loco
923 2134 954 2191 in
977 2139 1092 2193 uetuesto
1114 2129 1220 2192 codiee
1242 2129 1429 2192 Einsiellensi

136 2240 193 2291 235
209 2233 408 2307 ‘specificata’
424 2230 570 2308 scriptum
586 2241 645 2301 est;
664 2251 697 2309 p.
716 2240 764 2306 35,
784 2241 821 2292 ib
837 2231 965 2308 denique
980 2251 1042 2309 pro
1063 2234 1257 2308 ‘defectibus'
1272 2235 1428 2307 truentum

51 2380 56 2389 .
136 2333 328 2408 ‘desectiitaR

218 2438 348 2508 Iamsi,
373 2452 453 2510 quac
473 2434 555 2497 ratio
577 2439 656 2497 inter
677 2435 797 2499 coelicus
821 2436 848 2496 Τ
859 2446 888 2496 et
903 2439 932 2497 B
954 2439 1136 2511 intercedat,
1161 2440 1338 2513 requiritur,
1362 2439 1429 2498 bre·

136 2541 213 2599 uiter
234 2556 282 2597 res
305 2536 349 2597 itu
371 2540 525 2614 explicari
544 2538 658 2616 possit,
688 2548 721 2599 ut
740 2543 901 2600 coniuncto
924 2542 1079 2615 utriusque
1100 2538 1173 2599 libri
1195 2538 1315 2600 aemilio
1338 2555 1429 2615 quam

135 2637 267 2722 maxime
288 2640 372 2699 nobis
393 2657 469 2715 opus
490 2658 552 2701 esse
574 2643 718 2702 dicamas.
764 2642 842 2700 Nom
870 2658 937 2701 erem
962 2640 989 2700 Τ
1009 2639 1129 2702 omuino
1152 2642 1293 2717 pluribm
1313 2641 1430 2701 laboret

134 2739 270 2815 lacernis,
300 2739 334 2801 iu
361 2740 468 2802 coelice
495 2742 523 2801 B
550 2742 650 2804 maior
678 2742 866 2819 simpulorum
894 2744 1053 2803 acerborum
1081 2741 1239 2817 corruptio
1267 2747 1320 2801 est.
1369 2742 1430 2800 Sed

137 2842 234 2920 ipsum
272 2841 326 2917 qui
365 2850 493 2903 euocetur
529 2842 639 2904 librum
682 2846 878 2921 archetypum
913 2843 1037 2918 miqime
1073 2842 1159 2905 uitiis
1195 2861 1322 2904 euocasse
1357 2841 1431 2902 inde

135 2962 316 3021 coquoscus,
348 2947 431 3019 quod
445 2963 480 3021 p.
506 2952 552 3022 37,
580 2953 612 3004 17
636 2947 729 3006 uerba
751 2946 857 3019 ‘quam
878 2945 1025 3021 speciales
1033 2947 1053 3019 ',
1084 2944 1191 3020 quibao
1220 2943 1336 3005 omissis
1364 2962 1429 3005 seu-

137 3046 233 3107 tentia
255 3055 337 3108 recte
357 3053 440 3106 stare
461 3045 578 3123 nequit,
603 3047 636 3108 iu
660 3057 786 3123 utroque
808 3050 914 3108 destrui
936 3051 985 3109 uct
1006 3049 1087 3123 quod
1103 3065 1138 3123 p.
1156 3054 1203 3121 33,
1231 3055 1328 3122 bpro
1350 3046 1429 3123 ‘per'

136 3148 293 3225 utrobique
315 3147 436 3225 ‘prius'
458 3148 605 3226 scriptum
628 3157 672 3209 est
694 3149 818 3224 aliaque
840 3152 948 3224 nauita,
976 3147 1156 3226 praesertim
1185 3166 1264 3224 qeeae
1292 3150 1334 3208 aii
1362 3165 1429 3208 uer-

135 3252 242 3311 borum
265 3252 450 3312 Graecorum
466 3269 501 3327 p.
529 3261 557 3312 t.
583 3260 601 3309 5
618 3251 846 3345 propositarum
867 3248 1054 3327 scripturam
1071 3249 1236 3328 pertinent.

707 3519 789 3583 Car.
815 3518 860 3582 Il.

397 3636 456 3700 DE
479 3636 664 3701 SEDVLIO
688 3636 787 3702 EIVS
810 3635 925 3701 hlBlil
947 3636 1162 3702 avolana.

222 3796 342 3868 Restat,
373 3804 405 3855 ut
433 3797 471 3854 tte
498 3803 623 3855 erectore
653 3792 746 3854 libelli
778 3794 902 3869 eiusque
933 3793 1116 3855 arietaritate
1143 3811 1248 3870 procrea
1281 3792 1429 3852 (tirannus.

139 3895 323 3957 Nominatur
344 3895 443 3971 iqitur
464 3895 643 3956 Sedulius
663 3896 697 3956 ia
714 3895 892 3956 Brucleeleri
913 3898 1093 3972 upoqrapbo
1116 3913 1212 3971 neque
1233 3893 1356 3954 (tuebitur
1378 3901 1430 3969 est,

139 3996 212 4074 quin
233 4000 279 4058 oti
298 4016 365 4059 eum
386 3997 484 4074 ipsum
506 3997 672 4070 referenda
694 3996 769 4070 sint,
794 4015 872 4072 quae
896 3999 1055 4059 locaturus
1078 3996 1136 4077 (es.
1160 3999 1235 4057 Luc.
1253 3998 1431 4057 Metellorum

138 4118 210 4161 mio.
233 4101 330 4160 Rieu.
353 4103 419 4160 XX
438 4119 469 4176 p.
495 4096 565 4178 353)
589 4108 657 4159 tom.
683 4101 731 4159 IV
749 4117 783 4175 p.
804 4107 863 4158 tiu
883 4098 1141 4175 commemorauit,
1165 4097 1259 4159 alitum
1281 4100 1431 4173 querzetum

138 4201 294 4262 Sedutium
322 4202 444 4263 Scotum
473 4200 593 4275 arip-iae
621 4219 640 4260 o
669 4201 769 4261 Caelio
796 4201 921 4262 Seclulio
947 4210 1041 4277 poeta
1073 4200 1246 4261 Cbristiano
1279 4199 1432 4261 diuersum

137 4302 299 4380 scripsisse
327 4304 558 4365 ‘collectaneum
580 4302 613 4364 iu
636 4320 737 4363 omncs
763 4301 907 4379 epistolas
935 4302 1026 4363 Parati
1054 4321 1071 4362 e
1093 4303 1124 4363 S.
1153 4301 1323 4378 I’atribus’,
1352 4304 1434 4376 quod

138 4408 312 4482 opusculum
329 4405 359 4466 iu
375 4405 555 4467 bibliotheca
572 4407 695 4465 l’utrum
711 4414 843 4481 erturet,
866 4404 935 4464 item
952 4408 1174 4464 ‘collectaneum
1189 4402 1220 4463 iu
1235 4405 1432 4480 Mattboeum,

139 4507 419 4585 expositionem
454 4508 489 4568 in
520 4506 681 4583 primum
718 4505 924 4566 editionem
953 4505 1110 4580 ltortati,
1143 4503 1432 4567 commentarios

140 4610 153 4672 i
159 4630 179 4672 a
201 4620 318 4671 ortem
343 4609 505 4688 Eutpeii
513 4609 538 4684 i,
570 4626 644 4684 opus
663 4608 709 4667 'eie
731 4605 878 4681 reqime‘ue
897 4606 1074 4685 principum
1097 4610 1134 4666 cle
1155 4606 1324 4667 rectoribus
1346 4605 1431 4667 Citri-

140 4711 250 4773 stiauis
271 4722 299 4772 et
320 4712 568 4773 cainticnicatibus
590 4710 718 4785 reptilis,
744 4707 850 4785 quibus
865 4709 1038 4786 respublica
1053 4709 1113 4770 rite
1127 4710 1337 4784 qubermrtur',
1355 4726 1433 4784 quac
