3420 5378
614 308 689 361 CVM
707 308 912 361 nxcuueuls
930 307 1100 362 minume.
1419 320 1498 368 cmx

208 502 298 561 betur
320 500 478 561 comedere
500 501 623 561 terram'
646 498 784 568 addicti&
808 501 879 559 talis
899 507 943 558 est
964 495 1043 558 enim
1064 500 1128 557 eins
1149 493 1348 557 additamenti
1369 496 1498 573 babitus,

207 612 242 663 ut
265 621 306 665 ea
327 605 445 664 tatiani
465 605 558 678 ipsias
580 605 700 676 incenia
719 600 891 677 profectam
913 617 977 660 esse
996 601 1101 675 possit.

292 724 322 784 p.
345 701 417 774 320,
436 699 476 764 10
498 701 575 772 Quot
589 712 658 763 sunt
673 709 770 781 partes
793 704 863 763 artis
885 700 1117 779 grammaticae?
1149 699 1238 761 Duae.
1269 700 1373 771 Ouaet
1402 701 1499 764 Prima

207 816 256 867 est
278 824 353 884 quae
375 804 518 867 scribitur
540 824 594 884 per
617 805 763 867 maloram
785 812 815 864 et
837 803 999 864 anteferam
1067 797 1106 861 12
1134 802 1265 881 paruulis
1293 812 1323 864 et
1349 804 1501 866 infantulis

208 916 338 977 tantum,
368 918 401 968 ut
427 908 543 986 possint
570 907 646 967 scire
675 903 924 986 quemadmodum
953 906 991 965 sit
1020 922 1082 974 ars,
1114 913 1144 963 ut
1172 904 1347 985 plerumque
1375 907 1502 968 infantes

208 1011 382 1071 memoriam
405 1017 577 1089 sequantur,
601 1027 660 1069 nou
684 1017 797 1068 tantum
822 1008 1055 1087 responsionem,
1079 1008 1219 1087 quoniam
1242 1008 1370 1071 lulnntes
1393 1008 1502 1069 debent

208 1113 295 1181 scire,
320 1129 379 1173 non
402 1111 497 1172 solum
520 1112 708 1189 intellegere,
733 1109 784 1170 sed
810 1111 895 1170 etiarn
919 1109 1101 1188 respondere
1123 1109 1285 1170 secundnm
1308 1109 1501 1181 intellectum,

207 1231 243 1274 eo
266 1214 343 1294 quod
366 1213 438 1275 nibil
462 1212 569 1273 babeat
591 1211 778 1281 difficultatis,
803 1226 877 1291 qnae
900 1211 1030 1272 dilinitur
1053 1209 1091 1272 ab
1112 1222 1179 1272 ueto
1194 1211 1327 1290 partibus
1349 1214 1500 1283 orationis,

207 1314 285 1376 idest
306 1336 322 1377 a
345 1318 465 1377 nomine
488 1324 543 1375 etc.
570 1350 607 1357 —
631 1314 668 1374 ab
691 1315 906 1374 interiectione.
945 1312 1080 1373 Secunda
1097 1323 1141 1373 est
1162 1331 1232 1392 pars
1247 1322 1276 1374 et
1299 1316 1362 1393 ipsa
1381 1313 1502 1375 uberior

207 1417 356 1478 modicum
381 1416 494 1477 babens
516 1414 707 1485 difficultatis,
730 1415 878 1493 quomodo
901 1416 1087 1491 interrogare
1117 1423 1147 1474 et
1174 1415 1356 1494 respondere
1379 1418 1500 1494 possint,

209 1537 286 1598 quae
314 1519 380 1579 data
409 1529 453 1577 est
480 1517 642 1578 maioribus
670 1526 698 1577 ct
727 1515 904 1577 minoribus.
949 1515 1001 1577 Est
1024 1516 1101 1576 enirn
1115 1563 1206 1577 .....
1219 1526 1306 1595 atque
1329 1515 1450 1579 robusta
1473 1528 1503 1578 et

208 1621 348 1700 incipite
372 1619 478 1688 littera,
502 1638 577 1699 quae
600 1630 630 1679 et
651 1617 782 1680 uberior.

294 1722 377 1794 Quae
403 1725 432 1782 si
457 1739 524 1781 cnm
553 1723 675 1781 Iuliartn
702 1720 863 1794 conseras,
899 1738 966 1781 eam
996 1722 1082 1797 apud
1107 1721 1188 1781 dane
1214 1739 1324 1782 manca
1352 1725 1500 1798 quaedam

206 1833 298 1899 atqne
319 1826 399 1883 mate
419 1827 499 1883 inter
520 1840 551 1883 se
572 1823 765 1883 cohaerentia
783 1822 941 1898 proferri,
972 1825 1001 1883 in
1032 1830 1100 1881 arte
1125 1839 1200 1883 aero
1224 1824 1373 1885 Bencensi
1397 1826 1502 1886 eadent

207 1929 281 1987 bene
301 1929 512 2000 conptntinata
534 1935 643 1985 etune
665 1928 754 2001 qnasi
774 1934 877 1985 tenore
898 1922 1055 2001 explicata
1077 1925 1192 1999 uideas,
1216 1924 1353 1986 iamiam
1375 1926 1502 2004 suspitio

207 2030 352 2100 oboritur,
376 2029 528 2087 tatianam
556 2026 652 2103 ipsias
679 2029 755 2087 artis
783 2028 946 2088 Bernaesis
972 2033 1180 2103 excerptorem
1205 2027 1310 2099 fnisse.
1354 2030 1503 2090 taenea

208 2129 399 2205 requerendum·
420 2130 564 2190 concludi
578 2136 686 2206 potest.

293 2249 322 2309 p.
344 2227 423 2299 320,
450 2227 488 2291 18
516 2231 622 2308 Incipit
648 2230 684 2290 de
713 2229 849 2291 finalibus
877 2228 1004 2309 syllabis.
1050 2229 1103 2290 Vm
1125 2231 1300 2291 terminatus
1322 2231 1417 2312 qualis
1438 2234 1503 2294 esti
1597 2298 1601 2305 ,

207 2333 313 2394 Breuis
336 2341 380 2394 est
401 2341 434 2393 ut
456 2332 607 2411 templum.
654 2332 728 2392 uicit
750 2339 848 2393 tamen
874 2331 1004 2392 linuatus
1068 2328 1108 2390 21
1133 2331 1251 2392 difficile
1275 2335 1343 2404 erit,
1368 2333 1447 2405 dicit,
1469 2344 1502 2395 ut

208 2435 386 2514 exemplum,
410 2454 468 2496 orn.
492 2443 606 2495 certum
652 2434 757 2494 exinde
781 2453 838 2495 om.
905 2435 1106 2494 rrorninatluus
1128 2452 1184 2494 om.
1229 2430 1272 2494 22
1294 2454 1385 2514 quare
1409 2456 1437 2498 ru
1460 2471 1501 2481 —

207 2539 354 2599 incertum
378 2545 422 2598 est
445 2553 501 2598 orn.
565 2533 607 2595 24
629 2537 659 2595 in
682 2534 805 2596 latinum
870 2534 912 2596 25
935 2535 1055 2596 latinum
1079 2553 1151 2596 uero
1173 2554 1280 2596 nouren
1297 2539 1425 2598 inueniri
1441 2557 1500 2599 non

205 2646 303 2718 potest
335 2641 365 2698 in
401 2638 454 2699 bae
486 2638 595 2717 syllaba
675 2635 717 2699 26
746 2657 783 2699 eu
813 2640 1004 2706 terminatus,
1039 2655 1094 2697 em.
1125 2636 1243 2717 quando
1322 2647 1372 2699 ant
1400 2640 1501 2700 breuis

206 2737 249 2801 28
278 2740 356 2820 apud
384 2740 513 2801 Graecos
541 2748 638 2800 antem
666 2759 785 2819 semper
813 2741 917 2818 longus
945 2747 989 2799 est
1017 2742 1157 2815 (optime)
1193 2745 1224 2797 ut
1257 2751 1362 2818 pecten
1392 2741 1497 2801 deenen

207 2840 266 2903 lien
295 2841 393 2921 pollen
422 2841 569 2921 quomodo
598 2850 703 2921 pecten
733 2850 855 2921 pectene
887 2840 995 2900 dicitur
1030 2841 1135 2900 llamen
1164 2841 1283 2900 llunrlua
1312 2841 1370 2901 lien
1398 2843 1501 2921 splene

207 2941 307 3021 pollen
331 2942 441 3022 polline
506 2941 548 3004 30
571 2946 747 3003 terminatus
769 2944 860 3003 luerit
925 2954 974 3002 aut
997 2942 1099 3002 breuis
1162 2960 1281 3021 semper
1303 2960 1360 3004 om.
1404 2940 1446 3004 32
1468 2961 1501 3004 ar

205 3048 383 3105 terminatur
448 3055 498 3106 aut
521 3045 620 3106 breuis
685 3043 726 3104 33
755 3044 823 3122 quid
853 3051 898 3103 est
927 3063 981 3105 rrar
1010 3045 1089 3104 naris
1111 3044 1157 3103 lar
1180 3042 1273 3104 larina
1297 3053 1347 3104 aut
1369 3063 1404 3105 ex
1427 3046 1500 3125 poli·

206 3144 350 3225 syllabum
374 3147 450 3207 idest
472 3146 606 3226 plurimis
628 3146 755 3224 syllabis.
793 3145 824 3203 ln
849 3144 1030 3223 polisyllabis
1054 3145 1148 3224 qualis
1171 3147 1234 3205 est?
1271 3146 1349 3206 Dicit
1371 3146 1500 3208 linuatus

205 3246 248 3311 35
276 3251 306 3309 iu
335 3251 468 3327 genitiuo
504 3260 571 3308 ante
607 3247 739 3307 ultimam
774 3245 916 3327 syllabam
944 3247 1115 3328 producunt
1148 3256 1180 3307 ut
1208 3247 1324 3308 coclear
1352 3247 1499 3327 sublegnr,

206 3359 305 3411 tamen

292 3470 320 3530 p.
343 3448 421 3518 321,
448 3453 463 3511 1
495 3451 551 3510 boe
580 3452 756 3511 auctoritate
828 3456 993 3530 tirsnmqne
1024 3462 1128 3513 tenens
1157 3460 1186 3512 et
1214 3451 1353 3530 sublegar
1381 3470 1500 3514 accusa·
1600 3529 1608 3546 ·

207 3553 260 3613 tiui
277 3551 303 3631 (ll
369 3550 390 3614 5
413 3552 444 3630 (l.
467 3549 542 3629 53¹²)
567 3570 619 3630 pes
642 3560 671 3611 et
699 3561 795 3613 certas
818 3554 943 3632 syllabas
972 3554 1062 3614 babet
1085 3564 1114 3613 et
1136 3562 1216 3614 certa
1240 3564 1383 3632 tempora.
1421 3552 1500 3624 Quo-

207 3654 313 3715 modo?
350 3654 422 3713 Puta
451 3656 475 3713 si
505 3653 599 3713 dicam
629 3655 772 3732 spondius
838 3654 856 3716 7
886 3655 988 3735 longas
1018 3674 1074 3716 erre.
1147 3663 1280 3734 tempora
1309 3663 1447 3736 quattuor
1476 3658 1500 3716 sl

206 3755 301 3817 dicam
325 3754 483 3832 pirrlcbius
505 3762 535 3815 et
557 3764 654 3817 certas
676 3755 802 3834 syllabas
825 3756 914 3818 babet
941 3757 1014 3818 duas
1043 3766 1072 3817 et
1094 3767 1175 3819 certa
1198 3766 1330 3839 tempora
1354 3758 1428 3838 duo,
1458 3760 1500 3819 sie

207 3866 237 3918 et
260 3875 335 3918 unus
357 3859 483 3937 quisque
505 3876 566 3938 pes.
598 3858 696 3928 Quare
719 3857 857 3919 dicuntur
880 3858 990 3938 pedes?
1023 3859 1096 3930 Quia
1163 3857 1330 3939 8pedibus
1345 3859 1499 3937 gradimur

206 3960 264 4021 iter
328 3956 348 4019 9
370 3978 424 4038 per
447 3959 537 4038 pedes
559 3968 723 4039 conputare
748 3959 816 4037 (lep.
833 3961 994 4029 ambulare,
1018 3961 1103 4034 rores.
1126 3966 1248 4023 Atratini
1261 3970 1355 4022 artem
1370 3952 1499 4036 aratam.

200 4080 237 4138 p.
262 4069 354 4136 2086,
383 4070 419 4120 22
441 4063 481 4121 P:
509 4062 602 4121 Pedes
630 4062 702 4122 dicti
732 4082 767 4121 eo
796 4064 874 4141 qnod
906 4067 977 4143 ipsis
1006 4062 1090 4144 [cad.
1121 4065 1213 4124 Bern.
1242 4072 1294 4122 123
1322 4079 1375 4140 per
1404 4061 1498 4143 ipsos]

207 4170 302 4223 metra
331 4160 490 4242 ambulent)
565 4161 602 4222 14
630 4163 702 4223 illud
726 4182 869 4239 ont.‚07n.
951 4164 989 4227 15
1017 4165 1074 4225 sibi
1103 4184 1160 4226 om.
1191 4165 1337 4225 euindieat
1409 4161 1448 4225 16
1470 4167 1500 4224 in

207 4267 304 4344 prima
327 4264 437 4344 syllaba
494 4263 531 4326 lt
555 4274 584 4325 et
606 4265 697 4326 tlresis
720 4286 808 4326 unam
863 4286 931 4327 nam
948 4268 972 4326 si
988 4267 1169 4346 paenultima
1242 4267 1333 4326 thesis
1354 4267 1427 4327 duas
1442 4284 1499 4327 om.

205 4364 246 4427 21
277 4375 398 4427 corrstet.
465 4364 507 4426 22
534 4369 657 4446 quisque
685 4387 738 4448 pes
767 4379 799 4428 ut.
826 4378 897 4446 puta
963 4368 1083 4429 babebit
1147 4366 1188 4429 23
1218 4369 1420 4447 uuusquisque
1447 4388 1500 4447 pes

206 4468 370 4531 secundum
393 4469 562 4548 qualitatem
586 4477 615 4529 et
637 4472 830 4547 quantitatem
854 4469 1031 4549 syllabarum
1056 4481 1188 4550 tempora
1215 4469 1335 4531 babebit
1398 4466 1442 4528 24
1464 4488 1500 4529 an

206 4590 265 4632 non
329 4568 370 4632 25
392 4570 500 4631 Christi
523 4605 564 4615 -
586 4570 774 4631 sermonibus
797 4590 853 4632 ane.
922 4572 1063 4632 trocheus
1126 4569 1168 4632 26
1191 4571 1361 4632 antibaccus
1384 4570 1500 4631 dacius

204 4670 246 4732 27
270 4680 400 4750 negaret.
424 4672 497 4733 Nam
520 4680 548 4732 et
572 4672 619 4732 bic
634 4673 671 4732 de
687 4672 780 4733 solido
796 4678 828 4733 lit
848 4676 962 4743 ‚excisio
979 4683 1009 4735 et
1023 4677 1055 4735 lit
1070 4672 1242 4735 antibaccns
1257 4692 1318 4752 pes.
1368 4670 1409 4733 28
1425 4674 1500 4734 scisa

206 4772 328 4834 solidari
349 4784 473 4853 possunt
539 4776 739 4834 terrentianus
797 4772 839 4835 29
860 4779 936 4837 seisa
1002 4774 1044 4837 30
1065 4778 1140 4837 scisa
1197 4772 1239 4836 32
1262 4782 1291 4835 et
1312 4792 1368 4836 em.
1429 4776 1500 4836 scis·

258 4888 351 4929 tisana.
367 4900 420 4933 nar.
436 4890 520 4932 seer-e.
1280 4895 1296 4929 ο
