3420 5378
190 330 295 378 'cxlv
543 316 593 367 DE
615 316 829 367 communem
847 314 1148 368 altustotuustevs

215 514 313 566 antem
337 524 390 586 per
413 523 515 566 omnes
538 504 647 583 gradus
669 524 728 567 non
752 513 867 576 exeunt,
892 506 958 583 quia
982 507 1047 584 ipse
1062 504 1192 566 Donatus
1214 504 1292 567 dicet
1306 506 1336 566 in
1351 507 1511 583 sequenti·

212 607 281 678 bus,
305 606 382 688 quod
406 607 548 686 quaedam
572 608 796 679 nominasent,
820 626 894 687 quae
918 615 1030 668 tantum
1053 606 1165 668 habent
1187 609 1345 687 positiuum
1370 617 1401 668 et
1424 626 1511 670 com·

210 711 376 788 paratiuum
400 718 432 770 ut
454 728 543 770 senex
567 718 596 769 et
618 708 723 790 quibus
745 708 850 771 deesse
872 709 1086 789 superbonum,
1103 708 1159 769 alia
1175 711 1335 790 positiuum
1352 719 1382 772 et
1398 729 1511 789 snper·

210 809 348 880 latinum,
365 810 473 890 quibus
488 811 571 872 deest
593 812 820 890 comparatiuus.
865 810 946 872 Vnde
969 811 1013 871 sb’
1029 804 1068 872 di.

285 932 350 999 ,Est
370 928 469 1006 ipitur
490 932 640 1006 quaedam
661 928 819 991 commenti
844 929 1000 1006 utriusque
1026 928 1172 1004 cognatio
1200 947 1296 1006 neque
1323 940 1426 991 tamen
1457 949 1511 1011 ea,

209 1040 251 1107 ut,
276 1030 330 1108 qai
351 1035 481 1093 alteram
503 1030 721 1110 expositionem
744 1031 963 1094 Einsidlenseni
987 1030 1184 1108 conscripsit,
1214 1034 1295 1093 bunc
1321 1030 1421 1108 ipsum
1447 1034 1512 1094 Re-

208 1133 334 1211 migium
352 1133 452 1207 fuisse
473 1144 640 1211 procerte
667 1133 764 1196 atesim
793 1136 973 1209 adfirmare,
1000 1131 1183 1210 pracsertim
1210 1151 1278 1195 cum
1305 1144 1511 1197 commentum

210 1237 364 1297 Berrrensc
385 1236 495 1314 ipsum,
520 1238 601 1313 quod
621 1235 757 1313 Remigii
783 1254 889 1298 nomen
906 1237 1140 1313 praesefert,
1171 1245 1204 1297 ut
1232 1234 1407 1298 doctrinam
1428 1256 1513 1299 sone

206 1337 273 1398 cius
306 1336 371 1399 uiri
404 1338 540 1411 referre,
576 1337 622 1398 ita
650 1337 800 1413 integrant
834 1339 993 1399 uerborum
1027 1336 1193 1412 imaginem
1224 1336 1323 1399 minus
1348 1341 1510 1415 prtacbere

206 1439 381 1501 Alexandri
402 1442 469 1500 loco
490 1439 679 1516 conprobari
700 1438 851 1502 uideatur.
896 1441 1015 1515 ltaque,
1039 1458 1077 1500 nc
1097 1438 1238 1501 subtilius
1258 1438 1456 1517 inquiramus
1470 1440 1508 1502 in

204 1559 253 1603 res
280 1544 414 1603 bumaria
443 1539 647 1616 indagatione
679 1541 882 1613 obscuriores,
919 1544 1015 1603 donec
1042 1541 1178 1603 certiora
1204 1540 1405 1604 inueniuntur
1432 1543 1509 1605 ueri

131 1642 135 1649 '
203 1642 346 1720 uestigia,
370 1646 427 1704 boc
448 1642 589 1705 statuisse
610 1643 686 1705 satis
707 1646 858 1718 babemus,
882 1654 943 1704 tres
964 1646 1018 1705 bos
1040 1644 1157 1705 Donati
1179 1643 1257 1706 artis
1270 1646 1424 1707 secandae
1445 1662 1505 1708 ex-

199 1744 352 1822 positores
372 1745 597 1808 Rinsidlcnscm
619 1754 648 1807 et
670 1748 745 1807 daos
766 1746 937 1806 Beruenses
963 1764 1003 1807 aar
1024 1745 1123 1823 copiis
1144 1764 1164 1806 a
1186 1745 1327 1823 Remigio
1348 1746 1506 1823 mopistro

202 1846 437 1910 subministratis
458 1848 595 1910 hausisse
616 1847 678 1922 ita,
708 1856 742 1909 ut
764 1866 860 1924 neque
881 1849 1058 1909 recederent
1084 1847 1175 1909 nimis
1197 1866 1218 1908 o
1239 1846 1390 1910 communi
1409 1849 1505 1922 fonte

204 1959 233 2009 ct
253 1967 339 2012 ,suam
362 1949 488 2027 quisque
510 1950 658 2011 rationem
682 1949 870 2026 peculiarem
896 1949 930 2010 in
958 1952 1123 2011 tractando
1149 1958 1355 2027 sequerentur.
1399 1954 1504 2028 Atque

204 2052 281 2112 liuec
303 2061 370 2113 erat
392 2070 495 2127 carisa,
519 2071 576 2113 cur
596 2051 662 2113 eius
683 2050 893 2129 expositionis,
918 2070 997 2127 puae
1017 2053 1086 2113 cod.
1109 2051 1206 2114 Bern.
1230 2059 1289 2113 386
1308 2050 1410 2129 primo
1430 2056 1503 2116 loco

198 2153 305 2229 positu
334 2163 390 2228 est,
423 2163 570 2231 excerpta
598 2157 744 2215 nonnulla
771 2162 935 2216 commento
969 2152 1157 2215 Einsidlensi
1186 2153 1300 2230 passim
1333 2154 1501 2218 adderem:

204 2258 286 2331 arrad
307 2256 344 2315 de
366 2259 467 2316 altera
489 2274 605 2333 quoque
626 2258 734 2317 uellem
755 2255 939 2334 statuissem,
966 2259 1021 2317 sed
1046 2258 1175 2331 torpebat
1196 2254 1341 2332 temporis
1360 2256 1501 2319 breuitas

202 2366 231 2416 ct
252 2357 366 2417 laboris
387 2357 448 2418 iam
472 2360 516 2419 od
532 2362 622 2432 (iriam
644 2368 757 2418 crrlram
775 2357 968 2434 perducendi
990 2357 1133 2420 taedium.

764 2643 845 2708 Can
873 2643 937 2712 111.

244 2761 304 2826 Du
332 2760 577 2828 ΟΟΜΜΕΝΤΟ
608 2760 828 2828 BRRNENSI
857 2760 904 2825 IN
927 2762 1095 2828 DONATI
1116 2762 1451 2831 BARBARISMVM.

286 2921 352 2981 Iam
375 2921 458 2996 quod
483 2922 526 2982 ad
551 2918 674 2981 tertiam
700 2927 895 2981 commentum
923 2919 1114 2982 Rinsidleme
1142 2921 1223 2995 quod
1249 2928 1293 2981 est
1320 2922 1359 2982 de
1382 2922 1496 2983 barbu-

201 3020 294 3081 rismo
316 3021 453 3082 mutilum
470 3020 616 3098 pertinet,
641 3040 679 3082 ne
700 3024 738 3082 de
760 3040 795 3083 co
817 3021 937 3098 quidem
958 3022 1075 3084 certius
1095 3021 1190 3083 statui
1206 3030 1316 3099 potest,
1341 3041 1413 3093 num
1433 3024 1495 3087 Re-

201 3122 326 3198 mipium
348 3125 458 3184 babeat
481 3133 644 3186 amtorem.
690 3125 768 3184 Nam
790 3123 911 3185 illoram
929 3128 1051 3200 glossae
1067 3123 1238 3186 Graecismi
1258 3127 1402 3200 locorum,
1426 3125 1495 3203 qui·

201 3227 255 3284 bus
292 3225 424 3287 Tburolo
458 3234 584 3287 auctore
615 3228 636 3285 l.
664 3229 685 3286 l.
721 3246 754 3303 p.
778 3233 821 3289 ’.10
853 3225 1056 3302 Remipiunae
1081 3226 1264 3289 barbarismi
1295 3226 1496 3305 expositionis

201 3325 311 3388 mentio
332 3332 367 3399 fil
389 3326 546 3405 (Ronatusz
568 3329 709 3388 sineresis
732 3335 777 3390 est
792 3374 798 3387 .
816 3375 823 3388 .
841 3375 848 3391 .
864 3329 941 3389 uude
963 3328 1167 3407 Remigius:
1191 3328 1240 3390 hic
1261 3337 1347 3408 poeta
1369 3339 1496 3411 propter

204 3429 407 3489 necessitatem
435 3431 522 3491 metri
550 3449 639 3491 unam
667 3429 800 3490 sillabam
834 3430 871 3490 de
900 3429 1016 3491 duobus
1047 3429 1196 3492 noualibus
1223 3433 1303 3495 lecit.
1335 3465 1378 3476 —
1409 3430 1493 3494 Idem

201 3540 282 3610 patet
297 3550 351 3610 per
367 3530 574 3610 Remigium
598 3530 746 3593 dicentem
770 3535 826 3594 sie:
849 3533 957 3594 Zeuma
981 3543 1026 3594 est
1048 3532 1201 3595 conclusio
1223 3533 1300 3596 idest
1320 3535 1495 3597 coniunctio

201 3641 231 3692 ct
253 3634 362 3694 dicitur
384 3634 488 3710 ligura,
513 3633 631 3710 qnando
654 3633 743 3695 inulta
767 3634 947 3715 deponentia
978 3653 1038 3696 uno
1068 3635 1160 3696 uerbo
1190 3634 1236 3696 uel
1266 3654 1324 3697 una
1345 3639 1494 3699 sententia

201 3733 388 3797 clauduntur.
405 3768 447 3780 ·-
463 3734 601 3796 l’reterea
626 3735 697 3796 dicit
711 3736 912 3815 Remigius:
936 3737 1003 3797 ideo
1026 3738 1057 3797 dt
1079 3739 1189 3797 niciosa
1207 3735 1281 3815 (scil.
1299 3737 1493 3819 caemynthe·

204 3847 253 3896 ton
272 3840 386 3917 figura)
414 3839 482 3915 quia
510 3836 623 3899 scilicet
650 3837 761 3907 littera,
791 3856 847 3916 que
875 3857 952 3919 petto
981 3857 1035 3919 pro
1064 3838 1166 3900 sillaba
1190 3840 1350 3918 accipitur,
1377 3840 1409 3900 in
1432 3841 1493 3903 dne

199 3940 319 4018 pronitus
342 3939 504 4020 dictionis),
534 3943 594 4001 diro
616 3939 715 4016 primi
737 3958 757 3999 a
779 3940 858 4002 libro
882 3940 1067 4002 Einsidlansi
1089 3940 1267 4017 discrepant
1289 3942 1334 4017 (p.
1359 3948 1428 4015 267,
1455 3950 1493 4002 la·

199 4052 228 4101 ct
245 4060 280 4118 p.
308 4049 373 4117 aab,
401 4048 461 4122 ld),
484 4041 592 4103 tertius
613 4041 646 4103 in
668 4061 705 4102 eo
728 4061 806 4120 quiae
827 4054 951 4105 seruato
973 4053 1015 4104 cst
1031 4053 1126 4120 parte
1151 4061 1210 4104 aton
1233 4053 1327 4104 catat.

283 4161 323 4221 In
343 4163 404 4221 liae
426 4181 543 4239 quoque
565 4171 659 4239 parte
684 4161 842 4224 conumerati
864 4162 1029 4224 Beruensis
1057 4164 1125 4224 cod.
1150 4170 1208 4221 356
1226 4161 1346 4238 prioris
1367 4161 1492 4225 auc-ilio

199 4261 315 4337 (aliquot
336 4262 397 4324 loci
418 4266 583 4324 inlustrari
598 4272 751 4339 poterant,
776 4268 865 4338 unde,
889 4274 922 4326 ut
942 4267 1016 4325 libri
1036 4262 1237 4325 Einsidlensis
1258 4268 1404 4326 lamentosa
1419 4282 1490 4326 con-

199 4363 282 4424 dicio
304 4362 494 4439 (aliquantum
516 4375 726 4443 repararetur,
750 4369 825 4428 liaeo
847 4366 972 4444 insuper
993 4366 1150 4443 excerpsi:

283 4484 304 4542 l.
330 4480 389 4544 180
417 4485 511 4557 (bon.
539 4503 570 4561 p.
596 4491 666 4560 392,
692 4491 725 4562 a)
754 4486 961 4548 Barbarismus
991 4488 1098 4548 dieitur
1132 4506 1147 4546 a
1177 4486 1312 4549 barbaris
1339 4484 1489 4566 gentibus;

199 4584 269 4645 oum
298 4586 377 4646 enim
406 4586 529 4647 Romani
559 4594 650 4647 totum
680 4589 782 4649 orbem
810 4591 840 4649 in
868 4608 920 4650 sua
948 4589 1060 4651 ditione
1089 4599 1241 4658 tenerent,
1275 4588 1416 4670 quosdam
1450 4587 1489 4649 de

199 4686 325 4747 «liniensis
353 4688 487 4767 tractibus
515 4688 638 4749 Romam
668 4692 771 4751 uenire
804 4693 952 4762 secernant,
987 4701 1018 4753 nt
1045 4691 1087 4752 ibi
1116 4691 1300 4752 Latinitatem
1329 4691 1488 4761 discerent,

199 4790 336 4865 quatitans
358 4791 414 4870 ipsi
435 4809 502 4851 euin
525 4790 667 4852 Romanis
689 4800 718 4851 et
739 4792 864 4852 Romani
887 4811 954 4853 cnm
977 4793 1037 4856 illis
1059 4793 1140 4873 lauanti
1156 4804 1287 4874 {tuissent
1326 4791 1487 4857 titianum
