3420 5378
221 291 286 356 234
615 295 851 347 commenrvu
870 295 1114 346 mnsmoeuso

133 483 376 560 ersenumeri.
420 481 506 542 blodo
537 481 624 552 dicit,
654 481 762 559 quibus
791 482 909 542 casibus
938 483 1103 559 iunguntur
1129 481 1248 562 gradus.
1294 482 1432 544 Alieno
1459 500 1519 562 ge·

223 585 295 653 neri,
319 591 365 644 ut:
396 582 502 642 ‘bonro
525 583 630 644 lortior
658 581 808 651 leonibus,
843 582 975 644 uelocior
1003 582 1129 663 aquilis'.
1175 582 1238 642 Vel
1271 601 1338 644 suo
1371 587 1517 663 generi,

133 692 255 749 raserit
283 684 371 745 borno
400 684 570 745 bominibus
597 693 794 764 comparatur.
840 687 880 745 Vt
907 685 1044 746 Hector
1076 684 1215 746 lortior
1242 685 1304 746 ‘luit
1330 684 1517 747 Diomede.

222 786 309 848 blodo
337 786 434 846 alieno
461 787 578 863 generi,
606 787 674 865 quia
697 785 808 846 Hector
829 786 978 847 Troianus
1001 787 1070 857 luit,
1100 784 1255 847 Diomedes
1279 805 1355 847 uero
1378 787 1517 849 Graecus.

223 887 406 948 Audacior
436 886 625 955 Troianis,
654 887 742 948 modo
769 906 824 948 sno
846 889 959 966 generi.
1003 887 1163 948 Sciendum
1186 896 1285 949 aretem
1307 889 1378 968 quia
1398 907 1539 969 compa-s

224 991 336 1050 rotinus
359 1007 417 1049 non
441 987 536 1048 solum
559 987 688 1048 abiatiuo
711 989 857 1065 iungitur,
885 988 937 1050 sed
962 991 1048 1049 etiam
1073 990 1271 1056 nominatiuo,
1301 1007 1371 1049 cum
1394 992 1517 1068 ‘quom’

223 1089 382 1170 particula:
405 1093 469 1151 sioe
492 1091 569 1150 enirn
592 1088 640 1149 itta
665 1108 724 1149 non
747 1097 852 1168 potest.
897 1089 984 1151 Verbi
1008 1090 1101 1168 gratia
1125 1088 1269 1150 ‘uelocior
1291 1099 1337 1150 est
1360 1089 1409 1151 bic
1430 1108 1515 1169 quem

222 1191 295 1252 ille’.
342 1191 377 1251 Et
399 1190 552 1252 sciendum
577 1187 590 1272 ll
609 1188 670 1253 155
687 1188 699 1271 ll
723 1192 789 1270 quia
818 1192 952 1269 iungitur
979 1190 1179 1269 superlatiuus
1207 1190 1392 1252 nominetiuo
1418 1192 1513 1269 singu·

221 1292 274 1353 lari
303 1294 471 1360 nominum,
502 1293 568 1370 quia
597 1293 627 1352 in
656 1292 860 1369 singularitate
889 1291 1085 1371 pluralitatem
1109 1291 1232 1363 babent,
1262 1301 1294 1353 ιιι
1316 1291 1515 1355 ‘doctissimus

221 1395 334 1475 populi’
350 1401 379 1453 et
395 1395 644 1472 ‘sapientissimus
667 1395 836 1455 contionis’.
875 1392 979 1454 Contio
1002 1392 1111 1453 dicitur
1133 1396 1327 1472 congregatio
1351 1393 1547 1455 bominumtt

132 1497 467 1563 ms,oFortissimus
500 1493 757 1555 Troianorum.
800 1493 888 1555 blodo
920 1513 974 1555 suo
1004 1495 1123 1572 generi,
1156 1492 1305 1555 Troianus
1338 1497 1420 1556 enim
1454 1496 1514 1556 luit

119 1617 168 1663 era,
184 1620 207 1657 ro
221 1597 322 1659 Nulli
346 1605 598 1674 eomparatur,
622 1599 691 1675 quia
714 1614 772 1656 non
796 1595 886 1656 hobel
908 1593 1029 1671 alterum
1046 1611 1204 1672 personam
1220 1596 1268 1656 cui
1285 1594 1457 1676 copuletur.
1480 1604 1516 1657 ut

220 1700 369 1778 iupiter
391 1700 554 1778 optimus
577 1699 774 1767 maximus,
797 1699 817 1757 i·
840 1713 968 1775 magnus
990 1696 1112 1775 iupiter.

119 1819 207 1866 eram
290 1798 519 1878 Degeneribus.
564 1799 709 1860 Genera
733 1800 917 1860 nominum
940 1805 1025 1858 sunt
1047 1805 1234 1875 quattuor.
1280 1798 1387 1860 Genus
1408 1797 1515 1860 dicitur

221 1920 235 1961 a
259 1900 446 1979 generando,
476 1919 511 1960 co
534 1900 613 1979 quod
642 1907 766 1978 generet
789 1907 818 1959 et
840 1909 1007 1978 generetur.
1051 1899 1113 1960 bias
1136 1901 1228 1960 meris
1250 1907 1296 1960 est
1316 1902 1544 1981 primitiuum,¹⁵

220 2001 289 2062 inde
305 2002 515 2062 diminutiuurn
532 2000 679 2063 masculus
695 2001 721 2061 la
737 1999 806 2071 ium,
823 2000 901 2061 unde
917 2007 947 2061 et
962 1999 1175 2060 ‘masculum
1191 2003 1261 2060 tus’
1276 2000 1419 2078 legimus.
1444 2002 1514 2065 iiiuc

221 2105 307 2164 etiam
324 2103 519 2164 masculinum
532 2102 688 2164 diriuatur.
714 2102 825 2163 Femeo
838 2102 957 2163 leminis
969 2110 999 2162 et
1010 2102 1108 2163 lemur
1124 2103 1249 2163 femoris
1261 2110 1368 2183 partes
1381 2103 1516 2167 uidelicet

220 2207 354 2285 corporis
377 2207 401 2264 i·
426 2205 504 2264 inter
532 2203 642 2265 coxalia
672 2203 778 2282 quibus
806 2206 892 2283 equis
920 2203 1095 2273 insidemus,
1124 2202 1193 2263 iude
1222 2201 1371 2266 diriuatur
1398 2207 1515 2267 lemini-

221 2325 301 2368 num.
346 2306 490 2366 Neutrum
513 2323 608 2383 genus
630 2305 740 2366 dicitur
762 2324 816 2384 per
838 2304 1062 2383 abnegationem
1086 2303 1227 2374 duorum,
1260 2307 1354 2367 maris
1376 2306 1516 2369 uidelicet

220 2417 249 2468 ει
277 2408 415 2468 lemicae.
460 2408 623 2467 Commune
656 2424 751 2485 genus
781 2425 836 2486 per
869 2405 1166 2485 comprehensionem
1196 2409 1287 2468 maris
1315 2415 1348 2469 et
1378 2408 1545 2480 lemicae*

220 2510 286 2587 qtria
317 2508 372 2570 sub
402 2526 458 2569 una
488 2506 652 2569 litteratura
680 2508 739 2568 duo
767 2526 875 2586 genera
904 2505 1140 2585 comprehendit.
1186 2508 1222 2569 Et
1243 2527 1279 2569 ex
1303 2508 1354 2569 bis
1377 2518 1515 2587 quattuor

218 2610 378 2688 generibus
400 2610 460 2671 duo
481 2616 551 2670 sunt
572 2607 746 2689 principalia
770 2627 895 2688 genero,
920 2607 1115 2670 masculinum
1138 2618 1168 2670 et
1189 2611 1381 2680 femininum,
1403 2612 1514 2691 reliqm

118 2735 167 2781 aas,
182 2732 291 2775 renero
315 2710 467 2772 artiilcalia
490 2711 510 2768 i·
534 2729 568 2770 ex
592 2717 655 2771 arte
678 2709 897 2772 descendentia.
920 2746 961 2754 -
984 2710 1066 2771 ‘iiic’
1088 2708 1245 2790 aliquando
1268 2729 1440 2791 pronomen
1463 2720 1515 2780 est.

218 2814 376 2894 aliquando
398 2811 549 2872 articulus.
595 2812 764 2873 Pronomen
788 2813 885 2872 estin
908 2813 1170 2879 demonstratione.
1194 2830 1261 2873 cum
1285 2811 1435 2875 dicimus:
1458 2812 1515 2874 ‘bie

219 2917 310 2983 lecit’,
340 2912 586 2982 demonstrando,
610 2912 752 2973 articulus
774 2920 872 2972 autem
895 2913 925 2972 in
949 2913 1160 2983 declinatione,
1188 2899 1330 2975 uidelicet
1353 2932 1423 2975 cunr
1448 2915 1546 2975 dici-2⁵

220 3035 299 3077 mus:
324 3015 384 3075 ‘laic
397 3016 537 3092 magister
560 3014 648 3075 buius
670 3015 825 3094 magistri’.
870 3015 1035 3092 ‘Magister’
1059 3022 1156 3076 autem
1179 3014 1289 3076 dicitur
1312 3017 1400 3093 quasi
1424 3017 1516 3077 maior

220 3119 249 3176 in
272 3117 405 3178 statione.
452 3117 700 3184 l'emininum‚
724 3135 747 3174 s·
771 3134 875 3195 genus.
920 3116 984 3176 Est
1011 3123 1047 3177 et
1072 3122 1199 3177 cetera
1227 3124 1266 3177 ut
1286 3116 1382 3179 boec
1404 3118 1515 3179 bluse.

221 3217 324 3277 ‘Musa'
348 3217 455 3276 dieitur
479 3219 562 3293 quasi
586 3236 692 3297 moysa.
727 3217 807 3297 bioys
829 3219 909 3278 enim
925 3216 1169 3278 Graecedicitur
1191 3236 1280 3298 equa,
1304 3218 1376 3280 inde
1399 3220 1516 3301 Moyses

219 3317 342 3385 dicitur,
367 3319 433 3397 quie
450 3317 487 3397 de
503 3336 577 3398 equa
597 3317 732 3379 sublatus
747 3327 800 3377 est.
839 3322 917 3398 Aqua
941 3335 1068 3395 namque
1091 3318 1215 3379 multum
1237 3320 1323 3380 iuuat
1344 3322 1376 3381 io
1391 3336 1514 3399 organo,

105 3491 110 3500 ρ
218 3417 297 3497 quod
325 3419 354 3478 in
385 3418 516 3498 ydraulia
547 3425 646 3497 potest
674 3419 780 3479 uideri.
831 3419 968 3481 Ydraulia
1000 3427 1046 3481 est
1077 3437 1236 3498 organum:
1274 3413 1372 3498 ὕδωρ
1400 3422 1545 3482 Graece»

219 3538 307 3597 aqua,
331 3514 433 3580 αὐλοί
452 3519 595 3579 cannulae
618 3520 758 3580 dicuntur
781 3522 799 3579 i.
823 3522 945 3581 astutae.
991 3520 1063 3582 inde
1083 3520 1238 3594 auloedus,
1262 3522 1313 3598 qui
1334 3520 1408 3582 tibia
1426 3524 1513 3584 cauit

219 3622 367 3682 Feruntur
389 3627 486 3680 autem
515 3620 605 3679 luisse
639 3637 747 3681 nouem
777 3622 878 3682 Musae
906 3621 982 3682 tiliae
1010 3622 1086 3683 louis
1114 3630 1144 3682 et
1172 3622 1306 3690 iunonis,
1343 3641 1422 3701 quoe
1450 3622 1513 3683 ideo

220 3718 234 3803 ΙΙ
253 3717 344 3799 159Η
367 3723 517 3798 finguntur
545 3722 637 3783 luisse
665 3721 741 3782 tiliae
769 3723 847 3783 louis
875 3730 903 3782 et
931 3723 1065 3792 lunonis,
1094 3725 1161 3802 quia
1191 3723 1269 3783 louis
1295 3723 1362 3801 ipse
1390 3732 1441 3785 est
1467 3742 1513 3784 aer

218 3824 355 3901 superior
378 3829 408 3882 et
430 3824 632 3891 tenuissimus,
661 3823 734 3884 iuno
763 3824 827 3900 ipsa
850 3832 895 3883 est
916 3841 967 3883 aer
989 3823 1181 3902 corpulentus
1203 3832 1234 3884 et
1255 3824 1385 3885 uicinior
1406 3834 1512 3887 terrae.

219 3923 260 3983 Ex
283 3922 332 3983 illo
355 3925 433 3985 enim
457 3926 604 4004 superiori
627 3931 656 3985 et
678 3923 728 3984 illo
743 3925 879 3985 interiori
895 3932 925 3983 et
939 3925 1114 4003 corpulento
1129 3926 1279 4004 perficitur
1294 3942 1366 3985 uox.
1401 3926 1544 3988 uoce-e

219 4031 316 4085 autem
340 4025 406 4085 ideo
429 4026 567 4085 dicuntur
590 4026 680 4087 luisse
702 4027 769 4104 troia
793 4044 901 4086 nouem
926 4035 994 4086 sunt
1021 4027 1132 4094 oilicia,
1161 4025 1269 4104 quibus
1296 4044 1357 4088 uox
1384 4027 1513 4089 bumana

218 4128 379 4206 peragitur,
403 4125 541 4186 uidelicet
562 4126 677 4206 plectro
700 4126 830 4205 linguae,
860 4125 986 4206 appulsu
1015 4135 1153 4204 quattuor
1175 4126 1323 4197 dentium,
1355 4146 1513 4208 repercus-

218 4228 302 4286 sione
324 4226 452 4287 duorum
475 4223 636 4296 labrorum,
659 4246 734 4306 quae
757 4230 786 4288 in
809 4228 928 4288 modum
946 4227 1148 4306 cymbalorum
1171 4231 1421 4307 repercutiuntur
1443 4249 1514 4292 cauo

116 4342 164 4390 aas,
180 4343 203 4382 n
217 4329 345 4406 gutturis
367 4336 396 4388 et
418 4329 563 4390 adiutorio
585 4327 742 4407 pulmonis.
788 4328 965 4390 Neutrum
988 4350 1010 4390 s.
1034 4347 1143 4408 genus,
1175 4336 1229 4390 est
1256 4336 1294 4389 et
1322 4337 1458 4393 cetera
1481 4340 1516 4393 ut

284 4618 300 4664 4
318 4632 410 4681 grecus
463 4618 494 4666 16
513 4616 652 4665 masculum
672 4613 724 4679 tus]
743 4614 856 4664 muscula
875 4626 930 4664 tora
953 4616 1030 4681 Verp.
1045 4616 1102 4667 rect.
1120 4615 1198 4666 Vm
1214 4619 1247 4666 ⁶5
1310 4621 1346 4672 18
1364 4622 1518 4685 insedimus,

215 4684 443 4801 ddrrerddsdddrdds
512 4686 545 4735 30
563 4684 627 4748 ydor
644 4698 719 4749 grece
788 4686 819 4733 31
838 4683 898 4751 aule
967 4684 991 4733 ·i·
1010 4683 1110 4733 listulne
1126 4699 1208 4749 supro
1225 4685 1318 4736 lineam
1376 4689 1488 4740 soledus
