3420 5378
521 318 572 369 nn
590 316 729 370 nouam
747 317 951 371 rmoaxnva.
1320 317 1379 382 157

171 503 325 584 Expletiua
341 503 519 574 coniunctio,
543 522 619 584 qnae
635 503 731 566 addita
747 511 842 575 ornat,
866 505 996 566 detracta
1014 551 1021 565 .
1038 550 1046 565 .
1064 551 1071 565 .
1089 552 1107 576 .,
1131 513 1162 566 ut
1179 513 1224 566 εει
1238 507 1262 565 si
1278 505 1380 567 dixero

86 606 136 668 ‘ad
158 605 279 667 domum
303 605 379 666 nade
401 603 525 667 saltim':
555 605 648 666 ‘uadc
671 606 707 667 ad
730 606 864 666 domum’
888 604 1005 667 ornabit
1033 606 1233 687 eloquutionis
1260 623 1380 668 sensum

85 716 115 769 et
137 707 278 786 ponderis
300 704 410 783 aliquid
433 705 522 766 addet
543 704 671 787 †minus
688 709 717 768 ·i·
733 725 768 767 ac
789 711 814 768 si
837 707 970 768 dixisset:
995 712 1146 786 ‘maguum
1163 707 1275 769 esttibi
1292 709 1378 769 etiam

85 807 193 870 domus
207 816 256 870 tua
271 806 295 889 †
310 817 439 877 tantum,
464 807 533 868 dum
550 809 646 869 omnis
661 816 710 871 tua
726 807 893 870 substantia
908 807 1048 871 distracta
1064 818 1110 870 est
1124 822 1244 889 praeter
1259 808 1380 870 domum

56 912 191 971 stuam'.

171 1009 302 1072 Causalis
325 1019 384 1080 εει,
408 1013 548 1090 quotiens
570 1011 607 1071 de
630 1029 717 1073 causa
740 1011 883 1088 loquitur.
929 1011 1022 1073 Causa
1046 1021 1090 1072 εει
1113 1012 1199 1083 Ιιεεε,
1223 1015 1262 1073 ‘si
1285 1011 1380 1072 debeo

87 1112 225 1174 occidere
247 1111 346 1182 illum,
371 1120 421 1172 aut
442 1120 476 1173 ut
498 1111 597 1173 tollam
621 1114 648 1172 ei
670 1111 864 1173 hereditatem
889 1122 938 1174 aut
960 1117 1042 1190 quod
1062 1115 1199 1176 inimicus
1222 1113 1294 1174 mibi
1318 1121 1379 1175 eat:

85 1214 166 1275 buno
188 1214 213 1275 si
238 1182 387 1284 occidero,
412 1222 442 1273 ει
464 1213 572 1275 carebo
595 1215 737 1274 inimico’.
762 1213 831 1274 ideo
854 1213 963 1275 dicitur
986 1214 1122 1285 causalia,
1146 1215 1223 1295 quod
1247 1234 1283 1275 oo
1306 1222 1380 1276 tem

84 1333 158 1396 pore
180 1318 317 1395 ponitur,
340 1315 460 1392 quando
482 1315 519 1375 de
542 1333 629 1376 causa
652 1314 810 1391 loquimur.

45 1434 72 1474 xo
169 1415 345 1485 Rationalis,
374 1416 491 1495 quando
518 1415 628 1494 aliquid
656 1413 806 1495 loquimur
834 1416 871 1477 de
898 1419 1024 1478 ratione.
1069 1417 1170 1496 Longe
1199 1419 1277 1478 enim
1300 1416 1379 1478 aliud

84 1525 130 1579 εει
150 1536 254 1587 causa,
283 1516 360 1577 aliud
384 1519 473 1587 ratio,
502 1518 579 1578 idest
601 1535 659 1597 quo
682 1517 751 1596 quid
775 1516 928 1598 conpellor
951 1519 1058 1581 iacere.
1104 1520 1197 1582 Causa
1221 1527 1281 1588 est,
1306 1537 1380 1599 quae

83 1637 138 1681 uos
166 1619 256 1680 trahit
283 1617 319 1679 ad
349 1618 525 1680 laciendum.
571 1617 654 1680 Ratio
678 1626 722 1679 est
744 1619 849 1679 modus
871 1620 1013 1690 laciendi,
1040 1620 1118 1682 idest
1139 1639 1198 1697 quo
1220 1619 1291 1698 quid
1314 1620 1377 1681 eiii·

84 1722 195 1791 clatur,
223 1729 255 1782 ut
281 1728 349 1800 puta
377 1720 526 1782 ‘inimicus
553 1739 638 1781 meus
667 1730 725 1789 est;
757 1719 860 1780 occido
888 1720 971 1782 illum
1000 1730 1124 1802 propter
1151 1722 1375 1783 hereditatem':

84 1822 159 1884 baec
188 1840 292 1890 causa;
316 1821 377 1883 ‘sed
402 1820 482 1883 solus
505 1821 600 1883 debeo
623 1821 777 1895 occidere;
802 1840 925 1892 uereor,
949 1825 974 1883 ai
997 1840 1055 1883 non
1077 1827 1159 1885 solur
1181 1822 1277 1884 debeo
1299 1824 1377 1883 occi-

43 1939 70 1981 ιε
84 1922 172 1994 dere,
198 1941 236 1983 ne
258 1922 495 2002 deprehendar’:
520 1922 594 1985 baec
616 1942 675 1984 non
699 1941 803 1994 causa,
827 1923 879 1985 sed
903 1926 978 1985 ratio
1001 1933 1055 1988 est.

169 2024 248 2103 Ergo
270 2024 387 2105 quando
410 2024 447 2085 de
469 2026 584 2086 ratione
599 2023 757 2104 loquimur,
781 2024 954 2086 rationalem
970 2028 1108 2105 ponimus
1123 2027 1377 2095 coniunctionem;

84 2125 202 2206 quando
229 2125 266 2186 de
293 2143 396 2196 causa,
431 2124 563 2186 causales
591 2127 825 2189 coniunctiones.
875 2127 933 2188 Scd
961 2130 1038 2188 scire
1066 2127 1172 2198 debes,
1203 2127 1282 2207 quod
1311 2125 1380 2187 licet

85 2227 174 2290 nobis
201 2246 255 2307 pro
283 2226 476 2289 rationalibus
502 2227 761 2289 coniunctionibus
784 2228 826 2288 uti
847 2226 995 2297 causalem
1026 2247 1080 2308 pro
1102 2227 1270 2289 causalibus
1292 2246 1378 2289 narm-

84 2344 174 2407 quam
196 2330 238 2389 uti
260 2327 426 2389 rationales.
472 2327 633 2390 Rationalis
655 2337 701 2390 εει
721 2330 822 2407 igitur,
853 2328 903 2390 ubi
926 2331 1082 2399 ostrado:
1112 2329 1241 2391 causalis
1263 2337 1322 2400 est,
1353 2332 1379 2391 si

43 2429 136 2493 aoubi
162 2436 208 2491 esi
235 2447 339 2499 causa;
366 2427 486 2510 †igitur
514 2439 610 2511 potest
637 2430 708 2510 poni
730 2432 754 2490 si
777 2428 827 2491 ubi
850 2431 876 2490 si
899 2449 957 2490 non
981 2439 1079 2509 potest
1101 2432 1187 2511 poni;
1213 2431 1304 2509 igitur
1328 2430 1379 2491 ubi

84 2539 130 2594 εει
156 2549 259 2602 causa,
288 2532 527 2593 coniunctionem
556 2530 729 2592 rationalem
758 2549 816 2592 non
845 2540 929 2611 potes
952 2550 1078 2611 ponere;
1111 2532 1189 2610 quod
1212 2533 1236 2593 si
1259 2531 1311 2592 nbi
1333 2540 1380 2593 εει

38 2618 42 2623 ’
84 2634 171 2707 ratio,
193 2631 341 2694 causalem
364 2650 477 2712 ponere
498 2641 593 2714 potes.
630 2633 791 2713 Elquaret
825 2632 920 2704 Quod,
943 2633 1061 2712 quaudo
1077 2634 1187 2694 utimur
1202 2632 1240 2694 de
1255 2634 1378 2702 ratione,

83 2736 143 2797 iam
166 2734 328 2813 praecessit
349 2752 452 2804 causa;
482 2735 599 2815 quando
622 2733 658 2794 de
681 2751 767 2794 causa
790 2735 910 2808 utimur,
934 2752 993 2795 non
1016 2736 1114 2794 statim
1137 2735 1270 2815 sequitur
1293 2735 1378 2794 ratio.

85 2835 254 2915 ‘Occidam
278 2843 310 2896 ut
332 2833 432 2895 tollam
460 2834 677 2905 hereditatem',
707 2852 804 2897 causo
831 2844 889 2902 est;
918 2836 944 2896 si
974 2841 1071 2896 aulem
1100 2835 1179 2896 dico:
1212 2835 1276 2895 ‘sed
1299 2833 1379 2895 solus

44 2936 180 2999 andebeo
208 2936 346 2997 occidere
372 2934 469 3006 illum,
503 2955 542 2998 ne
571 2936 801 3016 deprehendar’,
836 2937 911 2997 ratio
941 2943 995 2997 est.
1045 2935 1113 2997 ideo
1141 2936 1192 2997 ubi
1220 2943 1265 2996 cst
1292 2936 1377 3004 ratio,

85 3040 197 3101 utimur
219 3046 250 3100 ει
271 3057 373 3106 causa;
404 3038 454 3098 ubi
477 3047 523 3099 est
544 3055 646 3106 causa.
676 3055 735 3098 non
759 3039 858 3099 statim
880 3039 992 3098 utimur
1014 3038 1143 3108 ratione,
1173 3036 1251 3115 quod
1282 3044 1380 3117 potest

84 3158 172 3202 causa
195 3142 266 3221 poni
289 3142 352 3200 sine
375 3141 506 3209 rationo,
538 3140 613 3199 ratio
635 3148 751 3209 autem,
775 3141 832 3201 nisi
855 3156 941 3200 causa
964 3140 1177 3219 praecesserit,
1200 3157 1260 3200 non
1283 3145 1380 3219 potest

87 3243 154 3305 dici.
171 3276 215 3288 -
237 3240 412 3303 Coniunctio
435 3240 559 3319 simplex
584 3243 692 3311 ‘nam',
717 3242 868 3320 conposita
891 3244 1054 3320 ‘namque’.
1097 3239 1219 3303 Accedit
1241 3250 1271 3331 et
1294 3241 1378 3302 ordo.

85 3344 161 3407 Sunt
183 3342 421 3414 coniunctiones,
445 3359 521 3422 quae
544 3360 662 3422 semper
686 3350 924 3422 praependulum
948 3389 1040 3405 .....
1056 3350 1126 3404 sunt
1148 3343 1279 3414 mediae,
1303 3361 1378 3423 quae

46 3460 73 3503 aa
87 3462 262 3508 communes
278 3443 426 3505 dicuntur.
450 3442 689 3523 Praeponuntur,
706 3451 738 3504 ut
750 3452 795 3504 ast
807 3453 845 3512 at,
860 3454 904 3505 ut:
930 3448 977 3505 ‘at
992 3452 1097 3524 pater
1113 3445 1377 3525 omnipotens'‚

86 3552 154 3608 ‘ast
176 3550 265 3624 ego’,
288 3545 366 3625 quod
390 3545 521 3606 medium
543 3545 685 3621 numquid
709 3547 856 3623 possimus
878 3546 977 3606 dicere
998 3549 1095 3625 ‘pater
1116 3554 1146 3608 at
1167 3547 1376 3624 omnipotens’.

84 3648 164 3727 Ergo
186 3652 256 3708 ‘ast’
280 3647 424 3724 numquid
448 3647 579 3709 medium
603 3653 657 3707 εει.
703 3645 785 3717 Quae
807 3648 1047 3728 postponuntur?
1083 3648 1188 3708 Autem
1212 3664 1284 3726 que:
1309 3649 1378 3723 ‘ego

153 3832 293 3884 lditracta
311 3842 339 3882 ut
356 3842 396 3882 εει
475 3831 576 3882 duodo
594 3831 678 3882 saltim
747 3828 881 3881 antonum
900 3833 1001 3882 orunnit
1018 3831 1206 3895 eloquutionem
1274 3831 1380 3882 ltaddit

84 3902 223 3952 minna-i·
241 3916 271 3950 ac
289 3901 312 3951 si
330 3894 450 3965 dixisset]
475 3899 560 3951 Locus
578 3907 715 3963 corruptae
732 3901 770 3950 ito
784 3901 899 3962 fortasse
922 3903 1014 3967 refinpi
1034 3905 1129 3966 poenit:
1154 3898 1292 3966 Expletiua
1315 3913 1378 3948 cnu-

83 3970 193 4033 iunctio‚
211 3983 277 4032 quae
294 3968 382 4018 addita
400 3976 486 4024 ornat,
504 3969 615 4017 detracta
634 3968 740 4030 minuit,
760 3980 786 4015 ut
803 3977 843 4015 εει
859 3969 882 4017 εἰ
899 3968 987 4019 dixero
1005 3968 1050 4017 ‘ad
1063 3969 1167 4019 domum
1186 3967 1252 4018 uade
1270 3965 1378 4016 saltim’:

84 4038 187 4088 ornabit
202 4037 374 4100 eloquutionis
393 4050 498 4085 sensum
518 4047 542 4084 ει
559 4035 680 4100 ponderis
698 4034 796 4097 ailquid
813 4033 902 4092 addet,
930 4035 1041 4085 detracta
1067 4047 1152 4086 autem
1176 4036 1285 4094 minuet,
1307 4050 1338 4084 ac
1356 4035 1379 4084 εἰ

83 4106 195 4157 dixisset
210 4113 259 4158 etc.
295 4105 386 4155 aetiam
438 4105 532 4153 ddum
552 4100 592 4152 orii
639 4102 742 4152 'lilium
755 4103 787 4151 ad
801 4101 886 4151 tollam
933 4100 1067 4168 autquod]
1087 4099 1115 4154 at*
1166 4101 1263 4152 8baeo
1305 4099 1378 4168 ει]ᾶ

85 4169 325 4238 lonlindJaliquid
379 4171 557 4236 iiconpellim
611 4167 833 4236 i2quoquid]q
887 4169 953 4220 itai
967 4185 1017 4219 nou
1031 4170 1110 4220 debeo
1163 4168 1293 4221 tathaee
1347 4171 1379 4220 19

82 4240 247 4291 rationabiles
265 4239 424 4290 rationabilis
443 4249 482 4289 est
499 4239 566 4289 idest
583 4240 647 4287 ratio
666 4239 744 4303 igitur
761 4237 871 4287 causalis
890 4247 929 4287 εει
984 4239 1018 4288 20
1035 4239 1113 4303 igitur
1130 4247 1217 4303 potest
1233 4235 1294 4303 etc]
1314 4237 1381 4288 boet

81 4310 160 4373 foede
178 4309 295 4374 corrupti
315 4322 404 4359 aeneus
422 4309 444 4358 ie
461 4315 512 4360 eet:
540 4307 618 4372 igitur
640 4305 749 4356 marsalia
771 4315 858 4370 potest
878 4305 953 4371 poni,
981 4306 1003 4354 si
1022 4305 1065 4355 ubi
1083 4306 1147 4355 ratio
1166 4316 1219 4372 est,
1247 4305 1378 4355 rationalis

85 4391 160 4433 uero,
179 4377 202 4426 al
220 4377 263 4426 ubi
281 4390 359 4425 causa
378 4385 429 4435 εει,
450 4390 498 4424 uon
517 4384 602 4439 potest
618 4374 679 4439 poni
783 4375 814 4423 21
838 4371 926 4436 carisa]
948 4372 1059 4421 causalis
1127 4373 1304 4423 rationabilem
1326 4388 1378 4423 non

84 4454 171 4511 potest
187 4458 283 4510 ponere
300 4444 344 4507 qni
362 4444 384 4492 si
398 4444 439 4492 ubi
452 4452 491 4492 εει
502 4441 659 4491 rationabilia
712 4443 744 4491 22
763 4450 848 4506 potest
898 4442 932 4490 24
951 4440 1064 4490 occidam
1082 4440 1195 4491 attollam
1214 4441 1378 4491 hereditatem

84 4512 131 4562 sed
148 4512 219 4562 solus
237 4513 317 4562 debeo
337 4511 417 4561 occidi
436 4510 507 4560 illum
526 4525 557 4558 ne
575 4509 751 4574 deprehendar
769 4510 792 4558 si
810 4518 893 4558 autem
906 4509 964 4558 dico
977 4508 1048 4558 solua
1061 4509 1148 4558 occido
1161 4509 1226 4559 ratio
1239 4518 1279 4558 εει
1345 4510 1379 4559 at

84 4578 147 4645 nisi]
167 4580 222 4630 sine
290 4581 323 4631 28
341 4573 464 4645 simplex]
484 4575 540 4628 serit
618 4578 650 4628 29
670 4573 858 4643 proponuntur]
884 4577 948 4626 Post
965 4577 1013 4627 linc
1030 4575 1160 4627 exciditne
1178 4579 1291 4628 uidetur·
1320 4587 1380 4625 sunt

84 4662 150 4712 qnae
168 4663 271 4715 semper
287 4658 477 4714 postponuntur
493 4648 535 4696 uel
549 4646 629 4696 abaile
646 4647 714 4712 quid.
787 4647 820 4696 30
838 4656 1015 4710 preponuntur
1064 4655 1091 4694 at
1108 4642 1191 4710 pater]
1215 4645 1293 4708 Verp.
1312 4645 1378 4694 Aea.

88 4716 131 4766 VI
148 4720 198 4768 592
267 4712 434 4781 stratego]
463 4714 627 4781 Verp.Aen.
647 4713 713 4765 Iac
781 4715 813 4764 3⁸2
837 4713 960 4778 numquid
978 4712 1089 4764 medium
1107 4710 1157 4777 εει]
1177 4713 1248 4776 quod
1266 4712 1378 4763 medium

84 4795 145 4838 suut
194 4793 279 4836 atatem
299 4800 365 4848 quae
