3420 5378
711 240 794 290 COD.
815 239 920 295 BERN.
941 241 998 290 123.
1401 252 1498 298 XXXV

204 428 236 487 li.
261 430 386 487 Veterum
409 431 514 488 scilicet
536 431 682 487 actionum.
728 423 793 486 latit
817 427 885 496 Quid
909 402 1125 487 consuetudine?
1155 425 1187 486 l't.
1204 428 1302 486 Eorum
1319 446 1346 502 q3
1369 427 1396 483 in
1413 428 1502 485 medio

205 516 333 590 loquemll
355 532 407 572 usu
430 515 529 589 placita
551 516 749 590 adsumptaque
771 523 844 571 sunt.

288 631 328 691 Et
345 630 374 706 s.
400 627 452 690 [θ’
469 639 541 708 post
562 638 727 693 tractatum
751 632 788 691 dc
809 647 898 692 soce:

288 753 328 809 DE
351 735 499 811 Dllilllllll.
543 735 609 810 lli'l.
633 752 761 810 Dillinitio
778 753 849 826 *quid
872 752 932 807 est‘l
976 732 1006 808 ti.
1028 751 1120 808 Oratio
1149 769 1218 825 quae
1246 753 1272 808 id
1300 753 1333 810 tle
1356 770 1411 826 qno
1436 769 1503 826 que·

206 839 276 895 ritur
299 847 394 912 aperte
422 839 580 913 disscripbit
602 847 630 895 et
652 840 815 896 determinat
837 846 867 893 ut
888 845 954 911 puta
982 837 1067 894 ueluti
1090 838 1114 893 si
1138 853 1253 911 quaeras
1276 855 1290 893 a
1313 854 1355 895 me
1378 837 1444 912 quid
1467 838 1503 893 sit

208 923 299 979 laomo.
329 923 501 997 respondebo
524 924 623 981 animal
645 922 761 980 mortale
784 922 917 980 rationale
939 924 997 979 risu
1019 914 1149 997 capax.*)

288 1022 356 1082 Iam
375 1039 594 1098 percurramus
615 1027 729 1082 cetera

290 1119 303 1204 Η
321 1126 340 1182 1.
357 1120 419 1184 Dbb
437 1121 449 1205 Η
479 1126 617 1183 Sententia
646 1126 711 1201 quid
739 1126 799 1182 esti
842 1127 928 1183 Dietio
962 1126 1097 1200 generalis
1125 1127 1157 1182 ud
1185 1127 1258 1184 uitae
1287 1127 1499 1184 emendationem

204 1210 331 1283 (nomed)
353 1213 382 1268 in
404 1228 547 1269 commune
569 1211 709 1286 pertinens
731 1209 805 1284 (es).
849 1210 883 1266 Da
907 1211 1068 1285 exemplum.
1106 1211 1155 1268 ‘Ne
1179 1213 1243 1286 qnid
1266 1212 1367 1269 nimis.'
1408 1212 1502 1268 linote-

206 1314 256 1353 nus
283 1312 369 1370 pauca
398 1312 467 1370 qnae
496 1298 659 1370 gramaticae
688 1295 776 1353 uicina
805 1305 883 1352 erant
906 1295 997 1368 (erat),
1025 1296 1177 1371 tetigimus.
1221 1298 1297 1354 Nurrc
1324 1298 1357 1353 de
1380 1298 1503 1354 oratione

205 1383 321 1455 eiusque
343 1381 465 1456 partibus
487 1380 577 1456 aliqua
601 1388 756 1438 tractemus.
801 1380 893 1437 Oratio
916 1381 1057 1455 quidest?
1092 1381 1186 1438 Sermo
1209 1391 1354 1438 contextus
1377 1382 1409 1438 ad
1432 1380 1499 1438 clau·

205 1465 292 1522 sulam
317 1465 439 1523 tendens.
481 1465 553 1522 Vnde
575 1465 693 1522 dicitnr?
722 1466 815 1522 Oratio
835 1466 906 1523 dicta
929 1475 972 1522 est
994 1468 1072 1540 quasi
1095 1467 1152 1522 oris
1176 1469 1246 1523 ratio
1268 1466 1325 1541 (qui
1349 1469 1372 1521 si
1394 1465 1503 1538 oratio).

104 1568 110 1580 ·
205 1550 330 1607 illausula
354 1550 419 1624 quid
442 1550 503 1607 esti
547 1549 707 1625 Conpositio
735 1550 881 1608 uerborum
911 1568 980 1608 sono
1010 1549 1146 1626 plausibili
1173 1558 1312 1608 structura
1339 1548 1504 1625 (plausibilis

205 1652 237 1692 ex
253 1634 386 1706 tractura)
410 1643 438 1693 et
459 1636 533 1693 eritu
556 1634 595 1709 (et
617 1634 682 1707 om.)
706 1637 859 1693 terminata.

290 1798 303 1882 Η
320 1804 340 1861 1.
357 1804 417 1862 37⁸
434 1798 447 1882 Η
475 1804 549 1873 Quae
576 1815 642 1863 sunt
664 1805 788 1863 numeri?
832 1805 906 1874 Quae
929 1805 1147 1881 singularitatem
1171 1806 1215 1863 uel
1239 1806 1341 1863 linitam
1363 1805 1504 1880 pluralita-

207 1899 260 1946 tem
284 1889 452 1965 (plnralitate
476 1886 511 1963 te)
536 1891 732 1948 demonstrant.
777 1888 869 1948 SoliDa
891 1889 1031 1964 exemplis.
1076 1889 1150 1946 Vnus
1172 1892 1265 1948 decem
1288 1899 1396 1948 eentum
1420 1891 1502 1949 mille.

205 1974 278 2043 Quae
301 1983 366 2030 sunt
388 1974 510 2031 ordinis?
553 1974 627 2044 Quae
650 1978 748 2033 seriem
772 1975 869 2051 (serie)
892 1976 1101 2033 consistentium
1124 1992 1216 2031 rerum
1239 1976 1505 2050 dispositionemque

206 2059 351 2116 eleelamnt.
396 2059 502 2116 liobora
529 2061 667 2135 exemplis.
718 2061 824 2117 Primus
857 2059 978 2118 decimus
1011 2061 1177 2117 centesimus
1211 2061 1382 2118 millesimus.
1434 2062 1506 2117 luter

206 2144 316 2200 uomina
344 2146 448 2200 numeri
471 2153 499 2201 et
521 2145 626 2202 ordinis
653 2145 719 2219 quid
741 2146 832 2202 dillert
855 2141 928 2220 (quia
951 2144 1067 2216 delertli
1112 2143 1179 2212 Quia
1204 2145 1230 2201 in
1253 2163 1367 2203 numero
1390 2155 1433 2203 est
1456 2143 1503 2221 (et)

206 2229 378 2285 coaceruatio
406 2228 554 2286 multorum
584 2231 611 2286 in
641 2247 739 2302 unum,
769 2230 873 2287 ordinis
901 2246 967 2287 uero
996 2232 1138 2305 proprium
1168 2238 1209 2287 est
1237 2231 1340 2306 eligere
1370 2247 1452 2287 unum
1475 2247 1508 2286 en

205 2313 340 2387 plurimis.
371 2311 512 2381 Quomodo
529 2314 566 2370 sit
580 2315 643 2384 boc,
656 2316 779 2372 ostende.
809 2315 874 2371 llam
886 2315 994 2389 quando
1007 2316 1068 2372 dico
1081 2323 1201 2387 centum,
1215 2333 1309 2373 omnes
1324 2317 1429 2390 pariter
1443 2332 1507 2372 eon·

206 2398 355 2472 prebendo,
371 2400 478 2473 quando
494 2416 561 2456 uero
577 2399 637 2457 dico
654 2400 836 2472 centesimus,
851 2417 934 2457 unum
952 2408 1055 2457 tantum
1072 2400 1104 2458 de
1122 2408 1196 2458 tanta
1211 2401 1343 2459 societate
1358 2401 1505 2458 nominaui.

289 2568 431 2638 Quomodo
455 2571 593 2646 praecepit
614 2570 781 2643 Donatus,
805 2588 839 2627 ne
860 2587 891 2627 ca
907 2571 1015 2627 nomina
1038 2587 1243 2645 conponamus‚
1267 2588 1338 2646 quae
1361 2571 1505 2645 conposita

205 2663 283 2726 sunt,
306 2671 367 2712 cum
389 2654 453 2711 alibi
476 2655 548 2712 dicat
570 2656 689 2730 conponi
711 2672 794 2729 posse
816 2672 848 2712 ex
871 2654 1058 2729 compluribus
1082 2654 1133 2727 (cs.
1152 2672 1182 2726 p.
1199 2659 1267 2725 377,
1285 2659 1331 2711 13.
1348 2654 1395 2726 8)1
1433 2653 1505 2721 Quo·

205 2741 276 2796 niam
298 2739 331 2795 ad
353 2756 463 2797 sensum
486 2742 622 2814 respicere
644 2739 790 2812 debemus,
819 2741 891 2796 etsi
914 2741 1000 2813 prima
1022 2741 1177 2813 conpositio
1200 2738 1425 2812 significationem
1449 2755 1503 2795 non

206 2825 338 2894 mutauit,
366 2825 464 2880 iterum
488 2827 606 2899 conponi
629 2834 735 2898 potest3
764 2827 787 2880 si
810 2840 876 2880 uero
906 2839 964 2880 cam
988 2820 1202 2897 (commutauit,
1231 2840 1287 2880 non
1316 2832 1417 2898 potest.
1462 2824 1505 2880 Dic

205 2907 337 2982 apertius.
372 2907 530 2983 Pugnabilis
553 2918 581 2965 et
602 2907 790 2982 expugnabilis
814 2908 906 2965 eadem
928 2907 1092 2983 significatio
1115 2915 1143 2965 et
1165 2908 1226 2964 ideo
1248 2910 1377 2982 componi
1400 2915 1503 2984 potest,

207 3000 237 3047 ut
252 2992 479 3068 inexpugnabilis.
514 2993 641 3050 ludoctus
657 3009 736 3062 uero,
759 2995 821 3068 quia
838 2994 954 3051 mutauit
969 3010 1096 3064 sensum,
1120 2994 1247 3067 componi
1263 2993 1380 3050 ulterius
1395 2993 1506 3068 nequid.

290 3070 303 3155 Η
322 3076 339 3134 i.
356 3077 414 3136 40·
431 3072 445 3155 Η
469 3076 602 3146 Quoniam
618 3078 773 3134 Donatus
788 3077 899 3153 regulas
914 3077 1125 3136 declinationum
1141 3077 1174 3134 ab
1189 3076 1309 3135 ablatiuo
1324 3078 1423 3135 diffuse
1438 3095 1504 3135 con·

206 3164 314 3235 posuit,
338 3179 389 3219 nos
404 3180 419 3219 a
435 3167 564 3236 genetiuo
587 3164 740 3239 conpendio
755 3163 967 3221 declinationum
983 3164 1136 3220 earumdem
1153 3163 1276 3220 ordinem
1297 3179 1503 3237 persequemur.

292 3323 305 3410 Η
323 3329 342 3386 1.
357 3330 414 3388 41·
431 3326 444 3409 Η
473 3333 580 3391 Tertiae
602 3333 791 3393 declinationis
813 3349 882 3408 quae
905 3342 947 3389 est
969 3333 1091 3407 agnitio?
1134 3331 1217 3389 Cuius
1240 3334 1425 3389 nominatiuus
1449 3335 1505 3389 sin-

206 3414 311 3489 gularis
339 3415 392 3473 Vlll
419 3415 520 3474 litteris
547 3417 672 3476 finalibus
701 3419 862 3476 terminatur
890 3413 1014 3492 (antur).
1057 3416 1179 3486 Quibus?
1223 3415 1449 3473 Aelnrsrt
1478 3426 1505 3474 et

276 3596 464 3661 *)Αιιι1ιιιίε
483 3610 603 3666 excerpts
621 3616 636 3650 a
654 3600 735 3651 lleilio
753 3601 839 3652 Herm.
858 3601 914 3667 lp.
933 3603 984 3652 332
1002 3599 1102 3666 prolata
1121 3601 1146 3649 in
1166 3599 1223 3649 eod.
1242 3600 1317 3650 Beru.
1336 3598 1414 3665 paulo
1432 3599 1505 3650 aliter

207 3668 303 3733 scripta
321 3677 394 3730 sunt3
416 3682 474 3717 nam
499 3682 550 3732 quo
569 3667 625 3719 loco
643 3669 675 3718 de
693 3674 800 3735 ‘super’
820 3669 1012 3736 praepositione
1029 3668 1127 3734 agitur,
1151 3667 1214 3717 baec
1237 3680 1276 3718 est
1298 3669 1353 3718 eius
1379 3669 1503 3718 uarietas:

207 3736 308 3802 plenius
326 3736 454 3787 secundus
472 3760 506 3772 -
523 3736 736 3802 significationem
756 3736 816 3802 (sio)
836 3747 864 3787 ut
881 3748 943 3802 puta
961 3752 1041 3803 supra
1059 3751 1121 3786 sena
1132 3761 1167 3773 -
1180 3735 1247 3786 idest
1264 3751 1343 3802 supra
1362 3738 1421 3785 item
1439 3737 1504 3786 socii

206 3805 350 3854 exanimem
369 3819 448 3870 super
465 3819 536 3855 arma
555 3807 581 3855 in
598 3821 678 3871 morp.
695 3808 780 3870 suppl.
792 3830 827 3841 —
838 3805 956 3854 lraectore
973 3804 1011 3855 bis
1024 3831 1054 3840 —
1069 3803 1165 3854 scelere
1177 3831 1211 3842 —
1223 3804 1328 3862 sedunt3
1347 3810 1373 3853 et
1390 3807 1416 3854 in
1434 3804 1505 3853 Liuii

207 3877 273 3924 loeo:
293 3873 354 3922 Item
372 3884 433 3922 suut
452 3900 483 3910 —
501 3881 626 3922 structure
645 3898 675 3908 —
693 3872 874 3938 transllgnrate
892 3899 925 3909 -
942 3883 1019 3939 epton
1039 3873 1176 3922 desistere:
1195 3872 1278 3935 quiuit
1293 3888 1367 3922 manu
1384 3874 1506 3921 recentis-

205 3944 269 3991 sime
288 3940 415 4003 (Danielis
431 3944 473 3991 nel
489 3938 640 4006 Bosporon)
658 3949 800 3992 correctum
817 3948 863 3992 eat.
899 3939 1015 4003 Denique
1032 3939 1201 4005 lragnrcntum
1220 3938 1295 3998 illud,
1318 3940 1387 4001 quod
1405 3954 1420 3987 a
1438 3938 1505 3988 blaio

207 4009 301 4056 ‹nlirnm
321 4018 359 4057 est
377 4008 459 4074 primo
478 4008 533 4057 loeo
546 4017 612 4057 snct.
626 4007 684 4058 Vnt.
695 4008 731 4058 vl
744 4025 770 4076 p.
781 4011 830 4061 589
849 4025 862 4059 e
879 4008 1008 4074 glossario
1021 4008 1155 4067 Vaticano,
1174 4009 1200 4057 in
1218 4007 1340 4057 Beruensi
1359 4007 1505 4071 glossarum

206 4076 270 4124 libro
289 4090 327 4124 nr.
348 4076 380 4124 lli
397 4090 465 4127 saec.
484 4074 520 4124 tx
538 4075 640 4125 duobus
658 4075 721 4127 loeis
739 4079 863 4143 scriptum
881 4088 933 4138 est,
951 4077 999 4126 sub
1017 4075 1107 4126 litteris
1126 4074 1219 4124 Aetli
1238 4075 1285 4125 ita:
1305 4074 1325 4128 1.
1339 4077 1386 4124 14·
1405 4074 1454 4129 col.
1468 4075 1503 4124 11:

206 4146 369 4217 ΑυδΑεεε
398 4159 573 4209 delementum
600 4162 639 4210 esi
662 4161 865 4224 uniuscuiusque
889 4162 924 4211 rei
948 4161 1048 4210 initium
1070 4176 1086 4209 a
1108 4174 1159 4222 quo
1187 4160 1296 4210 sumitur
1323 4161 1505 4209 incrementum

207 4255 245 4293 est
263 4245 288 4292 in
306 4260 358 4307 qno
376 4244 526 4302 resoluitur;
545 4244 563 4294 l.
583 4246 647 4295 137·
665 4245 712 4296 eol.
730 4245 767 4294 ll:
797 4243 921 4308 uidlllaeis
947 4244 1105 4294 Elemcutnm
1125 4256 1164 4293 est
1181 4245 1384 4307 uniuscuiusque
1402 4244 1438 4293 rei
1456 4245 1505 4292 ini-

205 4314 273 4361 cium
295 4328 310 4361 a
332 4327 383 4375 quo
405 4313 514 4362 sumitur
539 4313 721 4363 incrementum
743 4310 781 4378 ΗΙΗ
802 4324 826 4362 et
848 4314 873 4362 in
897 4328 948 4375 quo
972 4312 1110 4361 resoluitur
1130 4332 1165 4353 =
1186 4312 1205 4362 l.
1223 4315 1256 4364 9⁸
1273 4313 1331 4362 eod,
1351 4311 1426 4361 Bern.
1444 4313 1503 4363 336.

207 4379 302 4429 liudem
319 4378 409 4430 Scauri
427 4381 530 4431 nomine
543 4380 673 4445 adscripto
686 4381 762 4431 babet
774 4380 910 4431 Diomedes
923 4395 950 4446 p.
960 4382 1020 4438 421,
1034 4381 1133 4430 ro-tu
1142 4379 1173 4429 li.
1197 4379 1324 4430 Particula
1338 4379 1424 4444 operis
1437 4380 1503 4433 arral.

205 4447 317 4502 Vindob.
331 4464 356 4514 p.
368 4449 418 4500 202
430 4449 498 4498 edita
510 4463 569 4498 eum
586 4447 789 4498 Palaemonis
809 4464 900 4498 nomen
915 4463 976 4513 prae
993 4462 1021 4497 se
1039 4446 1104 4496 leret
1121 4447 1225 4514 (incipit
1237 4448 1300 4497 liber
1312 4446 1454 4513 palemonis
1473 4448 1505 4497 de

206 4527 272 4564 arte:
292 4518 342 4565 Ars
360 4515 422 4578 quid
440 4519 496 4566 est?
515 4518 590 4566 nanus
609 4516 734 4578 cuiusque
751 4517 787 4565 rei
806 4517 912 4566 seientia
925 4541 956 4551 —
970 4514 1040 4578 Qttid
1059 4514 1283 4582 ματαιοτεχνία1
1302 4530 1369 4578 quae
1385 4514 1504 4565 dililciles

206 4585 309 4645 quidem
321 4599 361 4633 res
374 4599 427 4634 non
439 4594 521 4634 tamen
535 4585 594 4634 usui
603 4585 762 4633 necessarias
772 4583 832 4633 lacit
842 4595 869 4633 ut
878 4592 940 4649 pute
950 4583 1334 4634 lunambnli=llax.Victorlui
1344 4598 1371 4649 p.
1379 4584 1443 4635 193⁷
1452 4582 1504 4649 Ρ.),

207 4666 258 4702 aron
276 4652 374 4714 dubito,
393 4653 455 4716 quin
472 4652 541 4702 idem
560 4651 601 4702 ille
619 4653 654 4702 sit
671 4667 700 4702 se
711 4651 875 4702 Palladius
894 4653 918 4700 in
932 4652 990 4703 cod.
1005 4651 1080 4702 Bcrn.
1094 4653 1144 4703 ³36
1162 4653 1329 4718 inscriptione
1347 4652 1504 4710 nominatus,

206 4718 239 4774 nl.
257 4719 287 4770 H.
306 4720 379 4769 lieilii
397 4721 484 4770 adnot.
504 4719 615 4773 Gramnr.
635 4719 690 4771 Lar.
707 4720 732 4770 V
749 4735 776 4785 p.
794 4721 844 4771 62¹1
863 4726 888 4770 et
905 4736 971 4783 qnae
989 4718 1056 4770 inira
1074 4736 1099 4787 p.
1118 4719 1233 4769 XXXIX
1252 4720 1442 4772 adnotauimus.

1264 4803 1302 4858 ο*
