3420 5378
651 293 859 346 sennensis
1347 290 1407 354 123

195 482 228 543 ln
251 501 306 543 ons
328 489 400 560 quot
422 499 529 560 genera
558 484 767 543 inueniuntur?
811 482 874 543 Hoc
903 491 947 542 est
975 484 1043 551 tria,
1073 481 1235 543 masculina
1264 480 1406 540 feminina

110 586 288 646 communia.
332 582 508 654 ilascuiina,
532 593 564 645 nt
586 584 634 645 hic
656 584 723 645 tons
746 583 834 644 iontis
856 583 904 644 hic
927 601 1013 644 mons
1029 581 1040 664 ΙΙ
1058 584 1076 643 i.
1101 580 1182 644 lost
1197 579 1211 664 ΙΙ
1227 582 1336 643 montis
1358 581 1406 642 hic

110 686 240 748 archons
268 684 437 754 arolrontis;
466 687 658 755 femininum,
688 693 720 745 ut
742 686 815 745 haec
843 685 926 747 frons
954 687 1059 747 irontis
1082 695 1112 746 et
1134 684 1190 745 alio
1212 702 1302 745 sensu
1324 682 1406 744 irons

108 787 239 856 frondis:
262 806 418 850 commune
441 789 530 849 trium
554 804 712 866 generum,
737 795 769 847 nt
784 795 829 847 est
846 786 894 847 hic
917 786 1042 848 ethaeo
1065 794 1094 847 et
1115 786 1172 847 hoc
1194 788 1296 847 insons
1318 784 1406 846 huius

83 891 245 952 sinsontis.

194 991 227 1053 ln
249 1010 307 1052 uns
329 1009 421 1053 unum
444 1010 552 1053 nomeu
581 993 735 1072 proprium
765 989 959 1052 masculinum
988 993 1156 1059 inuenitur,
1184 1000 1218 1051 ut
1239 989 1288 1050 hic
1310 991 1407 1051 Aruns

109 1093 198 1155 huius
222 1093 351 1154 liruntis.

195 1194 227 1254 in
251 1212 305 1274 ops
328 1203 400 1275 quot
421 1212 530 1273 genera
553 1197 763 1256 inueniuntur?
807 1194 894 1264 Tria,
923 1196 980 1255 lmc
1009 1204 1054 1255 est
1076 1192 1240 1256 masculina
1264 1193 1405 1254 feminina

109 1298 292 1365 communia;
322 1296 497 1367 masculina,
528 1304 561 1357 ut
583 1297 631 1356 hic
654 1295 778 1376 Cyclops
802 1296 888 1357 huius
911 1295 1062 1375 Cyclopis,
1089 1296 1246 1366 ieminina‚
1276 1302 1310 1355 ut
1331 1294 1406 1354 haec
1475 1284 1478 1290 ’

71 1415 97 1455 1o
110 1416 165 1478 ops
187 1399 252 1476 opis
275 1401 328 1474 opi
348 1415 433 1476 opem
458 1417 512 1478 ops
534 1396 571 1458 ab
594 1415 667 1476 ope;
697 1399 864 1458 communia
888 1399 976 1458 nium
1000 1416 1159 1476 generum,
1184 1407 1217 1458 ut
1239 1405 1284 1458 est
1305 1395 1355 1456 hic
1377 1403 1407 1456 et

109 1500 184 1561 haec
207 1507 235 1561 et
258 1500 314 1559 hoc
342 1500 428 1579 inops
456 1497 545 1560 huius
572 1501 669 1579 inopis
696 1499 766 1559 huic
792 1500 875 1579 inopi
904 1499 983 1560 hrrnc
1006 1509 1036 1560 ct
1057 1500 1133 1560 hanc
1154 1502 1274 1579 inopem
1298 1508 1328 1558 et
1349 1496 1406 1557 hoc

109 1601 197 1682 inops
218 1618 236 1663 o
258 1605 344 1677 inops
366 1601 405 1661 ol>
426 1601 483 1662 ltoc
505 1609 534 1661 et
555 1602 594 1661 ab
616 1603 675 1662 lmc
696 1609 725 1661 et
751 1601 790 1660 al>
819 1601 876 1660 ltoc
901 1605 991 1680 inope
1011 1610 1041 1662 et
1058 1604 1224 1677 pluraliter
1245 1601 1279 1661 lu·
1298 1606 1328 1660 et
1348 1599 1408 1660 lane

110 1705 214 1779 inopes
234 1711 264 1763 et
285 1703 360 1763 laec
382 1705 486 1778 inopia
508 1704 615 1764 luorum
636 1712 665 1763 et
685 1705 794 1765 lacrum
812 1710 841 1763 ct
855 1705 962 1765 lterum
985 1707 1106 1779 inopum
1127 1705 1173 1763 ln's
1194 1703 1334 1778 inopibus
1355 1702 1408 1761 laos

108 1813 138 1866 et
160 1806 216 1866 ltus
236 1808 341 1880 inopes
362 1810 392 1864 et
412 1806 489 1866 ltoec
510 1808 615 1881 inopia
638 1823 655 1864 o
677 1806 782 1884 inopes
805 1811 834 1864 ot
856 1823 874 1864 o
897 1806 997 1883 inopia
1020 1804 1057 1865 ab
1079 1804 1126 1865 ins
1148 1802 1298 1883 inopibus.

72 1921 96 1963 rs
196 1905 228 1967 ln
257 1923 306 1966 ors
333 1914 406 1985 quot
434 1923 544 1984 genera
572 1907 784 1967 inueniuntur?
828 1906 891 1966 Hoc
919 1914 963 1967 est
989 1907 1061 1976 tria,
1092 1905 1268 1975 masculina,
1298 1912 1331 1965 ut
1358 1903 1406 1964 hic

109 2005 217 2068 cohors
238 2008 325 2068 huius
348 2005 494 2075 cohortis;
517 2009 673 2074 feminina,
699 2015 729 2066 ut
752 2007 824 2068 haec
847 2026 913 2068 sors
928 2008 1014 2068 huius
1029 2010 1118 2068 sortis
1133 2007 1206 2068 haec
1221 2023 1303 2066 mors
1318 2005 1407 2066 huius

109 2109 228 2177 mortis;
258 2125 416 2169 commune
444 2111 533 2170 trium
562 2127 719 2188 generum,
748 2116 781 2169 nt
802 2107 852 2168 hic
874 2118 904 2170 et
932 2109 1005 2171 haec
1028 2117 1057 2170 et
1079 2109 1136 2170 hoc
1163 2125 1290 2169 concors
1317 2106 1405 2168 huius

45 2263 47 2267 ,
109 2207 282 2278 concordis:
311 2210 354 2270 sic
376 2209 490 2271 discors
513 2210 660 2272 discordis
682 2228 790 2271 uecors
813 2211 959 2272 uecordis.
1005 2210 1095 2292 Vnde⁴
1110 2210 1269 2272 concordia
1292 2208 1405 2270 discor·

109 2311 157 2373 dia
180 2311 318 2372 uecordia
343 2312 518 2373 neutraliter
540 2310 648 2391 plurali
672 2329 796 2373 numero
820 2313 961 2374 dicuntur
977 2314 1160 2374 nominatiuo
1184 2319 1213 2372 ot
1235 2312 1405 2372 accusatiuo

70 2420 140 2475 soet
161 2415 311 2483 uocatiuo,
337 2432 411 2493 quae
434 2423 532 2474 tamen
555 2415 674 2474 nomina
698 2423 727 2474 et
749 2413 835 2475 aliter
857 2413 1016 2492 singularia
1040 2415 1234 2475 inueniuntur
1256 2415 1287 2473 in
1310 2414 1404 2493 prima

109 2513 306 2576 declinatione
329 2515 472 2577 feminino
495 2534 616 2595 genere.

192 2616 227 2678 in
249 2615 336 2687 urbs,
360 2624 392 2678 nt
414 2618 488 2678 haec
510 2616 583 2678 urbs
605 2617 692 2679 huius
714 2616 805 2678 urbis.

193 2717 227 2781 ln
250 2717 320 2789 ulis,
344 2726 377 2779 ut
398 2720 473 2780 haec
495 2717 572 2780 nubs
594 2719 682 2779 huius
705 2719 792 2779 nubis
815 2728 844 2781 et
866 2718 980 2781 conubs
1003 2718 1137 2780 conubis.

114 2823 121 2837 “
192 2820 226 2881 ln
250 2821 272 2881 d
293 2821 352 2881 duo
375 2822 495 2882 nomina
518 2827 639 2890 neutra,
668 2819 747 2881 alind
772 2820 907 2901 etquid,
937 2829 1025 2881 etex
1048 2838 1083 2880 eo
1106 2821 1274 2899 conposita,
1300 2827 1332 2878 ut
1354 2818 1404 2878 ali·

69 2920 180 3000 sequid
204 2920 302 3002 siquid
325 2923 450 3001 nequid,
473 2939 600 3000 quorum
623 2923 781 3000 genetinus
804 2925 835 2982 in
849 2925 896 2982 ius
911 2924 1071 3002 protertur,
1095 2930 1128 2981 ut
1150 2920 1272 2981 alicuius
1294 2921 1405 2981 sicnius

108 3022 234 3084 necnius
256 3030 285 3083 et
307 3022 424 3083 datinus
446 3025 477 3083 in
501 3025 510 3083 i
533 3021 621 3084 alicui
643 3026 721 3085 sicui
748 3025 844 3083 necui.
890 3022 1000 3084 Omnes
1028 3023 1210 3085 Graecorum
1240 3021 1404 3083 doctissimi

108 3123 181 3186 haec
209 3126 330 3185 nomina
360 3143 425 3185 esse
455 3123 649 3203 conprobant.
695 3123 767 3186 item
791 3127 820 3185 in
844 3128 901 3204 ud,
930 3135 963 3187 ut
984 3125 1088 3204 Bogud
1111 3124 1272 3185 barbarum
1295 3142 1405 3185 nomen

106 3228 188 3304 regis
202 3225 384 3288 Maurorum.
416 3225 488 3287 ltem
504 3225 639 3306 Pudpud
664 3226 766 3306 oppidi
789 3244 898 3288 nomen
921 3235 981 3288 est:
1005 3225 1076 3287 hinc
1098 3226 1241 3287 Liuius:
1266 3228 1404 3305 etipse

108 3328 211 3388 circa
234 3326 388 3406 Pudpud
412 3345 510 3388 oram
534 3327 721 3390 tuebatur.
794 3328 796 3333 ’

69 3444 96 3486 ao
193 3429 264 3490 item
288 3431 318 3490 in
341 3437 368 3503 t,
393 3437 426 3490 ut
448 3441 537 3509 capnt
559 3431 664 3508 capitis
687 3439 716 3489 et
739 3448 775 3490 ex
798 3448 833 3489 eo
857 3433 1025 3510 conposita,
1049 3440 1083 3491 ut
1105 3432 1237 3508 sinciput
1259 3430 1405 3507 sincipitis

108 3538 138 3592 et
160 3531 278 3611 occiput
300 3532 445 3608 occipitis.
482 3531 555 3592 item
571 3532 667 3609 Nepet
689 3549 797 3592 nomen
821 3531 922 3610 oppidi
944 3532 1053 3601 italici,
1076 3540 1107 3593 et
1126 3534 1169 3611 git
1184 3529 1403 3609 indeclinabile,

107 3632 145 3695 de
173 3649 233 3709 quo
261 3633 381 3692 nomine
408 3635 438 3693 in
466 3632 590 3694 Hisaia
618 3632 741 3711 legitur:
788 3635 965 3711 numquid
993 3636 1028 3695 in
1057 3637 1176 3694 serris
1204 3631 1404 3694 triturabi-

107 3741 169 3795 tur
191 3735 253 3811 git.

192 3834 226 3895 ln
248 3852 294 3895 am
318 3852 410 3897 unum
439 3854 548 3897 nomen
576 3854 734 3898 commune
764 3839 853 3897 trium
882 3854 1025 3915 generum
1050 3840 1203 3899 inuenitur
1226 3856 1280 3917 per
1302 3853 1405 3896 omnes

68 3949 95 3991 ³⁶
108 3953 195 4000 casus
216 3943 410 4016 monoptoton
433 3939 589 4016 utriusque
613 3941 745 4007 numeri,
768 3939 820 3999 sed
843 3942 977 4001 uariatur
999 3943 1030 4000 in
1047 3959 1152 4010 sensu,
1176 3949 1209 4000 ut
1224 3940 1271 3999 hic
1288 3936 1405 3998 ethaeo

107 4046 138 4100 ct
159 4036 216 4099 hoc
239 4057 366 4118 nequam
389 4039 478 4101 huius
500 4057 628 4120 nequam
652 4049 681 4102 et
702 4041 732 4101 tn
756 4058 883 4119 nequam
906 4049 936 4102 et
957 4049 1065 4103 cetera.

106 4191 333 4201 ——u———————

175 4293 277 4357 lquod
329 4303 383 4343 treu
452 4293 633 4345 diemininum
653 4294 738 4344 uthic
790 4310 893 4344 sensum
963 4294 1067 4357 Squod
1118 4304 1171 4343 tree
1240 4294 1371 4359 9ciciops

106 4361 211 4427 ciclopis
299 4364 331 4412 10
350 4363 407 4427 opis
427 4377 501 4428 opem
521 4363 567 4412 obs
672 4366 700 4412 11
720 4363 778 4411 hine
797 4373 821 4410 et
839 4362 904 4411 lianc
923 4364 1024 4428 inopem
1043 4372 1068 4412 et
1085 4362 1161 4412 huius
1184 4363 1260 4428 inops
1280 4377 1294 4412 o
1313 4363 1405 4427 inopes

105 4430 195 4482 mediis
211 4432 310 4481 ornassia
397 4430 517 4493 loquod
586 4431 705 4479 hoctrea
792 4433 823 4479 16
841 4431 936 4480 coortis
1011 4431 1042 4479 18
1060 4431 1134 4479 Vnde
1152 4427 1301 4496 concordio]
1322 4431 1357 4478 Vt
1374 4431 1406 4478 do

106 4498 194 4547 cordia
262 4499 296 4550 20
313 4510 338 4548 et
356 4500 475 4548 uocatiuo
494 4498 613 4548 dicuntur
631 4514 680 4560 que
698 4509 780 4546 tamen
859 4500 935 4547 earn
954 4514 997 4546 urs
1016 4497 1122 4546 isthaec
1141 4515 1184 4548 urs
1257 4500 1291 4548 et
1309 4500 1334 4546 in
1352 4497 1404 4546 dno

141 4566 237 4628 aliquid
256 4578 280 4615 et
298 4567 360 4629 qnid
378 4566 469 4628 sequid
538 4567 571 4616 26
589 4565 665 4614 alicui
685 4567 756 4614 necui
777 4580 866 4615 omnes
913 4564 1058 4631 erecorum]
1078 4567 1112 4629 cf.
1132 4569 1163 4617 de
1181 4567 1228 4617 doc
1246 4569 1301 4616 loeo
1320 4566 1405 4616 Prisc.

106 4631 125 4681 1
141 4650 167 4698 p,
187 4636 248 4698 213,
269 4639 356 4700 lseq.
426 4637 459 4683 li
477 4635 536 4683 item
555 4635 580 4682 in
599 4633 684 4698 bogud
753 4605 1281 4699 28P11dpudicfil³roolptral
1334 4633 1405 4698 opidi

107 4701 140 4750 30
157 4702 217 4750 item
236 4700 324 4766 eaput]
341 4703 377 4765 cf.
397 4703 482 4752 Prisc.
501 4702 517 4750 l
535 4719 562 4766 p.
582 4705 642 4762 art,
655 4706 670 4751 5
682 4716 737 4766 seq.
806 4703 838 4753 31
858 4701 934 4751 nomn
954 4702 1024 4770 opidi
1043 4701 1143 4765 italiqni
1213 4703 1245 4753 32
1264 4703 1290 4751 in
1309 4697 1404 4766 insuia]

108 4784 165 4833 cop.
184 4769 318 4819 XXVIII
336 4773 369 4818 27
438 4773 471 4820 35
489 4771 656 4820 monohtoton
676 4770 796 4833 utiusque
