3420 5378
223 212 265 280 98
630 287 633 293 .
737 214 807 267 aas
826 213 1004 268 auouunn

223 411 294 464 sunt
314 398 325 484 ΙΙ
346 401 398 465 iol.
421 399 480 464 97·
501 398 513 485 ΙΙ
534 402 715 484 superlatiua
739 448 902 465 ......
926 405 957 464 in
986 401 1130 482 singulari
1157 418 1284 463 numero
1311 400 1524 464 indeclinabile

224 515 268 565 est
297 511 327 565 at
355 512 506 580 neutrum,
536 507 567 566 in
596 504 704 584 plurali
732 524 806 566 uero
833 522 959 566 numero
987 505 1164 565 femininum
1192 512 1240 565 est
1268 509 1300 565 ct
1326 505 1449 583 primae
1474 502 1523 565 de·

223 604 390 667 clinationis
413 607 481 668 ‘bae
504 612 607 687 cepae’
630 606 749 668 ‘barum
765 608 930 688 ceparum’,
953 608 1091 687 quamuis
1112 604 1312 686 antiquissimi
1325 606 1357 666 in
1372 624 1391 666 a
1406 622 1524 685 quoque

224 709 374 788 singulare
397 709 540 769 feminino
563 727 673 788 genere
695 710 794 789 ‘cepa’
815 707 977 787 protulisse
1005 709 1210 770 inueniuntur.
1259 707 1336 769 ltem
1364 705 1523 767 diriuatina

224 814 344 872 nomina
371 812 494 871 suntin
518 829 550 880 a,
580 829 596 870 a
619 813 759 889 genetiuo
787 811 935 873 secundae
961 809 1170 892 declinationis
1200 811 1330 871 maxime
1359 809 1545 877 uenientium

224 920 256 973 nt
278 913 498 973 Priscianus
521 911 607 981 dicit,
638 912 732 974 durus
754 912 821 973 duri
850 913 975 982 duritia,
1005 914 1118 973 amicus
1145 913 1233 973 amici
1261 911 1411 981 amicitia,
1439 909 1522 990 pudl·

223 1034 277 1075 eus
310 1014 411 1095 pudici
441 1012 598 1093 pudicitia,
631 1012 727 1077 laetus
760 1011 830 1076 laeti
862 1015 988 1085 laetitia,
1021 1014 1174 1075 modestus
1204 1012 1333 1075 modesti
1366 1012 1522 1081 modestia,

223 1125 353 1178 maestus
369 1118 474 1177 maesti
490 1117 646 1187 maestitia,
666 1116 763 1177 addita
781 1119 822 1177 tia
839 1125 869 1178 et
885 1126 942 1177 tam
959 1115 1141 1197 paenultima
1157 1133 1246 1196 quam
1268 1114 1523 1194 antepaenultima

222 1218 332 1298 ubique
361 1224 509 1297 correpta.
559 1216 631 1278 ltem
660 1213 715 1278 alia
745 1221 886 1296 genetiuo
914 1218 1073 1280 adsumunt
1100 1237 1132 1288 a,
1162 1215 1345 1296 paenultima
1372 1218 1384 1277 i
1413 1216 1522 1297 ubique

222 1327 367 1399 correpta,
393 1327 424 1379 ut
446 1327 492 1380 est
514 1338 676 1382 conuersus
699 1323 839 1381 conuersi
861 1324 1029 1391 conuersis,
1053 1321 1095 1381 sic
1118 1327 1147 1378 et
1166 1326 1380 1380 connouersus
1403 1326 1553 1381 canam

220 1423 300 1481 uersi
317 1423 532 1492 controuersia,
555 1423 680 1500 ignauus
702 1412 802 1500 ignaui
825 1423 954 1501 ignauia,
978 1421 1126 1502 superbus
1140 1418 1266 1499 superbi
1280 1418 1437 1498 superbia,
1460 1420 1521 1480 uio·

220 1521 319 1582 lentus
347 1521 471 1584 uiolenti
501 1523 656 1595 uiolentia,
687 1530 802 1585 astutus
830 1527 921 1585 astuti
943 1525 1062 1599 astutia,
1092 1520 1182 1583 ltalns
1202 1520 1268 1582 itali
1290 1520 1392 1593 ltalia,
1422 1519 1521 1583 Gallus

224 1622 300 1686 Galli
329 1621 438 1694 Gallia,
462 1625 612 1705 llispanus
640 1625 762 1705 Hispani
789 1623 1092 1706 llispania,'colonus
1118 1622 1217 1685 coloni
1245 1622 1377 1695 colonia,
1408 1622 1520 1685 Tuscus

222 1726 313 1788 'insci
329 1726 444 1797 Tuscia,
462 1727 602 1799 Graecus,
625 1728 731 1789 Graeci
746 1728 881 1789 Graecia.
918 1726 993 1788 ltern
1008 1729 1101 1787 miser
1116 1726 1218 1787 miseri
1240 1721 1373 1785 miseria.
1413 1723 1520 1786 Simili·

221 1837 266 1889 ter
281 1831 394 1890 iaciunt
409 1829 529 1889 nomina
545 1831 651 1890 tertiae
667 1828 884 1899 declinationis,
901 1845 976 1907 quae
992 1828 1151 1909 aliqnando
1166 1827 1317 1907 accipiunt
1333 1829 1375 1887 tia
1391 1824 1518 1888 additam
1530 1842 1551 1884 a

220 1930 256 1991 ad
273 1931 416 1999 datiuum,
441 1940 474 1991 ut
488 1932 584 1992 tristis
599 1932 692 1992 tristis
714 1933 792 1991 tristi
813 1933 947 2001 tristitia,
971 1931 1014 1991 sic
1035 1931 1133 2008 segnis
1156 1929 1255 2007 segnis
1276 1929 1363 2007 segni
1385 1928 1519 2007 segnitia,

220 2034 357 2111 insegnis
379 2034 511 2110 insegnis
533 2035 650 2111 insegni
672 2035 832 2112 insegnitia
862 2041 891 2093 ct
912 2041 1012 2093 cetera
1035 2040 1093 2093 tam
1114 2029 1294 2111 paenultima
1323 2048 1417 2110 quam
1439 2040 1519 2092 ante·

220 2135 400 2213 paenultima
422 2135 432 2193 i
454 2133 564 2214 ubique
592 2142 740 2215 correpta.
791 2134 955 2215 Aliquando
982 2142 1080 2194 antem
1108 2135 1226 2194 nomina
1255 2133 1362 2194 tertiae
1391 2130 1520 2194 declina-

221 2236 309 2295 tionis
323 2238 387 2296 siue
403 2236 572 2315 participia,
597 2253 673 2314 quae
694 2255 752 2297 una
774 2235 884 2316 syllaba
907 2235 1047 2314 genetiuo
1070 2237 1194 2295 uincnnt
1216 2233 1450 2304 nominatiuum,
1472 2232 1520 2295 ad·

221 2345 342 2398 sumunt
370 2337 469 2396 datiuo
501 2356 518 2397 a
545 2337 673 2398 litteram
704 2336 885 2419 paenultima
918 2338 928 2396 i
956 2344 1108 2417 correpta,
1139 2338 1183 2397 sic
1215 2338 1330 2398 iaciunt
1362 2336 1552 2399 diriuatlnan

222 2440 341 2501 uomina
364 2438 505 2499 leminina
527 2441 642 2518 primae
664 2439 887 2509 declinationis,
910 2447 943 2500 ut
958 2438 1120 2518 neglegens
1142 2436 1329 2517 neglegentis
1350 2437 1523 2518 neglegenti

223 2541 420 2620 neglegentia,
443 2540 575 2619 prudeus
589 2541 747 2623 prudentis
761 2541 901 2621 prudenti
923 2540 1091 2621 prudentia,
1114 2542 1234 2621 sapiens
1250 2540 1321 2601 tisti
1337 2541 1387 2615 tia,
1405 2541 1521 2603 miseri·

224 2663 292 2706 cors
307 2643 353 2704 dis
368 2642 397 2703 di
413 2642 469 2714 dia,
486 2646 570 2705 iners
593 2646 630 2705 tis
645 2646 734 2714 titia,
757 2646 845 2724 inops
866 2645 914 2723 pis
935 2644 966 2723 pi
987 2644 1046 2723 pia.
1090 2643 1164 2703 Item
1187 2644 1233 2703 ius
1254 2642 1330 2704 iuris
1350 2646 1419 2706 111νί
1437 2645 1521 2711 iuria.

223 2747 321 2808 addita
344 2747 562 2826 praepositione
583 2747 702 2807 iniuria.
739 2747 811 2808 ltem
835 2746 943 2806 Caesar
965 2747 1007 2805 ris
1028 2746 1055 2805 ri
1076 2747 1131 2806 ria.
1169 2744 1242 2805 ltenr
1258 2762 1370 2807 nomen
1393 2746 1524 2808 nominis

221 2850 336 2910 nomini
359 2848 457 2908 addita
480 2849 700 2928 praepositione
720 2848 882 2925 ignominia
905 2847 983 2907 lacit.
1020 2846 1197 2909 nitasuram
1219 2846 1393 2910 nominibus
1416 2847 1553 2910 additise

220 2951 340 3030 syllabis
358 2951 458 3012 urnula
474 2951 517 3010 sio
533 2950 645 3011 iaciunt
666 2949 824 3011 diriuatiua
840 2950 960 3010 nomina
976 2950 1092 3029 primae
1107 2947 1314 3010 declinationis
1329 2950 1479 3011 feminina
1493 2951 1522 3009 in

222 3054 250 3112 ia
266 3054 441 3121 desinentia,
466 3061 498 3113 ut
513 3060 611 3113 castus
633 3054 706 3114 casti
728 3052 911 3122 castimonia,
934 3069 1004 3111 acer
1019 3053 1082 3111 acri
1105 3051 1276 3124 acrimonia,
1298 3053 1364 3112 siue
1387 3050 1524 3113 auerbls

221 3156 361 3225 ueniunt,
392 3161 424 3214 ut
444 3171 536 3232 parco
558 3155 638 3233 parsi
665 3156 863 3234 parsimonia,
892 3154 934 3212 sic
962 3170 1074 3231 queror
1101 3154 1285 3233 querimonia
1306 3154 1317 3212 i
1339 3152 1522 3233 paenultima

221 3274 340 3336 semper
363 3263 510 3335 correpta.
548 3254 621 3315 ltem
646 3264 752 3317 neutra
774 3255 886 3316 Graeca
909 3257 977 3314 ina
999 3254 1162 3315 desinentia
1186 3257 1291 3315 tertiae
1313 3252 1524 3316 declinaberis

221 3358 421 3435 antiquissimi
443 3356 607 3418 secuudum
630 3358 756 3438 primam
780 3357 1006 3418 declinationem
1029 3355 1218 3436 protulerunt
1239 3363 1269 3416 et
1289 3359 1412 3434 generis
1435 3357 1563 3447 femi-g

222 3461 284 3520 nini
307 3471 405 3521 erant:
437 3458 591 3520 Plautus
613 3458 701 3520 dixit:
735 3458 838 3520 Nunc
866 3477 910 3519 aa
937 3458 1176 3521 admiremini
1198 3477 1315 3520 meum
1338 3467 1520 3528 ornatum,

220 3562 318 3642 qnod
342 3579 408 3640 ego
430 3561 501 3621 buc
522 3564 694 3640 processi
721 3580 799 3622 cum
824 3559 960 3622 seruili
984 3561 1140 3631 schema,
1161 3580 1218 3641 pro
1240 3560 1401 3624 schemate.
1447 3561 1520 3623 ltem

220 3664 415 3725 Laberius:
450 3661 899 3743 Pythagoreamdogmam
923 3661 1069 3731 doctus,
1093 3681 1149 3744 pro
1172 3663 1279 3741 dogma
1299 3664 1411 3743 posuit
1451 3663 1520 3735 Qui-

221 3768 288 3826 dam
304 3775 401 3827 antem
417 3766 446 3824 in
464 3782 513 3825 um
530 3764 737 3827 huiuscemodi
753 3767 906 3827 nominum
928 3762 1119 3843 protulerunt
1140 3766 1341 3828 nominatione
1357 3762 1406 3848 is·
1420 3762 1520 3847 97'21,

289 4025 301 4070 1
321 4017 490 4089 superlatiua]
511 4022 576 4071 Post
592 4021 640 4071 doc
657 4022 777 4072 nonnulla
794 4022 826 4071 de
843 4023 928 4085 ‘cepe’
946 4022 1017 4071 abab
1034 4023 1156 4087 qualitate
1173 4020 1367 4072 interciderunt.
1424 4019 1453 4070 in
1470 4023 1522 4071 siu-

220 4089 280 4155 gnln
332 4090 464 4139 inumeri
516 4092 612 4154 dcepe
662 4087 762 4153 agene
804 4103 870 4153 cqpa
922 4091 1063 4139 bsecnnda
1114 4084 1522 4153 bPriscianus]cs.Ip.119‚9

265 4159 316 4207 ami
333 4159 444 4208 amiticia
513 4157 611 4207 lletns
629 4156 672 4206 leti
689 4156 773 4206 leticie
841 4157 989 4207 Bmesticia
1059 4156 1285 4221 antepeneultima,
1304 4172 1376 4208 carr.
1394 4165 1521 4222 antepana

218 4227 295 4287 (sici)
349 4229 381 4277 10
393 4240 573 4276 contrauersus
608 4225 766 4275 contrauersi
800 4226 974 4273 contrauersia
1011 4228 1051 4291 Υ11
1066 4224 1188 4274 uiolenter
1201 4224 1305 4274 uiolenti
1359 4227 1391 4275 13
1403 4224 1520 4291 hispanis

219 4298 252 4345 lt
271 4295 380 4360 iusticia
397 4294 503 4359 (puncta
520 4294 732 4357 catanancen.)
802 4294 833 4342 lb
851 4293 981 4357 accipiunt
997 4294 1022 4342 in
1040 4292 1127 4342 addite
1144 4308 1159 4341 a
1177 4293 1291 4342 datiuum
1363 4293 1396 4342 16
1414 4292 1521 4343 tristicia

252 4365 336 4428 signis
355 4363 443 4428 signes
462 4363 530 4426 sigui
547 4363 653 4427 signinis
722 4363 754 4411 ti
772 4361 883 4425 insignis
901 4368 949 4412 eto.
1000 4371 1098 4410 aeterne
1158 4363 1191 4411 20
1208 4360 1336 4410 adsumnn
1354 4361 1446 4411 datiua
1495 4361 1520 4409 in

219 4444 337 4496 correpta
383 4433 416 4481 23
434 4431 496 4479 iuris
515 4430 578 4488 iura,
597 4432 658 4482 add.
680 4432 772 4479 imaa.
790 4445 843 4479 ree.
929 4430 962 4478 24
981 4426 1070 4479 Casani
1147 4431 1181 4478 25
1199 4427 1405 4494 praepositione]
1423 4443 1520 4495 conpo-

220 4501 312 4549 sitione
347 4498 413 4547 nlius
431 4510 516 4546 antem
567 4499 600 4547 26
617 4495 757 4547 disiuatiua
808 4498 841 4547 29
859 4495 942 4546 deciis
961 4498 1131 4562 protullerunt
1181 4500 1215 4547 30
1232 4512 1315 4563 genus
1368 4500 1401 4548 31
1420 4498 1519 4563 plastas

253 4564 370 4632 l'laums]
390 4566 425 4631 ns.
444 4566 571 4616 Priscian.
590 4566 650 4631 lp.
670 4569 728 4630 199,
748 4566 835 4618 1711.
902 4582 934 4615 ne
951 4580 998 4619 om.
1051 4581 1092 4614 me
1112 4574 1229 4615 orantum
1315 4566 1348 4616 32
1367 4580 1456 4616 scema
1474 4579 1520 4632 pro

219 4646 330 4684 scemate
430 4637 464 4685 33
481 4634 586 4684 liberius
648 4631 783 4699 Laberius]
805 4634 840 4698 cf.
858 4634 976 4686 Prisci
991 4650 1020 4698 p.
1038 4637 1138 4697 2dd‚9
1189 4634 1345 4699 pitagorinm
1416 4634 1519 4698 quidam

220 4699 316 4770 nartem]
336 4704 370 4767 ef.
390 4704 473 4756 Prisc.
492 4703 507 4753 1
523 4719 552 4768 p.
571 4705 656 4768 201,1
733 4704 767 4752 34
784 4702 955 4768 protullerunt
972 4703 1125 4766 nominatim
