3420 5378
627 282 677 335 nu
695 281 835 335 nonam
853 280 1057 335 retonmve.
1430 280 1491 345 149

193 471 260 533 talis
288 470 409 538 mulier:
440 469 595 531 extribus
623 467 800 549 generibus,
832 478 865 532 ut
892 479 963 549 puta
986 468 1042 528 lroc
1064 467 1178 530 dicere:
1207 477 1237 529 tu
1261 470 1307 530 uir
1330 477 1360 530 tu
1383 467 1491 530 mulier

193 583 225 635 tu
248 574 436 651 mancipium.

279 691 321 751 lle
343 692 485 751 numeris.
530 689 676 751 Numerus
698 690 805 751 accidit
827 689 983 768 singularis
1006 689 1068 758 liic,
1091 687 1215 768 pluralis
1237 688 1276 749 lri.

280 810 322 870 lle
351 811 454 887 ligura.
504 809 617 868 Accidit
644 810 752 887 ligura,
782 819 814 869 ut
841 811 872 869 in
900 809 1035 879 nomine,
1064 809 1107 869 sic
1137 809 1225 867 etiam
1255 808 1284 868 in
1313 809 1491 887 pronomine

167 910 319 991 esirnplex
343 919 372 971 et
395 911 555 989 conposita.
600 906 750 990 Simplex,
774 917 806 970 ut
828 911 908 989 quim
937 910 1106 990 conposita,
1136 917 1168 971 ut
1190 911 1323 988 quisquis
1346 911 1490 989 quispiam

194 1031 338 1095 quisnam.

278 1147 424 1210 Accidunt
446 1165 602 1226 personae.
647 1147 722 1208 Sunt
743 1166 903 1227 personae,
928 1165 1002 1225 quae
1026 1147 1105 1207 finita
1129 1147 1314 1225 pronomina.
1346 1148 1491 1208 Accidunt

194 1268 280 1312 casus
303 1248 543 1331 pronominibus,
572 1249 648 1309 sicut
669 1256 698 1308 et
720 1247 900 1309 nominibus.
936 1246 1005 1323 †ld
1029 1266 1192 1327 pronomen
1216 1249 1245 1308 iu
1270 1256 1337 1309 nota
1361 1266 1416 1310 nec
1439 1248 1490 1309 ad·

194 1353 281 1412 lectio
304 1357 333 1411 et
355 1348 424 1410 nolo
447 1357 575 1410 tractare
598 1368 653 1411 nec
675 1349 834 1418 declinare,
851 1350 902 1410 sed
921 1350 1123 1410 tantummodo
1139 1350 1196 1410 lroc
1218 1350 1299 1409 dico:
1323 1349 1380 1410 hoc
1402 1349 1491 1410 debet
1595 1426 1600 1439 ι

156 1474 181 1513 ro
194 1453 274 1523 lieri,
297 1450 370 1513 illud
394 1449 483 1511 debet
504 1453 582 1520 fieri,
607 1461 636 1512 et
658 1470 718 1512 non
741 1452 823 1518 dico,
848 1468 940 1529 quare
963 1452 1005 1512 sic
1028 1451 1201 1512 declinatur.

279 1588 409 1648 Dicimus
432 1589 606 1666 pronomina
630 1596 680 1648 aut
701 1588 782 1647 linita
805 1593 855 1648 aut
878 1588 992 1648 inlinita
1020 1603 1096 1647 esse.
1142 1587 1238 1647 Finita
1260 1594 1330 1647 suut
1350 1583 1400 1647 illa
1423 1587 1487 1656 tria,

194 1699 227 1752 ut
250 1708 305 1768 ego
327 1694 359 1749 ιιι
381 1687 441 1748 ille.
488 1688 602 1750 lnsrnita
625 1707 698 1750 uero
720 1689 896 1768 pronomina
919 1687 972 1748 llll
1001 1689 1116 1768 species
1144 1687 1268 1757 babent;
1299 1693 1348 1749 aut
1374 1689 1488 1751 infinita

194 1799 263 1853 sunt
285 1791 455 1853 autminus
478 1807 566 1869 quam
589 1792 669 1852 linita
691 1797 742 1851 aut
763 1789 931 1851 articularia
954 1796 1004 1850 aut
1026 1791 1201 1869 possessiua.
1247 1788 1363 1850 Infinita
1386 1789 1488 1850 dicun·

194 1902 253 1962 tur,
276 1909 353 1973 quae
375 1892 492 1970 penitus
515 1909 575 1952 non
598 1891 743 1953 definiunt
767 1909 939 1970 personam,
964 1900 995 1952 ut
1018 1898 1088 1971 puta
1111 1891 1275 1969 quisquae
1298 1891 1391 1970 quod:
1415 1890 1489 1951 baec

155 2014 180 2054 rs
193 1996 306 2057 infinita
329 2000 407 2053 suut.

277 2128 374 2190 Minus
397 2145 486 2206 quam
509 2130 602 2197 finita,
631 2146 707 2207 quae
736 2128 866 2190 medium
890 2127 999 2208 aliquid
1022 2126 1133 2189 babent
1154 2129 1233 2189 inter
1255 2130 1369 2191 finitum
1392 2136 1422 2190 et
1442 2130 1488 2190 iu·

192 2233 323 2293 linitum:
359 2231 456 2290 minus
483 2232 650 2308 significant
677 2252 693 2290 a
721 2231 816 2299 finito,
847 2228 912 2309 plus
940 2230 1107 2307 significant
1134 2229 1170 2289 ab
1199 2230 1329 2298 indulto,
1359 2238 1392 2291 ut
1418 2237 1489 2309 puta

192 2334 290 2413 ‘ipse':
314 2331 432 2409 quando
449 2332 535 2410 ‘ipse'
553 2332 632 2401 dico,
657 2349 754 2409 neque
770 2333 843 2400 scis,
867 2331 904 2392 de
926 2347 985 2408 quo
1009 2330 1106 2391 dicam
1120 2332 1143 2405 †
1158 2330 1207 2392 uel
1229 2331 1266 2392 de
1289 2338 1368 2402 arte,
1391 2348 1489 2409 neque

192 2436 300 2495 lterum
324 2432 393 2493 licet
415 2431 470 2493 tibi
492 2434 608 2511 uagari:
634 2435 711 2511 ‘ipse
734 2435 771 2494 sit
793 2430 841 2493 uel
864 2430 937 2502 ille',
961 2432 1014 2493 sed
1030 2432 1066 2493 ad
1083 2450 1150 2493 eum
1167 2432 1280 2495 releres
1296 2435 1388 2511 ipsam
1412 2450 1487 2502 rem,

153 2536 243 2615 toqui
264 2537 322 2596 iam
346 2542 432 2594 notus
455 2542 513 2603 est,
537 2542 569 2594 ut
590 2543 675 2612 puta:
699 2531 859 2611 ‘Vergilius
875 2536 995 2612 scripsit
1012 2532 1157 2603 Bucolica,
1180 2535 1244 2612 ipse
1261 2535 1380 2613 scripsit
1395 2533 1489 2594 Geor·

192 2639 286 2716 gica',
318 2636 368 2712 qui
396 2636 495 2714 ‘ipse'
524 2635 588 2695 sine
611 2633 700 2695 dubio
724 2633 870 2713 Vergilius
893 2644 950 2705 est,
981 2635 1074 2715 quod,
1105 2634 1223 2712 quaudo
1250 2635 1375 2696 dicimus
1405 2636 1488 2715 ‘ipse

192 2739 342 2817 scripsit’,
368 2754 422 2815 pro
445 2736 564 2796 nomine
587 2737 715 2815 positum
738 2734 909 2814 ‘Vergilius’
932 2754 990 2795 nou
1013 2743 1097 2815 potes
1117 2736 1231 2796 reterre
1254 2735 1289 2795 ad
1314 2736 1487 2797 Ciceronem

192 2838 300 2901 autad
324 2836 499 2906 Salustium,
523 2836 575 2897 sed
599 2836 634 2896 ad
658 2836 747 2906 illud,
771 2838 855 2897 cuius
877 2855 986 2897 nomen
1008 2839 1164 2916 proprium
1186 2833 1282 2915 nomi'l
1298 2835 1349 2896 lol.
1364 2832 1442 2898 143⁵
1459 2834 1488 2920 ΙΙ·

193 2959 329 3003 naueras.
373 2939 437 2999 lloc
458 2940 604 3018 possimus
627 2937 663 2997 de
685 2935 737 2997 illo
759 2940 936 3017 pronomine
959 2946 1101 2999 tractare:
1130 2937 1188 3000 hoc
1211 2945 1256 2998 ast
1278 2937 1377 2999 minus
1399 2955 1486 3016 quam

152 3060 180 3102 m
192 3044 321 3111 linitum,
345 3042 462 3121 quoties
485 3057 649 3119 pronomen
672 3039 801 3100 relertur
816 3040 853 3100 ad
870 3057 976 3100 nomen
993 3041 1201 3115 praemissum:
1225 3038 1343 3101 ‘Cicero
1359 3039 1486 3118 scripsit,

191 3147 256 3224 ipse
280 3144 367 3204 etiam
391 3141 446 3203 hoc
469 3141 560 3201 lecit'.
606 3140 752 3217 Numquid
782 3141 883 3219 ‘ipse'
911 3159 1032 3220 possum
1060 3138 1236 3219 intellegere
1263 3159 1321 3223 pro
1343 3140 1487 3202 Cicerone

192 3245 376 3324 ‘Vergilius'.
420 3241 535 3304 Pendet
556 3261 570 3302 a
594 3241 748 3322 superiore
771 3243 901 3302 nomine.
946 3241 1010 3302 lloc
1038 3249 1084 3302 est
1107 3259 1178 3320 ergo
1200 3259 1366 3320 pronomen
1388 3243 1487 3304 miuus

192 3366 280 3428 quam
309 3347 439 3408 linitum:
470 3344 782 3406 commemorationem
807 3344 876 3404 lacit
904 3345 967 3405 eius
995 3361 1155 3425 personae,
1185 3343 1221 3403 de
1244 3361 1301 3422 qua
1323 3345 1381 3405 iam
1403 3343 1484 3406 locu·

190 3457 238 3510 tus
261 3456 315 3509 est.

153 3584 180 3623 oo
276 3563 440 3627 Articulare
469 3565 591 3633 dicitur,
621 3562 698 3642 quod
727 3561 892 3625 declinatur
920 3582 987 3624 curn
1012 3563 1130 3623 nomine
1152 3570 1182 3623 et
1204 3580 1272 3623 cum
1294 3565 1485 3640 pronomine;

191 3684 258 3728 cum
280 3669 413 3728 nomine:
450 3666 497 3726 bic
519 3668 632 3726 Aeneas
655 3665 743 3726 huius
765 3667 895 3733 Aeneam
927 3682 993 3725 curn
1017 3666 1193 3743 pronomine
1221 3663 1401 3726 declinatur:
1436 3665 1485 3726 bic

190 3770 255 3848 ipse
277 3766 365 3829 buius
386 3769 489 3846 ipsius.

248 3886 463 3955 'Possessium
502 3904 576 3965 quae
605 3904 658 3946 nos
691 3886 800 3964 aliquid
832 3885 985 3966 possidere
1018 3886 1198 3963 significant,
1237 3892 1269 3945 ut
1302 3903 1384 3945 meus
1417 3894 1485 3949 tuus

192 3999 294 4049 noster
322 3995 423 4048 uester
452 3995 481 4048 et
503 3985 568 4047 alia.
613 3987 687 4048 istae
716 3997 785 4047 scrut
812 3990 928 4067 species
956 3988 1086 4047 omnium
1115 3987 1334 4065 pronominum.
1380 3986 1484 4049 Omnia

153 4090 369 4169 asprouomiua
392 4094 442 4148 aut
465 4090 544 4148 finita
567 4096 636 4149 sunt
658 4098 707 4150 aut
729 4090 853 4150 infinita.
898 4088 992 4149 Finita
1015 4095 1093 4156 sunt,
1118 4097 1149 4147 ut
1171 4104 1225 4165 ego
1247 4094 1279 4147 ιιι
1301 4085 1352 4149 ille
1375 4094 1431 4150 etc.

192 4275 419 4285 ——-—-—

259 4409 473 4463 3deuumeribus
508 4408 543 4457 Ati
595 4405 676 4469 tinec}
689 4422 745 4456 cum
781 4409 928 4459 teutomodo
983 4407 1157 4460 lOdeclinetio
1211 4411 1240 4457 11
1253 4419 1302 4457 tres
1356 4409 1484 4474 ldpneui·

192 4490 233 4528 tus
301 4476 421 4526 diliniunt
490 4477 600 4540 quisque
617 4475 687 4538 quod
756 4476 787 4524 17
806 4489 821 4524 a
839 4474 911 4524 fluito
930 4475 987 4542 plus
1006 4474 1153 4540 significant
1174 4478 1201 4525 in
1218 4491 1297 4540 morp.
1315 4479 1400 4540 suppl.
1418 4476 1486 4526 ml

193 4548 225 4596 lll
243 4544 350 4594 referres
409 4546 443 4594 20
460 4545 563 4594 scribsit
581 4542 692 4592 bocolics
726 4543 841 4601 scribsit,
863 4559 964 4608 semper
1031 4545 1064 4593 22
1083 4545 1183 4608 positus
1229 4557 1280 4592 non
1299 4554 1385 4607 potest
1451 4545 1485 4593 25

192 4611 277 4672 finita,
296 4628 366 4664 corr.
385 4621 437 4661 tum
490 4612 596 4661 retertur
615 4621 639 4660 et
657 4623 747 4659 nomeu
765 4611 923 4675 promissum
986 4612 1019 4660 at
1037 4611 1126 4676 pendit
1193 4613 1226 4661 28
1244 4611 1485 4659 comemorntionem

192 4680 254 4731 lecit
322 4695 432 4746 persone
506 4683 537 4731 31
556 4694 614 4728 cum
632 4678 734 4727 nomine
750 4680 842 4728 addidi
909 4692 1032 4744 cumpro
1052 4680 1152 4728 nomine
1219 4681 1253 4729 35
1271 4689 1298 4726 ιιι
1315 4692 1364 4742 ego
1382 4681 1412 4727 tu
1430 4674 1482 4745 ille]

193 4749 314 4815 Seqtdtur
329 4749 502 4812 pronominum
516 4747 586 4798 XXI
603 4748 757 4797 enumeratio
774 4747 909 4797 secundem
926 4747 1070 4812 Pompeium
1088 4763 1115 4813 p.
1135 4748 1195 4810 201,
1214 4747 1248 4795 30
1264 4761 1320 4814 seq.
