3466 5422
308 291 352 337 Lx
690 273 740 324 Dii
759 272 881 325 Liuius
899 270 1212 323 Elustouuustssve

307 476 335 524 et
358 468 538 541 compositum
561 460 691 540 coniugai
715 465 818 521 insideo
841 465 859 521 B
904 465 1104 537 coniugationis
1126 471 1155 519 et
1176 481 1229 520 om.
1254 465 1273 517 d
1355 461 1393 520 27
1417 463 1538 519 ciusdem
1561 472 1604 519 est

307 561 334 610 et
357 553 529 628 conpositum
553 551 753 623 coniugatiouis
777 559 807 605 ut
830 548 934 605 insideo
958 552 977 603 n
1044 547 1084 605 28
1108 548 1246 605 insidiet
1284 565 1315 604 ax
1339 564 1393 621 quo
1416 547 1567 604 aiiuuded

306 637 378 694 atiud
400 637 494 693 ono
538 636 670 710 preterito
693 637 722 690 in
745 633 846 690 rasit
912 632 950 690 ao
975 643 1016 688 est
1039 633 1134 690 om.B
1177 633 1249 689 sedis
1272 628 1314 691 iae
1336 633 1537 706 expuisioued

307 723 348 779 30
370 729 429 778 erat
452 731 514 777 aute
537 736 552 776 o
575 720 617 775 ΑΒ
667 715 783 795 prodt'up
806 719 994 793 penultimam
1025 718 1156 791 producta
1180 717 1267 793 queit
1310 719 1432 791 prinen
1498 717 1536 774 31
1561 734 1603 772 sc·

305 807 355 862 deo
378 825 407 863 as
431 799 512 878 qna
558 822 655 879 grecos
680 805 851 863 siracusion
879 820 973 860 crocos
996 804 1193 860 siracusanoB
1237 805 1342 878 sapen
1408 802 1448 859 32
1471 804 1605 858 diriuatur

306 908 418 963 atterius
442 909 462 961 n
549 914 579 962 u
600 907 693 964 Ποιω
719 890 931 962 wictrorum
954 890 1181 964 nenotouou
1201 888 1409 960 ειιοιιῒκωι
1495 905 1603 962 nono

304 992 497 1048 ΠΕΠΟΙΝΚΛΙ
522 989 733 1046 ΠΕΠΟΙΝ((ω
752 987 1297 1045 uom·oett0·ttntuen0tt(ttmtt
1363 988 1402 1046 33
1425 991 1545 1065 potasti
1588 1011 1602 1048 a

307 1078 404 1131 eund
1170 1100 1175 1138 ι

389 1177 416 1233 p.
441 1158 513 1230 488,
539 1159 553 1213 1
580 1159 652 1232 quod
675 1158 799 1214 sedeunt
831 1157 904 1232 quod
934 1167 976 1213 est
1002 1157 1082 1213 suro
1111 1152 1183 1234 sodi¹
1208 1158 1226 1214 Β
1270 1156 1461 1233 penultimaA
1506 1162 1604 1218 iecisse

308 1254 338 1301 ut
361 1251 452 1302 autem
475 1242 596 1301 sedesit
677 1243 925 1317 diougitudinid
1006 1242 1145 1316 drumpo
1169 1243 1257 1317 rumpi
1279 1246 1433 1318 rumpesd
1478 1247 1518 1301 sic
1540 1254 1603 1301 eta

306 1332 415 1386 numine
438 1330 479 1385 ΑΙ]
546 1327 779 1385 tutriuauunu
823 1328 943 1401 generali
966 1326 1008 1383 AB
1051 1327 1180 1401 prich
1246 1327 1398 1385 buidetur
1420 1330 1602 1386 uerborumd

347 1414 461 1471 dedito
512 1414 620 1470 uidetur
647 1413 742 1469 omit
793 1413 858 1470 sedo
881 1412 959 1469 sedas
986 1428 1039 1468 orn.
1064 1411 1104 1466 di}
1191 1413 1332 1469 Gsordeo
1355 1414 1517 1471 secundet
1561 1431 1603 1471 se-

307 1498 411 1555 eundae
434 1499 518 1555 estB
561 1498 706 1555 deductum
728 1502 826 1554 om.A
892 1498 965 1554 iet
987 1514 1017 1553 se
1039 1514 1093 1552 nou
1118 1495 1259 1553 moiriied
1304 1498 1418 1554 uerbum
1440 1499 1541 1557 dictum
1564 1499 1603 1557 di·

306 1585 434 1640 riuansit
501 1583 520 1640 8
543 1584 630 1657 prinae
652 1583 839 1655 coniugationi
864 1581 1010 1638 uerborum
1033 1582 1117 1637 dedit.
1142 1581 1175 1637 de
1191 1581 1378 1656 riaonosyiiabo
1394 1585 1464 1639 cuim
1481 1585 1601 1642 uerbott

306 1669 410 1742 primae
432 1665 541 1744 coniugi.
572 1667 646 1724 dedit
669 1667 735 1723 iliud
757 1675 854 1724 natura
877 1666 1066 1723 uerborumit
1138 1666 1252 1738 911uod
1276 1669 1403 1739 primett
1477 1670 1517 1727 10
1539 1687 1603 1726 cou-

307 1753 529 1827 positionibusn
559 1755 585 1810 iu
609 1752 865 1826 compositionibus,
888 1751 1021 1808 dai.iuB
1089 1751 1124 1806 11
1151 1750 1273 1808 habunda
1296 1755 1316 1806 d
1356 1747 1603 1830 mouiiiptratumii

390 2121 424 2204 2)
448 2125 487 2184 In
509 2125 615 2184 codiee
639 2131 696 2182 266
719 2125 799 2183 inter
821 2122 986 2199 Eurycliam
1008 2130 1036 2181 ct
1058 2123 1213 2182 Prisciani
1232 2124 1341 2182 tibrum
1363 2124 1396 2183 Χ
1415 2124 1491 2183 daec
1514 2127 1601 2185 irater-

302 2229 406 2302 posita
427 2234 497 2285 stant
515 2243 547 2300 p.
575 2232 627 2283 1:39
648 2226 752 2284 caedent
775 2240 866 2283 manu
886 2240 967 2284 saca.
991 2225 1026 2283 X
1043 2227 1176 2300 scripta:

392 2347 568 2419 iuporsouaie
591 2354 681 2403 autem
697 2347 765 2403 inane
779 2344 862 2402 habet
876 2344 1055 2401 differentiam
1071 2345 1103 2401 ad
1120 2344 1264 2417 infinitum,
1288 2346 1360 2419 quod
1378 2345 1499 2403 intinitus
1516 2346 1603 2403 alteru

307 2432 390 2488 nerim
414 2429 491 2488 finito
514 2432 588 2488 omui
612 2432 692 2488 modo
716 2438 795 2503 eget,
819 2430 991 2506 inpersonale
1014 2446 1080 2486 uero
1103 2439 1193 2486 actum
1213 2430 1320 2504 quidem
1342 2430 1494 2505 perfectum
1518 2433 1602 2504 sigui·

306 2516 368 2574 sicat
395 2532 445 2592 per
475 2532 570 2573 omues
598 2516 711 2587 modos,
741 2531 857 2589 persona
885 2531 953 2572 uero
977 2515 1035 2572 sola
1057 2514 1164 2586 deficit,
1193 2515 1307 2589 quaesi
1331 2515 1461 2586 addatur,
1489 2515 1603 2590 periccti

306 2603 366 2658 uice
395 2600 520 2673 iungitur
548 2599 624 2658 uerbi
652 2617 835 2676 pertenues,
864 2617 934 2674 quos
956 2600 1038 2657 modo
1061 2599 1187 2672 diximus,
1210 2600 1321 2669 modos,
1344 2618 1394 2675 per
1415 2600 1603 2673 iudicatiumu,

305 2695 335 2742 ut
357 2685 490 2743 ‘curritur
512 2705 526 2742 a
551 2687 605 2742 me'
627 2703 678 2760 pro
701 2683 823 2755 ‘curro';
850 2701 899 2759 per
920 2686 1123 2759 imperatiuum:
1147 2686 1286 2741 ‘curratur
1308 2704 1322 2741 n
1347 2687 1385 2741 [ι’
1408 2703 1459 2760 pro
1482 2683 1629 2754 ‘curre’;5

305 2789 354 2845 per
377 2773 545 2845 optatiuum:
569 2770 684 2828 ‘utinam
706 2778 865 2828 curreretur
886 2788 901 2827 a
925 2768 963 2826 te'
987 2786 1036 2844 pro
1060 2770 1174 2826 ‘utinam
1197 2767 1349 2837 curreres'3
1378 2787 1428 2845 per
1450 2770 1602 2827 subiuncti-

305 2873 383 2912 uum:
407 2855 480 2913 ‘cum
503 2865 629 2913 curratur
651 2874 665 2913 a
689 2854 728 2912 te’
752 2873 802 2930 pro
826 2853 900 2913 ‘eum
923 2855 1045 2920 curras';
1065 2870 1121 2928 per
1143 2855 1320 2911 intinitiuum:
1345 2857 1431 2911 ‘curri
1448 2870 1462 2910 a
1478 2863 1505 2912 te
1521 2873 1602 2929 opor·

306 2939 356 2996 tet'
379 2958 430 3014 pro
454 2941 576 2998 ‘ocurrere
599 2950 626 2998 te
649 2942 779 3016 oportet’.
823 2941 880 2998 Hoc
908 2949 997 2997 autem
1024 2941 1143 2997 interest
1165 2942 1235 2997 iuter
1257 2939 1390 2996 infinitum
1415 2940 1552 3014 prassiuunr
1575 2949 1603 2996 ct

306 3025 455 3095 iuimitum,
480 3026 526 3099 qui
550 3026 580 3081 tit
602 3026 634 3081 ab
657 3024 892 3101 inpersonalibus‚
916 3042 984 3098 quae
1007 3034 1156 3083 nascuntur
1177 3044 1191 3082 a
1214 3023 1306 3081 uerbis
1328 3026 1440 3093 actiuis,
1464 3026 1538 3099 quod
1560 3025 1602 3081 in-

304 3109 397 3166 tinitus
424 3111 550 3183 passinus
579 3109 663 3166 uerbo
692 3119 754 3182 eget
776 3109 837 3166 solo
860 3109 892 3165 ad
914 3110 1061 3183 perfectam
1085 3109 1313 3184 significationem
1337 3117 1364 3163 ot
1389 3106 1484 3165 ‘amari
1507 3108 1640 3175 uoio'31o

305 3193 427 3250 innituitua
455 3210 522 3250 uero
550 3194 731 3268 inpersouaiis
761 3210 815 3250 nou
842 3192 931 3248 solum
961 3193 1062 3263 uerbo,
1091 3195 1138 3250 sed
1168 3195 1248 3249 etiam
1274 3191 1393 3248 ablatiuo
1416 3209 1479 3250 casu
1502 3211 1551 3268 per
1573 3211 1603 3251 sa

307 3278 410 3352 indiget
433 3278 537 3354 absque
559 3280 726 3349 accusation,
749 3278 822 3352 quod
845 3276 867 3333 si
891 3278 923 3333 ad
946 3294 1008 3333 eum
1030 3277 1159 3334 reddatur
1182 3277 1328 3348 infinitum,
1351 3293 1462 3335 necesse
1482 3287 1601 3337 osteum

306 3363 445 3436 passiuum
468 3363 600 3439 inteliegi,
624 3371 654 3420 ut
678 3362 772 3418 ‘amari
795 3362 859 3420 uodo
882 3379 896 3417 u
919 3380 962 3418 me
985 3362 1092 3421 titium'.
1131 3362 1216 3436 Saepe
1239 3379 1306 3420 uero
1327 3363 1409 3421 etiam
1425 3380 1479 3420 uon
1495 3367 1602 3438 positus

306 3447 466 3505 subauditur
489 3449 682 3519 accusationi,
706 3456 736 3504 ut
759 3449 786 3504 si
806 3448 890 3505 dicam
913 3445 1017 3504 ‘doceri
1041 3466 1055 3504 a
1079 3456 1106 3504 te
1129 3446 1207 3505 ttoio'
1230 3456 1257 3504 ct
1279 3447 1437 3505 subaudiam
1460 3448 1538 3507 ‘mo’.

322 3600 534 3607 ——-«———-—..

372 3682 537 3744 dquomodo
610 3645 737 3746 blaidprm
806 3647 936 3748 definitio
988 3639 1101 3731 eurareetur
1153 3649 1342 3733 aiibiunctiumu
1404 3681 1600 3745 tinuntounm,

305 3766 352 3799 orn.
371 3765 416 3814 per
484 3747 714 3801 Sinter¹¹²fluitum
785 3751 913 3801 toemart
934 3750 1002 3815 uolo,
1021 3765 1154 3816 suprascr.
1172 3745 1222 3801 sub
1240 3766 1255 3800 n
1273 3762 1297 3800 te
1366 3753 1398 3802 13
1416 3766 1478 3816 sepe

390 3938 445 3998 His
466 3938 578 3997 similia
600 3940 740 4013 teporatur
761 3943 793 4000 in
815 3940 974 4001 Prisciano
995 3940 1033 4000 11
1048 3957 1083 4016 p.
1101 3946 1166 4014 232,
1193 3945 1293 3998 6-23
1317 3938 1354 3996 H.

389 4068 419 4149 3)
443 4073 514 4133 Cod.
540 4080 598 4133 266
620 4090 699 4135 saec.
723 4075 756 4134 Χ
775 4091 843 4137 curn
866 4077 930 4135 alia
951 4077 1045 4136 multa
1068 4076 1199 4147 undique
1220 4076 1384 4145 excerpta,
1407 4078 1467 4130 turn
1487 4088 1518 4146 p.
1546 4080 1600 4130 :tot

305 4176 421 4248 aliquot
448 4176 554 4235 dicta
571 4174 887 4252 philosophorum
914 4178 1047 4237 continet
1073 4175 1237 4232 marimum
1255 4177 1377 4246 partem
1399 4172 1442 4230 ad
1462 4176 1601 4234 mutieres

301 4277 502 4353 pertinentia,
525 4292 651 4350 quorum
674 4280 703 4337 in
723 4281 784 4350 fine
804 4279 880 4338 iaaac
903 4278 1012 4336 addita
1033 4281 1102 4332 suaa
1120 4275 1316 4345 qrommatici
1336 4276 1520 4347 ornamenti:

391 4391 445 4454 iiii.
482 4395 664 4455 Fundamenta
693 4398 792 4473 quibus
822 4397 903 4454 lectio
933 4395 1071 4469 plantatur
1093 4393 1135 4449 Vi!
1164 4402 1242 4450 suut:
1273 4397 1347 4450 uisos
1376 4395 1484 4452 auditus
1513 4413 1599 4470 peuua

304 4499 399 4539 manus
422 4490 600 4539 atramentum
624 4499 700 4539 caera
723 4485 821 4539 cartha.
860 4473 916 4536 ttii.
946 4480 1113 4535 Nutrimenta
1136 4478 1331 4552 quibuslectio
1348 4480 1597 4538 erescitlilisunt:

304 4567 424 4626 discendi
453 4569 647 4642 scrutandique
674 4567 820 4634 sedulitas,
849 4564 963 4621 «tacendi
993 4564 1182 4639 scribendique
1206 4565 1367 4637 frequentia.
1412 4561 1470 4622 iiii.
1502 4566 1599 4623 'iribus

304 4653 392 4709 modis
414 4652 497 4709 lectio
526 4652 695 4720 contexitur,
724 4649 822 4706 litteris
846 4650 1003 4706 accentibus
1026 4649 1143 4724 syllabis.
1189 4648 1297 4705 duobus
1320 4649 1407 4705 modis
1429 4649 1510 4707 lectio
1532 4668 1599 4707 con·

305 4738 377 4793 sistit
405 4744 501 4793 natura
529 4745 556 4791 et
584 4734 792 4809 compositione.
843 4728 897 4789 iiii.
934 4734 1040 4791 tionibus
1069 4733 1244 4808 qriaiitutiims
1272 4733 1354 4790 lectio
1383 4735 1470 4791 utitur
1497 4733 1598 4808 «tripiici
