3420 5378
636 318 761 372 SERGII
779 318 1049 371 EXPOSITIONES

690 507 739 568 DE
760 506 990 568 Pannoniae.

283 609 452 669 Pronomen
480 607 551 688 quid
580 609 640 669 esti
683 608 853 670 Pronomen
886 610 942 669 hac
968 610 1082 669 ratione
1110 608 1229 670 uidetur
1257 608 1385 677 dietum,
1421 607 1500 686 quod

200 710 333 788 iungitur
367 710 464 770 oilicio
496 711 639 780 nominis,
675 717 707 770 ut
734 710 773 770 eit
805 728 970 790 pronomen
1002 727 1051 770 res
1078 712 1173 790 posita
1190 728 1256 789 -pro
1283 711 1419 774 nomine.
1465 709 1501 770 Et

200 813 290 879 scias,
320 811 467 889 quomodo
496 829 661 890 pronomen
684 812 817 890 iungitur
839 812 937 873 oliicio
960 813 1097 874 nominis.
1142 812 1174 873 Si
1196 813 1235 872 ita
1259 810 1356 873 dicas:
1380 809 1500 872 ‘Cicero

198 915 319 992 scripsit
345 921 442 974 sectas
468 913 625 983 verrinas,
654 915 719 992 ipse
748 914 866 993 scripsit
894 924 990 975 sectas
1019 920 1048 975 et
1076 911 1280 993 Plrilippicas',
1303 930 1376 973 ecee
1398 913 1522 991 ‘ipse'e

198 1032 365 1095 pronomen
388 1022 418 1075 et
440 1015 568 1092 positum
592 1033 628 1075 eo
651 1013 731 1084 loco,
760 1013 812 1076 ubi
834 1017 927 1095 possit
949 1034 1058 1076 nomen
1080 1016 1161 1095 poni.
1205 1014 1284 1093 Ergo
1307 1031 1346 1074 ne
1369 1013 1499 1074 nominis

197 1117 316 1177 iteratio
345 1114 494 1176 lastidinm
524 1125 710 1193 procrearet,
739 1134 794 1195 pro
821 1115 872 1177 illo
900 1119 1021 1178 nomino
1044 1116 1182 1177 ‘Cicero'
1210 1133 1379 1195 pronomen
1401 1113 1499 1194 ‘ipse'

198 1219 342 1297 positum:
367 1218 443 1296 ‘ipse
465 1218 585 1296 scripsit
605 1217 797 1298 Philippicas’
821 1225 851 1279 et
871 1226 986 1280 tantum
1011 1219 1068 1279 boc
1090 1218 1233 1296 significat
1261 1233 1388 1286 nomen,
1418 1216 1497 1277 acsi

198 1318 309 1381 dixeris
330 1317 469 1383 ‘Cicer0'.
514 1318 585 1379 ideo
608 1318 720 1379 dictum
744 1325 787 1379 est
808 1336 989 1399 pronomen,
1014 1319 1093 1400 qnod
1116 1318 1181 1379 loeo
1203 1321 1334 1380 nominis
1357 1335 1424 1379 esse
1446 1334 1497 1396 po·

197 1423 267 1482 tuit:
297 1419 349 1481 ubi
372 1437 479 1481 nomen
504 1438 569 1481 esse
591 1422 700 1499 potuit,
729 1418 770 1481 ibi
792 1422 919 1500 positum
944 1428 988 1482 est
1009 1440 1176 1502 pronomen
1189 1467 1333 1483 ......
1373 1417 1451 1479 Nam
1471 1420 1530 1481 ain

197 1522 254 1582 boc
276 1523 364 1601 ‘ipse’
388 1522 534 1600 signifieat
556 1539 735 1600 pronomen,
760 1522 839 1601 quod
861 1524 1007 1601 significat
1028 1541 1137 1584 nomen
1160 1522 1302 1589 ‘Cicero’,
1332 1521 1418 1598 quasi
1441 1537 1497 1580 una

196 1641 265 1704 pars
293 1625 436 1684 orationis
465 1630 496 1682 et
522 1641 581 1683 non
609 1621 712 1685 debuit
741 1623 880 1684 discerni.
925 1624 983 1684 Sed
1012 1625 1069 1686 boc
1097 1627 1236 1693 interest,
1266 1622 1348 1701 quod
1375 1623 1497 1683 nomine

197 1727 293 1805 posito
321 1724 409 1804 plena
437 1733 482 1785 est
510 1722 675 1801 eloquutio,
704 1724 735 1784 in
764 1726 941 1803 pronomine
970 1744 1030 1787 non
1058 1734 1103 1788 est
1130 1725 1227 1806 plena.
1272 1724 1348 1785 Nam
1376 1722 1497 1804 quando

197 1827 264 1886 dico
293 1826 415 1889 ‘Cicero
442 1826 562 1903 scripsit
589 1826 757 1893 Verrinas’,
786 1824 873 1903 plena
902 1835 945 1887 est
968 1827 1134 1906 eloquutio;
1173 1824 1290 1905 quando
1320 1824 1388 1886 dico
1418 1826 1496 1905 ‘ipse

196 1929 315 2007 scripsit
336 1926 538 2006 Philippicas’,
561 1925 734 2003 semiplena.
1508 1948 1529 1989 u

281 2029 454 2089 Pronomini
478 2035 551 2105 quot
573 2027 728 2089 accidunt?
769 2027 850 2099 Quae
873 2030 960 2090 etiarn
983 2030 1099 2090 nomini
1121 2027 1233 2108 absque
1254 2047 1313 2090 nna
1337 2047 1381 2091 re.
1422 2026 1497 2089 Gon·

196 2132 311 2211 paratio
334 2130 443 2193 accidit
465 2130 592 2197 nomini,
615 2131 785 2208 pronomini
806 2137 904 2190 autem
927 2147 1098 2208 numquam.
1142 2129 1272 2192 Persona
1295 2129 1407 2191 accidit
1428 2148 1497 2210 pro·

197 2233 324 2301 nomini,
349 2232 462 2292 nomini
485 2247 654 2309 numquam.
700 2229 831 2301 Qualitas
852 2248 948 2309 genus
975 2249 1119 2294 numerus
1146 2234 1240 2311 ligura
1268 2248 1356 2293 casus
1378 2232 1497 2311 utrique

197 2335 367 2394 communia
383 2329 395 2414 ΙΙ
411 2334 431 2393 l.
450 2329 525 2393 143·
543 2329 567 2414 ll.

283 2435 413 2507 Qualitas
446 2434 655 2513 pronominum
689 2435 720 2493 in
750 2450 823 2510 quas
852 2432 994 2494 diuiditur
1021 2434 1140 2513 pertesi
1183 2433 1279 2494 Omne
1306 2452 1421 2496 nomen
1449 2441 1529 2497 auto

197 2539 353 2617 proprium
381 2540 426 2597 est
453 2543 504 2595 aut
531 2532 757 2613 appellatiuum,
786 2536 829 2595 sic
851 2552 938 2596 omne
960 2553 1124 2616 pronomen
1147 2542 1197 2595 aut
1218 2535 1335 2596 linitum
1358 2543 1412 2598 aut
1433 2536 1497 2597 inll-

197 2640 301 2699 uitam.
346 2635 431 2707 Quod
454 2643 498 2697 est
519 2636 653 2697 linitum?
681 2634 764 2707 Quod
788 2636 890 2697 delinit
910 2654 1069 2716 personam
1092 2655 1148 2697 nec
1170 2637 1280 2716 patitur
1303 2654 1361 2698 nos
1382 2655 1496 2708 errare,

197 2740 249 2801 sed
279 2740 459 2817 constringit
484 2738 520 2799 ad
549 2753 638 2797 unam
666 2738 920 2814 significationem.
971 2736 1095 2808 Quando
1123 2737 1192 2799 dico
1219 2740 1321 2816 ἐφ’,
1350 2738 1496 2818 numquid

197 2850 283 2922 potes
310 2843 409 2920 ipsum
438 2838 485 2901 nel
510 2841 600 2900 istum
623 2838 672 2899 nel
694 2838 820 2899 alterum
841 2837 1034 2917 intellegeret
1079 2837 1203 2911 Quando
1225 2838 1292 2900 dico
1315 2843 1396 2911 (ω’,
1427 2840 1496 2919 quid

197 2942 352 3021 intellegas
374 2943 463 3003 alium
486 2943 545 3002 nisi
567 2948 597 3001 te
619 2940 733 3001 solumi
770 2939 847 3000 ‘lile'
871 2942 934 3000 sine
957 2940 1047 3001 dubio
1069 2938 1287 3018 intellegendus
1310 2950 1366 3003 cst.
1505 2966 1527 3006 as

283 3044 378 3104 Finita
402 3060 472 3120 ergo
494 3043 671 3123 pronomina
693 3043 749 3103 ista
772 3049 842 3103 sunt
862 3049 990 3101 tantum:
1020 3059 1076 3120 ego
1098 3051 1130 3103 tu
1152 3040 1217 3111 ille,
1247 3059 1323 3118 quae
1353 3042 1498 3105 denatum

199 3153 295 3205 certas
317 3161 467 3223 personas.
513 3143 612 3204 Prima
635 3161 761 3220 persona
785 3144 864 3221 ‘ego'
893 3161 1011 3223 semper
1034 3144 1115 3205 linita
1138 3151 1189 3212 est,
1214 3141 1287 3203 ‘ille'
1310 3162 1387 3205 uero
1411 3147 1496 3206 tertia

197 3264 325 3326 persona
347 3243 506 3321 aliquando
530 3264 588 3306 non
612 3247 693 3306 imita
717 3253 771 3308 est.
816 3244 887 3305 Nam
912 3245 937 3304 si
960 3262 1101 3324 praesens
1124 3246 1163 3306 sit
1184 3242 1248 3314 ille,
1278 3244 1315 3305 de
1339 3263 1400 3324 quo
1422 3245 1494 3307 dici·

199 3356 258 3416 tur,
281 3357 352 3407 tune
374 3344 458 3407 ‘ille'
481 3365 645 3427 pronomen
668 3348 783 3407 linitum
813 3353 866 3405 est.
911 3345 942 3405 Si
971 3354 1068 3407 autem
1096 3345 1134 3407 de
1161 3344 1283 3407 absente
1310 3348 1353 3407 eit
1379 3344 1495 3417 relatio,

198 3448 274 3510 ‘ille'
298 3451 356 3509 erit
378 3449 538 3517 inlinitum,
563 3456 595 3508 ut
617 3458 702 3526 puta,
726 3448 822 3525 siquis
844 3453 944 3526 potest
966 3456 996 3508 et
1018 3446 1080 3508 ‘ille
1103 3454 1133 3508 ct
1154 3449 1224 3508 iste'
1248 3465 1324 3509 esse.
1503 3471 1525 3511 aa

282 3551 353 3611 ldeo
376 3550 485 3610 dieitur
505 3550 651 3609 inlinitum
668 3566 848 3627 pronomen,
872 3549 949 3627 quod
966 3565 1024 3608 non
1041 3548 1176 3610 deliniuit
1190 3556 1300 3609 certam
1315 3568 1495 3629 personam

199 3668 271 3729 ergo
293 3654 349 3712 ista
372 3656 417 3711 est
438 3648 572 3728 qualitas,
597 3668 672 3729 quae
695 3649 801 3710 diuidit
823 3652 1014 3729 pronomina:
1039 3658 1089 3711 aut
1109 3652 1191 3712 finita
1213 3651 1283 3712 lacit
1305 3659 1358 3714 aut
1372 3653 1494 3724 infinita,

199 3753 249 3813 sed
273 3754 353 3813 finita
374 3751 413 3812 lll
435 3759 517 3821 sunt,
541 3750 654 3828 reliqna
677 3753 776 3811 omnia
799 3752 912 3812 inlinita
935 3750 1085 3812 dicuntur.

283 3854 325 3914 De
340 3869 461 3930 genere.
491 3851 604 3914 decidit
618 3868 712 3931 genus
727 3851 922 3912 mascnlinum
942 3855 1024 3932 quis,
1048 3854 1221 3914 lemininum
1237 3871 1327 3934 quae,
1353 3862 1494 3918 nonnum

197 3956 290 4036 quod,
320 3971 477 4015 commune
500 3972 534 4013 ex
558 3953 674 4015 duobus
702 3951 876 4031 generibus:
906 3953 1002 4032 qualis
1026 3957 1072 4014 uir
1101 3956 1194 4034 qualis
1216 3954 1334 4024 mulier,
1359 3956 1428 4018 talis
1449 3960 1528 4018 aba

264 4263 279 4310 2
298 4274 439 4326 pronomen
459 4274 488 4306 nc
568 4260 584 4307 b
602 4257 703 4306 scribsit
722 4257 746 4306 id
765 4268 848 4306 sectans
867 4257 984 4306 narrinas
1003 4257 1059 4322 ipse
1078 4258 1180 4307 scribsit
1197 4268 1279 4308 rectas
1298 4270 1322 4309 et
1340 4259 1494 4327 plrilipsieea

265 4326 360 4391 sectas]
382 4329 424 4376 Aa
444 4328 567 4377 &aecum
585 4320 671 4389 τόμος
689 4326 873 4388 interpretatus
891 4327 947 4374 cst?
965 4326 1000 4386 cs.
1017 4325 1104 4388 praes.
1184 4327 1200 4375 8
1218 4327 1322 4376 scribsit
1339 4328 1495 4394 philipsieaa

198 4399 229 4448 to
248 4397 310 4447 Post
323 4406 362 4445 est
379 4409 520 4460 pronomen
534 4397 653 4443 nonnullo
666 4395 697 4442 de
710 4408 790 4457 nequo
801 4394 906 4443 nominas
918 4399 943 4442 et
956 4395 1114 4457 pronominis
1125 4397 1180 4444 titre
1192 4396 1354 4445 intercidisse
1366 4397 1494 4455 utaentur,

197 4464 283 4530 quibus
300 4479 439 4528 pronomen
457 4463 572 4511 inmerito
590 4463 658 4510 inter
675 4468 733 4510 octo
750 4469 840 4525 portes
857 4463 982 4511 orationis
999 4465 1102 4511 uersam
1118 4470 1208 4512 auctor
1226 4464 1406 4515 contenderat.
1463 4466 1493 4515 11

195 4529 274 4597 qnod]
294 4548 359 4595 quae
429 4534 460 4581 14
478 4529 580 4578 scribsit
597 4530 747 4591 nomines„
765 4532 796 4579 15
814 4528 916 4578 scribsit
934 4527 1085 4594 pliilipsicas
1139 4532 1170 4581 19
1187 4527 1347 4597 communia]
1368 4533 1496 4584 Secuntur

193 4604 219 4650 in
231 4602 318 4652 codiee
331 4599 423 4649 uerbo:
444 4612 535 4647 nomen
548 4611 689 4662 pronomen
703 4596 739 4646 tut
756 4608 816 4645 strat
828 4613 860 4646 ex
873 4597 976 4662 ordine,
995 4613 1099 4662 qnorum
1110 4613 1208 4649 sensnm
1221 4616 1270 4651 noa
1282 4602 1410 4667 expedio.
1462 4602 1495 4653 22

193 4717 362 4839 qpoldlqlqnne
409 4714 579 4834 lqpnedillnit
647 4715 815 4765 26diliuinnt
883 4719 915 4767 ‘te
934 4714 1004 4781 tnnc]
1023 4716 1071 4766 boc
1141 4715 1360 4783 utquomque
1411 4686 1496 4797 daubin

297 4801 391 4847 ‚cornu
