3420 5378
699 285 909 338 aennensis.
1407 282 1446 347 91

155 472 264 536 idesta
282 493 298 535 ε
319 475 329 534 ι
351 492 414 535 ou.
451 473 606 545 Quomodo
629 491 701 553 ergo
723 474 889 535 formantur
911 476 1041 553 genetiui
1063 477 1195 556 quinque
1217 473 1447 536 declinationum

154 573 192 636 ab
214 573 260 636 his
283 577 413 656 quinque
436 574 606 636 noualibus?
642 576 691 636 Sic
713 576 888 637 formantur.
928 577 1044 638 Primae
1066 577 1270 638 declinationis
1292 577 1449 652 genetiuns

153 679 184 738 iu
207 694 243 738 ae
266 676 470 757 diphthongon
493 675 610 748 desinit,
634 686 667 738 ut
681 677 729 737 hlc
752 686 838 756 poeta
860 677 950 739 buius
971 686 1092 757 poetae;
1115 679 1263 740 secundae
1279 677 1450 738 declinatio-

153 780 200 841 nis
214 787 360 857 generans
382 780 413 838 in
435 779 445 837 i
467 764 642 856 productam
666 761 850 848 terminatur,
874 786 908 839 ut
922 778 969 840 hic
991 779 1095 842 doctus
1117 780 1206 842 huius
1228 780 1321 847 docti;
1344 780 1449 840 tertiae

127 879 361 941 sdecliuatiouis
376 882 535 958 genetibus
557 882 588 941 in
604 884 629 941 is
650 889 827 959 correptam,
852 887 884 941 ut
907 878 956 940 hic
977 892 1062 961 pater
1085 882 1171 942 huius
1193 883 1300 961 patris;
1324 888 1447 957 quartae

150 980 360 1044 declinationis
386 983 542 1060 genetiuus
568 1029 685 1043 .....
710 983 741 1042 ιε
763 985 790 1043 ei
812 983 924 1043 diuisas
949 981 1075 1062 syllabas
1097 984 1288 1051 terminatur,
1312 990 1344 1042 ut
1373 980 1447 1042 haec

153 1083 219 1145 dies
241 1083 330 1145 huius
353 1083 421 1144 diei.
467 1084 499 1143 ln
523 1083 578 1145 hac
601 1091 698 1145 autem
722 1083 899 1145 formatione
921 1083 1151 1145 declinationum
1175 1104 1190 1145 a
1215 1081 1368 1144 noualibus
1390 1085 1446 1143 tria

152 1183 352 1263 intellegenda
369 1193 453 1255 sunt,
477 1184 533 1245 hoe
549 1195 593 1246 est
607 1188 813 1247 transmutatio
829 1185 944 1247 ordinis
960 1192 989 1246 ει
1004 1184 1161 1266 duplicatio
1178 1193 1265 1264 atque
1281 1184 1448 1246 transilitio.

152 1287 381 1349 'fransmutatur
396 1288 508 1348 enimc
524 1332 656 1347 ......
674 1286 839 1367 quia'nulla
862 1285 1020 1348 declinatio
1042 1287 1080 1348 ab
1103 1307 1137 1349 ea
1161 1287 1327 1366 regulatur;
1351 1285 1450 1346 nullus

115 1402 140 1442 1⁰
153 1389 232 1450 enim
249 1390 407 1467 genetiuus
423 1389 545 1450 Latinus
561 1407 578 1447 o
594 1386 691 1450 littera
714 1390 901 1450 terminatur.
938 1389 1011 1450 ltem
1026 1389 1271 1467 interrogandum
1288 1398 1341 1458 est,
1357 1407 1450 1468 quare

151 1509 213 1553 non
227 1509 249 1551 a
271 1492 454 1553 nominatino
476 1489 532 1550 hae
554 1490 768 1551 declinationes
790 1491 972 1568 regelantur,
995 1492 1078 1553 seda
1095 1495 1243 1569 genetiuo.
1276 1492 1448 1570 Propterea,

151 1594 221 1672 quia
243 1594 443 1654 nominatiuns
466 1592 574 1653 multas
595 1593 818 1654 terminationes
840 1593 929 1655 habet
951 1602 981 1654 et
1002 1593 1122 1655 difficile
1145 1601 1204 1663 εει,
1228 1600 1261 1653 ει
1281 1591 1319 1653 ει)
1342 1611 1376 1653 eo
1400 1611 1449 1652 co·

149 1702 311 1774 gnoscatur
334 1693 502 1756 declinatio.
546 1693 617 1754 lude
640 1694 865 1756 Consentius
888 1695 972 1766 dicit,
996 1697 1065 1775 quia
1087 1696 1288 1757 nominatiuus
1317 1695 1450 1755 infinitus

151 1804 181 1857 et
202 1798 412 1857 interminatus
441 1805 493 1857 est.
538 1795 604 1858 Non
627 1795 719 1857 habes
747 1798 825 1857 enirn
849 1805 960 1858 certam
983 1795 1117 1874 regulam
1140 1797 1177 1858 ab
1200 1815 1251 1866 eo,
1281 1814 1339 1876 qua
1361 1795 1449 1857 cadas

113 1911 139 1954 ιε
153 1901 185 1959 ιε
207 1899 395 1977 genetiuum,
428 1897 521 1977 quod,
551 1899 575 1958 si
598 1897 699 1959 uideas
722 1900 936 1961 nominatiuum
966 1917 998 1960 es
1019 1900 1152 1968 linitum,
1179 1916 1239 1961 non
1262 1899 1396 1978 sequitur
1418 1899 1449 1958 in

151 1998 351 2062 declinatione
372 2017 450 2060 unus
472 2000 642 2077 genetiuus,
671 2006 704 2058 ut
725 2000 868 2061 Anchises
890 1999 1044 2072 Anchisae,
1067 2001 1153 2063 miles
1168 1999 1284 2069 militis,
1300 2001 1364 2061 dies
1379 1999 1446 2070 diei,

151 2103 230 2162 etsi
253 2103 284 2162 in
313 2120 348 2162 εε
374 2103 466 2169 exiet,
496 2119 556 2161 non
583 2101 671 2161 unius
698 2102 755 2161 erit
783 2100 1002 2172 declinationis,
1035 2111 1067 2165 ut
1092 2121 1197 2166 seruus
1224 2104 1322 2172 serui,
1352 2102 1449 2163 uirtus

153 2204 288 2271 uirtutis,
316 2205 395 2264 solus
421 2201 527 2272 solius,
556 2204 664 2263 fluctus
691 2202 799 2264 fluctus
826 2212 856 2264 et
884 2211 996 2273 cetera,
1025 2204 1103 2284 qnod
1130 2207 1160 2265 in
1189 2203 1289 2265 uerbis
1314 2202 1449 2265 similiter

152 2304 333 2373 ostenditur;
362 2323 430 2365 nam
461 2323 520 2365 non
550 2324 566 2365 a
594 2306 688 2383 prima
716 2323 842 2384 persona
870 2308 1037 2384 coniugatio
1065 2306 1250 2391 exploratur,
1279 2305 1330 2367 sed
1359 2326 1375 2367 a
1403 2325 1448 2365 se-

112 2407 249 2468 aocunda
282 2424 410 2485 persona
443 2406 677 2474 demonstratur,
713 2415 746 2468 ει
773 2425 839 2467 amo
872 2425 966 2479 arnas,
1002 2408 1094 2470 doceo
1127 2408 1232 2479 doces,
1267 2409 1333 2486 lego
1366 2404 1448 2485 legis,

151 2509 240 2570 audio
274 2508 366 2569 audis.
412 2508 529 2569 Primae
562 2507 767 2569 declinationis
799 2527 874 2589 quae
907 2519 952 2570 εει
985 2512 1114 2588 agnitio?
1158 2509 1237 2572 llaec
1268 2519 1326 2571 est:
1366 2511 1449 2569 cuius

152 2611 353 2672 nominatiuns
375 2608 489 2670 duabus
512 2607 618 2669 litteris
640 2613 815 2672 terminatur
843 2631 859 2672 a
883 2621 912 2671 et
934 2632 949 2671 s
971 2621 1001 2671 et
1023 2612 1117 2673 tribus
1144 2610 1405 2674 terminationibus
1433 2629 1448 2668 a

152 2731 185 2774 as
207 2731 248 2773 es.
293 2712 364 2773 lude
388 2713 618 2773 Priscianus
641 2710 725 2772 dicit:
757 2713 876 2775 llabet
898 2732 986 2791 ergo
1015 2716 1153 2792 primae
1177 2712 1449 2774 declinationis

151 2815 407 2890 nominatiuns
436 2814 589 2875 litteras
617 2813 766 2893 quidem
796 2813 1017 2877 terminales
1046 2814 1135 2874 duas
1164 2823 1238 2873 εει
1259 2833 1288 2883 ε,
1319 2814 1447 2873 termi-

111 2917 326 2978 errationes
348 2933 438 2976 uero
460 2924 538 2976 tres
559 2932 683 2976 aases
704 2916 934 2996 productam,
959 2933 975 2974 a
998 2922 1037 2975 ει
1060 2912 1149 2974 haec
1173 2911 1315 2992 syllaba
1339 2913 1449 2974 huius

150 3014 336 3098 syllabae,
366 3035 403 3078 as
426 3024 463 3077 ut
484 3016 538 3076 hic
565 3019 707 3078 Aeneas
734 3016 842 3078 huius
865 3020 1024 3086 Aeneae,
1055 3034 1096 3076 εε
1124 3023 1160 3076 ει
1182 3015 1243 3075 hic
1267 3014 1449 3076 Anchises

151 3118 262 3180 buius
289 3118 482 3181 Anchisae.
528 3117 775 3196 luterrogandnm
803 3125 847 3179 εει
876 3126 989 3188 autem,
1019 3135 1093 3195 quae
1116 3119 1154 3178 sit
1177 3117 1342 3177 dih'erentia
1369 3118 1448 3177 inter

150 3219 339 3283 terminalem
362 3227 392 3281 et
413 3219 652 3280 terminationem
675 3221 704 3278 iu
728 3221 774 3281 his
797 3219 967 3281 nominibus
988 3223 1018 3280 in
1041 3239 1057 3279 a
1081 3217 1293 3280 desinentibus.
1332 3218 1449 3280 Scimus

151 3323 242 3393 enim,
258 3324 397 3404 quoniam
414 3319 426 3402 ΙΙ
442 3320 462 3382 f.
478 3317 539 3381 94ι
556 3320 567 3403 ΙΙ
584 3320 747 3382 terminalis
768 3340 825 3382 una
840 3322 938 3383 littera
960 3330 1005 3384 est
1019 3340 1071 3382 seu
1088 3321 1199 3383 uocalis
1219 3319 1267 3380 uel
1283 3337 1450 3381 consonans

113 3424 205 3495 ausit,
230 3425 401 3485 terminatio
430 3430 527 3484 autern
551 3431 595 3484 est
624 3412 743 3484 uocalis
762 3426 825 3485 siue
854 3424 916 3486 sola
944 3423 993 3486 uel
1021 3423 1134 3485 uocalis
1160 3441 1228 3485 cum
1256 3431 1447 3483 consonante.

151 3524 232 3587 llaec
254 3517 326 3603 ergo
350 3532 394 3585 εει
416 3523 583 3586 differentia
606 3526 685 3586 inter·
708 3525 892 3588 terminalem
916 3534 945 3589 et
966 3528 1205 3587 terminationem
1229 3522 1333 3584 inillis
1354 3524 1449 3583 norni-

152 3625 241 3688 nibus
269 3629 300 3687 in
330 3646 345 3686 a
370 3625 588 3688 desinentibus:
618 3627 737 3704 quando
760 3629 840 3689 enim
868 3646 951 3689 mens
975 3637 1022 3689 tua
1052 3629 1175 3707 respicit
1203 3626 1238 3688 ad
1262 3631 1448 3705 potestatem,

151 3727 230 3790 idest
251 3727 286 3789 ad
310 3726 466 3810 syllabam,
491 3735 560 3789 tnnc
575 3730 829 3798 terminationem:
853 3730 971 3811 quando
994 3738 1092 3791 autem
1111 3729 1147 3789 ad
1163 3728 1369 3796 litteraturam,
1394 3725 1450 3786 boc

152 3829 257 3892 estad
286 3831 500 3891 extremitatem
528 3833 610 3900 soni,
641 3850 717 3910 qnae
747 3839 798 3892 aut
827 3830 923 3893 nocali
951 3839 1002 3892 aut
1029 3840 1212 3891 consonante
1241 3832 1449 3898 terminantur,

112 3939 223 3994 sstunc
250 3931 414 3993 terminalis
449 3940 501 4002 est.
555 3931 627 3992 item
656 3931 710 3993 alia
746 3935 855 4010 agnitio
892 3942 936 3993 est
963 3936 1079 4013 primae
1107 3931 1326 3993 declinationis:
1367 3931 1451 3990 cuins

152 4035 308 4113 genetiuus
331 4041 360 4094 ει
382 4033 498 4094 (ιειιεεε
521 4034 678 4111 singularis
701 4041 731 4094 et
753 4036 952 4095 nominatiuns
982 4044 1011 4094 ct
1033 4035 1186 4095 uocatinus
1208 4032 1331 4113 pluralis
1361 4035 1391 4093 in
1415 4050 1450 4092 ae

827 4177 837 4196 Ι

220 4219 491 4286 3inedipthongon
543 4218 615 4287 phem
667 4222 743 4287 pheta
811 4221 967 4286 Aprodrreta
1036 4222 1095 4271 bin
1114 4231 1255 4285 correptum
1313 4221 1451 4282 dqnartae

152 4286 331 4337 declinationis
348 4290 483 4353 gernetiuus
501 4289 526 4337 in
546 4292 568 4339 ei
586 4290 684 4339 diuisus
737 4291 816 4339 ltrea
868 4290 884 4339 8
903 4290 1137 4353 trurrsmutatlouis,
1155 4304 1224 4339 corr.
1238 4290 1416 4337 transmutatio

153 4366 337 4406 transmutatus
356 4357 421 4404 euim
442 4374 455 4405 ε
473 4359 532 4419 quia
552 4357 619 4406 nulla
637 4354 697 4420 ete]
718 4357 881 4406 Exciderunt
893 4358 1016 4422 quaedam
1034 4359 1065 4407 de
1083 4359 1292 4407 transmutatione
1311 4357 1409 4407 ardinio
1426 4363 1452 4405 et

153 4425 186 4475 dc
204 4424 385 4488 duplicatione.
408 4425 500 4475 Vitimo
518 4427 573 4475 loco
584 4426 665 4487 suriae
677 4425 793 4475 uidetur:
812 4424 952 4474 transilitur
970 4440 993 4485 o,
1013 4428 1055 4474 uel
1070 4426 1148 4474 εἰειίιε
1167 4427 1234 4489 prud.
1287 4428 1302 4474 9
1320 4423 1451 4487 regulatus

154 4493 440 4553 qurraronominatino
495 4495 524 4542 12
538 4492 630 4541 dificile
665 4504 835 4555 cognuscetur
887 4489 1275 4556 13co=1senstus]p.3sa,71t.
1331 4494 1362 4542 14
1374 4493 1450 4540 inter·

153 4558 254 4608 ruinalis
345 4562 377 4610 15
400 4561 586 4609 nominatiuum
603 4559 727 4609 efflrritnm
747 4575 796 4609 non
815 4561 930 4622 sequitur
947 4561 1135 4609 inclinationem
1154 4576 1219 4609 uuus
1237 4561 1350 4624 genetiui
1420 4561 1451 4608 18

154 4626 225 4676 sciara
243 4643 290 4678 εει.
343 4628 453 4677 fluctnus
501 4628 642 4677 ostenditur
709 4630 742 4678 20
760 4642 818 4676 amo
837 4644 895 4676 amu
962 4631 993 4678 21
1014 4644 1099 4693 preme
1184 4631 1216 4677 ‘23
1235 4624 1392 4690 Priscianus]
1412 4628 1451 4676 lic

154 4695 518 4760 mmneere.p.tr3,101i.
569 4698 602 4746 at
620 4696 723 4758 ‹pridest
772 4699 806 4748 26
825 4697 912 4745 aeuias
963 4699 1052 4745 ueniae
1103 4698 1136 4745 29
1154 4695 1298 4744 terminales
1351 4695 1451 4745 trocales

153 4761 291 4812 consolans
351 4766 384 4814 30
402 4762 496 4829 siueJi
551 4780 608 4813 cnm
627 4765 718 4815 addidi
785 4767 817 4816 34
836 4774 1003 4826 quaerentem
1082 4765 1115 4815 36
1133 4762 1277 4829 singulares
