3420 5378
765 1078 830 1156 X.

158 1274 588 1375 COMMENTVM
619 1272 1054 1375 EINSIDLENSE
1086 1273 1161 1371 IN
1186 1270 1445 1372 DONATI

545 1426 1051 1527 BARBARISMVM.

716 1668 862 1676 -n—-u-—un

621 1850 682 1939 [DE
703 1853 977 1936 nurtPLnsnu]

163 2106 275 2122 ......
285 2056 296 2141 ¹}
317 2055 417 2140 punt
434 2057 448 2144 ΙΙ
472 2061 615 2119 ‘ecstasis’
639 2078 712 2120 uero
735 2078 874 2121 excessus
897 2060 1014 2120 inentis.
1059 2058 1141 2120 ltalia
1164 2059 1442 2140 antepaenultinrarn
1458 2080 1478 2123 r·
1492 2070 1541 2115 ³⁹¹⁵·
1557 2070 1581 2110 ¹⁴

156 2160 234 2223 idest
261 2163 270 2221 i
299 2161 421 2222 breuem
449 2158 547 2220 babet.
593 2162 649 2223 Sed
681 2161 864 2239 Virgilius
892 2163 1001 2223 ectasin
1036 2161 1147 2223 taciens
1176 2170 1278 2225 contra
1307 2169 1441 2221 naturam

156 2263 305 2342 produxit.
351 2263 552 2341 Prologus,
577 2281 667 2342 porro
691 2264 809 2342 fugiens
832 2264 908 2339 idest
929 2265 1027 2343 longe.
1458 2286 1478 2326 r-
1493 2277 1542 2322 dd·
1558 2276 1581 2315 ¹⁵

241 2363 388 2445 Systole
417 2374 471 2424 est
498 2367 693 2446 correptio
718 2366 758 2423 ·i·
782 2364 976 2427 adbreuiatiu.
1021 2366 1217 2427 Contraria
1247 2367 1382 2435 ectasi,
1405 2374 1477 2427 utr·
1492 2376 1542 2423 td·
1557 2377 1581 2417 1⁶

128 2482 318 2544 iaquosus
340 2466 468 2534 Orion,
492 2486 569 2527 curn
593 2466 976 2549 Orion'antepaenultinra
999 2467 1180 2545 producto
1202 2467 1275 2528 dici
1300 2466 1441 2528 debeat.

156 2567 248 2628 Orion
272 2569 360 2647 Gigas
383 2568 451 2635 luit.
482 2576 526 2629 est
548 2577 577 2628 et
598 2559 714 2648 signum
739 2570 874 2631 incaelo
903 2569 1114 2631 lucidissimum
1139 2578 1168 2629 et
1190 2567 1334 2648 pluuiale,
1363 2566 1442 2628 undo

155 2678 185 2730 ut
207 2671 360 2749 ‘aquosus’
376 2669 492 2730 dicitur.
530 2669 622 2733 Orion
637 2670 746 2732 dicitur
768 2674 850 2751 qnasi
866 2671 970 2739 Vrion,
994 2690 1029 2731 co
1051 2670 1129 2750 quod
1153 2691 1186 2731 ex
1211 2673 1295 2731 urina
1318 2670 1440 2731 deorunr

152 2772 191 2831 sit
214 2780 308 2836 natus.

240 2873 434 2935 Diacresis
471 2883 526 2933 cst
563 2873 742 2936 discissio
781 2876 891 2935 unius
927 2874 1093 2954 syllabae
1129 2876 1166 2935 in
1203 2876 1292 2936 duas
1329 2874 1581 2944 sacculorum

116 2975 273 3056 cquando
302 2974 440 3037 uidelicet
467 2979 498 3037 in
527 2976 600 3036 duas
622 2974 749 3056 syllabas
772 2994 829 3037 una
853 2975 1008 3045 diuiditur,
1038 2985 1075 3036 ut
1102 2975 1204 3037 Albai
1233 2975 1358 3054 longai
1387 2993 1442 3054 pro
1456 2998 1478 3038 r·
1493 2989 1541 3033 1¹:¹⁰,
1556 2991 1580 3027 ω

155 3074 246 3138 Albae
279 3077 393 3156 longae.
439 3076 584 3138 Diaerosis
616 3085 661 3137 est
690 3076 839 3146 discissio,
873 3077 1005 3139 haeresis
1036 3079 1139 3139 scissio
1168 3078 1237 3139 inde
1270 3077 1442 3140 Haereticos

155 3178 294 3247 dicimus,
325 3181 376 3259 qui
398 3198 430 3240 se
452 3178 593 3240 scindunt
615 3179 656 3237 ·i·
680 3178 819 3240 diuidunt
845 3178 881 3240 ab
912 3182 1022 3240 unitate
1043 3179 1122 3240 fidei.
1166 3179 1238 3241 dlba
1261 3181 1365 3242 ciuitas
1386 3187 1441 3246 est,

156 3298 243 3361 quarn
267 3281 431 3342 aedilicauit
453 3283 595 3343 Ascanius
617 3289 739 3361 propter
762 3280 934 3343 nouercalcs
955 3282 1094 3350 insidias,
1123 3283 1153 3342 in
1176 3301 1233 3362 qua
1256 3289 1374 3361 reperta
1397 3288 1442 3342 est

156 3399 247 3462 porca
269 3383 335 3444 alba
357 3400 426 3445 cum
449 3384 569 3461 triginta
591 3381 740 3462 porcellis.

118 3498 142 3537 ¹5
241 3483 462 3566 synaeresis
484 3492 539 3545 est
560 3483 835 3564 conglutinatio
858 3484 1010 3548 duarurn
1034 3485 1262 3567 syllabarum
1278 3486 1313 3546 in
1336 3500 1580 3550 unarnrdtrttn

155 3585 263 3647 iacta.
301 3585 360 3665 Syn
384 3586 497 3646 Graece
519 3604 591 3656 con,
614 3586 716 3666 gluten
737 3604 786 3648 res
809 3589 991 3650 tenacissima
1015 3596 1069 3658 est,
1091 3587 1170 3649 nnde
1188 3605 1260 3648 anes
1274 3588 1441 3668 capiuntur,

223 3840 286 3894 God.
305 3840 415 3892 Eioaidt.
434 3843 484 3890 172
500 3858 528 3905 p.
547 3842 692 3905 ror-200,
711 3843 858 3892 roo-214
962 3846 974 3891 1
994 3842 1097 3892 Extasis
1116 3840 1188 3910 uero]
1206 3846 1300 3909 Ayitur
1316 3845 1349 3894 de
1366 3859 1441 3894 uocu-

154 3909 267 3960 numm
284 3910 399 3959 ‘ectasis’
418 3915 444 3958 et
461 3911 590 3960 ‘ecstasis‘
609 3911 758 3975 differentia
825 3911 1062 3974 antepenultimam,
1080 3913 1119 3961 aie
1135 3926 1235 3977 semper
1319 3913 1335 3961 4
1353 3911 1442 3961 sistolc

154 3976 312 4026 ltdiberesis
399 3979 427 4027 11
448 3977 543 4027 heresis
612 3977 736 4027 hereticos
807 3980 839 4029 15
856 3978 994 4028 sinberesis
1064 3981 1095 4028 16
1113 3979 1153 4028 sin

222 4250 235 4297 l
256 4247 347 4299 Olbasa
364 4250 460 4299 codicia
478 4249 619 4299 Berncnais
635 4249 656 4311 f.
675 4252 707 4299 21
713 4256 723 4281 ¹
740 4266 819 4315 moro.
839 4251 923 4301 dean:
954 4249 1051 4299 ltaliam
1075 4248 1315 4316 proceleusmaticus
1338 4251 1439 4316 (proce-

154 4314 317 4381 leumaticus)
340 4318 444 4380 estqui
468 4331 517 4365 non
542 4328 627 4381 potest
648 4326 715 4366 stare
733 4319 757 4366 in
776 4317 878 4368 heroico
901 4330 993 4375 metro,
1021 4318 1067 4369 sed
1089 4318 1228 4383 Virgilius,
1256 4319 1315 4379 quia
1337 4320 1441 4384 saepius

153 4395 207 4434 erut
228 4385 405 4434 nomInaturus
427 4384 537 4442 ltaliam,
561 4385 668 4449 prienam
691 4385 814 4447 syllabam
837 4398 925 4435 eontra
948 4385 1061 4452 regulam
1084 4386 1215 4452 produxit.
1316 4385 1442 4437 dGlocaa

153 4453 249 4504 codicia
266 4450 407 4503 Beruenaia
421 4454 444 4517 s.
463 4455 512 4501 21·
530 4468 609 4516 moro.
634 4454 719 4506 dext:
751 4453 826 4502 lirion
851 4455 952 4519 signum
977 4466 1016 4502 esc
1038 4455 1062 4502 in
1086 4454 1155 4503 caelo
1178 4469 1307 4519 apparens
1329 4463 1442 4519 ternpore

155 4520 244 4570 biennis
267 4532 292 4569 et
313 4521 389 4570 babet
411 4522 519 4585 primunr
542 4519 665 4582 syllaluun
689 4521 805 4585 longum,
829 4537 894 4583 qnae
917 4538 996 4570 carno
1017 4523 1089 4570 metri
1108 4523 1244 4575 brenlutnr.
1280 4522 1364 4571 Verbo
1382 4534 1441 4570 sunt

156 4592 244 4638 Annae
265 4588 298 4637 ad
321 4588 444 4639 Didonem
468 4601 583 4638 sororem
607 4604 692 4649 suram,
717 4600 744 4638 nt
767 4591 882 4638 retineret
906 4591 1015 4638 borreum
1039 4590 1135 4647 biernc,
1160 4591 1220 4651 qnia
1246 4589 1318 4640 ualde
1340 4590 1441 4639 amabar

154 4670 212 4705 enm
229 4656 466 4774 dicens:0‘indulge
483 4655 596 4720 bospitio
614 4672 757 4719 causasque
775 4659 873 4707 innecte
891 4658 1020 4715 nioraudi,
1039 4658 1100 4707 dom
1117 4657 1209 4723 pelago
1226 4657 1341 4707 desecuit
1357 4657 1440 4707 biems

155 4732 181 4773 ot
195 4738 310 4787 aquosus
351 4726 429 4778 rion.’
