3466 5422
217 309 350 358 cxxx1v
606 294 656 344 DE
673 293 916 348 DISSONAN'I'IA
934 292 1124 345 SERMONIS.

298 486 416 545 Harran
439 484 680 560 differentiarum
697 499 776 559 pars
796 485 906 556 lenitur
929 484 959 542 in
982 484 1087 542 codice
1109 483 1263 558 Baaieasi,
1287 502 1368 546 nunc
1397 486 1507 546 Vinda

215 589 340 647 bunensi
352 585 438 646 XVI
452 584 481 658 f.
499 580 564 657 68⁶,
587 583 630 657 cs.
644 585 792 645 Analecta
811 584 975 644 Vindoban.
994 602 1029 661 p.
1049 591 1114 659 226,
1135 592 1260 658 tt-ta,
1284 589 1396 647 scilicet
1416 589 1508 648 haec:

218 685 299 748 1-5
321 687 431 748 iauoco
453 720 496 729 —
518 688 641 763 insurgo
663 686 694 745 iu
723 684 795 745 aiios
819 683 941 764 (adunca
962 683 997 745 ad
1021 685 1164 746 honorem
1187 721 1229 730 -
1252 705 1384 748 conuocc
1406 687 1507 768 piures

218 788 303 849 simui
333 823 363 832 -
391 790 545 867 exsangui:
569 783 674 849 7-10
696 804 801 847 manea
823 820 865 830 —-
887 788 1032 847 eueniunt
1055 794 1181 866 uisaque
1209 789 1399 866 (praemoneo
1420 810 1508 871 prae-

216 890 347 951 cauenda
369 922 412 935 —
433 888 599 969 iaanenu
624 886 671 950 16.
692 887 728 951 17
752 890 865 967 accipio
889 923 925 934 —
950 887 1057 949 durum
1080 888 1299 966 aduersumque
1323 893 1448 971 (accipio
1470 891 1508 953 ab

215 993 289 1063 alia,
312 993 440 1071 suscipio
463 999 567 1071 sponte
590 990 626 1052 de
650 1009 781 1065 sursum,
814 992 926 1070 recipio
947 988 1074 1070 aliquam
1103 1008 1166 1050 rem
1195 993 1348 1061 emissam,
1377 995 1508 1073 suscipio

215 1094 325 1170 aliquid
348 1092 454 1153 durum
479 1092 715 1172 aduersumque).

298 1197 366 1256 Iam
388 1198 454 1272 qais
475 1198 529 1256 iste
552 1194 710 1256 Terentius
727 1193 841 1267 suerit,
864 1198 893 1256 si
913 1197 1147 1268 interraaamus,
1171 1197 1207 1254 ab
1230 1198 1383 1270 quandam
1406 1215 1507 1258 rerum

213 1298 434 1359 similitudinem
456 1300 499 1357 nd
523 1298 736 1358 Terentiam
764 1298 947 1358 Scaurum
973 1299 1273 1371 arammaticum,
1303 1300 1388 1359 caius
1410 1299 1508 1359 artha

213 1401 349 1474 ardania
371 1406 471 1472 extat,
496 1416 550 1459 aas
571 1398 740 1474 confudere
759 1416 822 1475 par
843 1407 896 1458 cst.
928 1397 1114 1474 Quamquam
1136 1400 1212 1458 enim
1235 1401 1266 1458 ia
1288 1401 1353 1475 ipsa
1374 1408 1510 1462 tractatu

211 1502 469 1577 articaraptrica,
500 1503 553 1576 qui
578 1501 632 1560 sai
660 1501 773 1561 Scauri
797 1503 917 1560 nomiae
939 1500 1054 1578 fertur,
1083 1501 1146 1560 eius
1170 1504 1289 1573 acueris
1316 1503 1510 1578 differentiae

217 1621 277 1664 aaa
306 1605 511 1669 inueniuntur,
540 1611 655 1676 tamen,
685 1600 778 1676 nauis
804 1604 963 1675 conserat,
998 1618 1074 1676 qaae
1101 1619 1120 1660 a
1147 1600 1267 1663 Scauro
1289 1619 1323 1677 p.
1349 1609 1428 1661 2262
1447 1621 1509 1679 seq.

216 1712 362 1767 accurate
383 1706 507 1777 definita
530 1712 621 1779 atque
642 1706 784 1765 distincta
813 1711 896 1778 sant,
926 1721 984 1764 naa
1015 1705 1091 1763 adea
1114 1720 1133 1760 α
1155 1707 1224 1762 aen·
1242 1705 1435 1764 similitudine
1456 1706 1509 1766 aa·

215 1809 342 1869 horrere
364 1808 494 1883 dicerit,
516 1808 544 1865 si
563 1823 602 1865 ea
623 1823 753 1884 quaque,
777 1822 855 1881 quae
875 1823 971 1883 supra
988 1808 1088 1880 posita
1110 1813 1195 1879 sant,
1220 1808 1289 1865 atim
1304 1824 1389 1866 suum
1410 1809 1441 1867 ia
1457 1809 1510 1868 itia

216 1915 350 1970 tractata
373 1925 454 1967 nanc
476 1910 579 1968 mutila
600 1916 690 1984 atque
711 1911 813 1968 lacera
836 1911 931 1969 lacurn
953 1909 1093 1967 habuisse
1106 1910 1305 1975 coniciamus,
1325 1913 1509 1983 praesertim

216 2028 283 2072 cam
307 2010 340 2070 id
358 2026 453 2082 aenas
474 2011 584 2069 similia
599 2012 683 2087 apud
697 2019 825 2084 ceteras,
850 2013 903 2087 qai
923 2011 966 2069 ad
987 2009 1090 2069 nestra
1113 2017 1251 2084 tempora
1272 2026 1391 2081 uenae,
1410 2011 1509 2071 arida

214 2112 367 2188 arapniae
393 2118 544 2182 auctores,
575 2112 706 2186 Capram
733 2113 816 2181 dica,
854 2114 966 2172 Veliam
990 2112 1139 2187 Lanatam,
1171 2110 1360 2185 Acraetiam
1392 2112 1510 2172 Bedam

217 2222 327 2276 extare
348 2214 514 2274 uideamus.
562 2213 694 2284 Quodsi
714 2230 818 2273 aerum
839 2223 895 2283 est,
922 2213 1057 2287 sortasse
1085 2221 1205 2273 ceterae
1226 2229 1342 2287 auoque
1364 2214 1510 2289 differen-

217 2320 294 2391 tiae,
319 2331 397 2391 quae
419 2318 503 2391 apud
519 2318 693 2391 narsetum
715 2324 744 2375 ct
759 2318 873 2376 Bedam
896 2318 1101 2387 inueniuntur,
1125 2313 1269 2374 maiorem
1291 2323 1372 2374 certe
1388 2324 1511 2390 partem

218 2421 260 2478 ad
284 2417 455 2477 Terentium
476 2417 626 2478 Scaurum
648 2417 832 2490 referendae
852 2425 930 2478 sant.
974 2416 1050 2496 Sed,
1072 2417 1106 2476 id
1125 2417 1206 2490 quad
1226 2421 1384 2477 commenti
1396 2416 1514 2478 Sedatii

218 2524 250 2582 ia
274 2520 439 2596 Eutycirem
455 2537 490 2595 p.
517 2527 542 2593 1,
570 2526 602 2576 11
624 2522 811 2594 sianifieaai,
841 2523 869 2580 si
895 2521 987 2579 atium
1009 2519 1159 2593 annana
1184 2516 1354 2579 Terentiam
1377 2521 1514 2595 intelleai

219 2624 285 2699 quis
312 2623 410 2694 dicat,
440 2623 571 2696 canituri
592 2623 625 2681 id
643 2638 731 2697 passe
751 2639 812 2682 nan
834 2623 1027 2696 aeaeaerim;
1055 2627 1117 2681 tam
1147 2636 1232 2688 aaa,
1261 2624 1334 2695 auia
1362 2628 1512 2683 tractatus

220 2726 414 2786 Einsidtensis
441 2726 556 2784 medias
581 2727 661 2784 inter
686 2725 804 2797 classes
831 2725 1075 2783 Priscianeas
1102 2729 1253 2795 uersatur,
1283 2724 1410 2782 eundem
1432 2725 1510 2784 indi·

218 2830 288 2888 cari
308 2829 438 2887 deicerim
460 2828 623 2895 homiaem,
647 2843 732 2901 quem
746 2825 887 2886 Sedaiius
906 2841 936 2899 a.
955 2832 981 2902 1,
1000 2832 1033 2881 tt
1048 2825 1203 2884 Prisciani
1215 2824 1393 2900 discipulum
1413 2823 1512 2898 faisse

220 2935 372 2990 mereant,
417 2928 479 2988 Sed
504 2945 542 2988 ae
568 2929 625 2989 trac
652 2929 770 3004 quidem
792 2944 813 2986 α
834 2928 916 2987 notris
942 2927 1026 2987 debet
1043 2928 1261 3002 praetermitti,
1291 2944 1311 2986 α
1339 2929 1511 3000 Veraiiia

221 3033 247 3090 Α
253 3034 287 3090 si
292 3048 363 3091 aaa
385 3045 500 3105 qaoque
520 3032 693 3107 conpluries
713 3032 841 3093 laudari
856 3029 1025 3090 Terentiana
1044 3031 1277 3103 arammaticum
1298 3033 1398 3090 nescia
1413 3047 1510 3105 quem.

221 3134 271 3192 Ad
290 3133 371 3192 darre
393 3147 464 3192 uera
485 3133 577 3191 medii
597 3135 667 3192 aeui
684 3136 917 3208 arammaticum
939 3147 1014 3192 caue
1036 3129 1171 3203 referas,
1194 3146 1272 3204 auae
1293 3133 1328 3188 Α.
1346 3131 1448 3191 Maias
1469 3148 1510 3191 ex

224 3235 389 3306 Gaiasredi
409 3250 495 3310 quera
517 3241 606 3294 uocat
628 3241 696 3294 arte
717 3237 872 3310 excerpsit
893 3240 1009 3294 auctam
1033 3234 1102 3291 Vat.
1126 3234 1202 3307 Vp.
1228 3239 1297 3290 tat:

283 3333 345 3403 <De
374 3334 602 3402 consuetudine.
633 3354 707 3415 qaae
735 3353 815 3396 nunc
844 3344 901 3404 esi,
930 3334 1089 3393 Terentius
1116 3331 1203 3392 dicit:
1241 3333 1329 3394 ‘nihii
1359 3343 1403 3395 esi
1431 3334 1509 3413 quod

223 3435 334 3497 dicium
357 3437 462 3515 prius?
501 3436 559 3497 Sed
575 3438 688 3498 iniecit:
713 3441 873 3516 ‘postrema
896 3442 977 3496 acies
999 3433 1116 3503 mundi,
1141 3440 1174 3495 ui
1189 3433 1373 3513 disciplinam
1394 3439 1512 3515 pristini

222 3535 346 3607 saeculi,
375 3539 414 3597 ita
445 3546 472 3598 ci
502 3557 669 3600 sermonem
697 3537 831 3600 fastidire
859 3538 972 3616 coepit,
1002 3544 1032 3595 ct
1059 3553 1136 3595 ilaue
1166 3554 1271 3615 parere
1301 3537 1408 3612 acrba,
1435 3557 1510 3617 quae

223 3641 362 3700 iuuenum
386 3641 445 3700 ritu
466 3639 574 3702 iiarent
595 3649 625 3702 et
647 3642 770 3720 uigent?

307 3743 410 3819 Neque
431 3747 508 3803 enim
530 3754 598 3805 sant
619 3746 694 3804 daec
716 3744 808 3804 uerba
826 3743 958 3803 Terentii
969 3747 1174 3818 arammatici,
1198 3745 1230 3802 id
1251 3745 1332 3818 quod
1345 3746 1513 3818 suspicatus

223 3854 266 3906 est
289 3846 405 3927 Maius,
427 3847 482 3906 sed
508 3848 652 3907 Valerii
672 3848 799 3907 Probi:
823 3847 866 3905 ad
889 3846 1058 3906 Terentiam
1081 3854 1179 3906 autern
1197 3853 1349 3922 paetum
1372 3862 1432 3905 nan
1455 3847 1514 3906 nisi

224 3947 313 4007 ‘ninii
338 3954 381 4006 est
408 3949 488 4022 quad
515 3949 626 4009 dictum
644 3950 745 4025 prius'
767 3946 903 4020 referas,
932 3947 976 4021 cs.
1001 3948 1039 4008 H.
1063 3947 1158 4009 Keilii
1179 3955 1325 4022 excerpta
1346 3965 1386 4006 esc
1407 3963 1510 4008 ccam.

225 4052 255 4108 ia
279 4049 356 4109 Dan.
379 4065 508 4124 arama.
532 4050 599 4111 Lat.
629 4052 705 4126 Vp.
730 4057 797 4123 325,
817 4056 878 4143 125;
902 4050 1035 4110 Diomed.
1054 4067 1089 4126 p.
1115 4056 1183 4123 400,
1209 4057 1227 4107 5·
1249 4051 1289 4108 K.
