3420 5378
201 304 266 370 304
348 376 351 380 ⁴
509 305 700 360 tvcroans
718 307 886 360 abortant
904 310 952 360 DE
971 307 1144 361 LITTERIS
1161 309 1194 361 Δ.

286 494 311 554 Κ
334 501 414 555 muta
438 503 484 556 εει
505 503 534 555 ει
556 512 724 556 consonans
747 504 777 557 et
798 512 983 574 superuacua
1005 515 1073 558 cum
1088 495 1161 557 aliis.
1198 496 1299 568 Quare
1313 514 1500 577 supentacua

202 598 298 681 †cum
322 597 386 659 aliis
407 595 596 658 hominibusi
626 597 700 669 Ouia
724 616 799 678 opus
820 599 885 660 eius
906 599 1056 669 nesciunt,
1081 617 1156 678 quae
1177 597 1255 660 hanc
1278 598 1378 678 legem
1400 599 1501 662 babet:

179 680 340 783 'quotiens
362 698 505 761 scribitur
527 698 567 767 li,
591 701 727 776 sequitur
748 718 779 769 a,
809 709 841 761 ut
863 699 1028 768 llalendae,
1059 700 1110 763 sed
1140 702 1170 761 in
1197 703 1303 781 paucis
1331 702 1503 765 nominibus

203 805 389 865 obseruator.
435 799 518 871 Quae
547 808 646 881 typum
677 799 806 861 bominis
835 800 966 863 ostendit
994 821 1061 864 cnm
1092 801 1210 865 duobus
1242 803 1401 873 sensibus,
1434 807 1502 885 quia

202 904 312 966 malum
334 922 454 964 sensum
479 912 508 964 et
530 901 642 963 bonum
665 920 786 963 sensum
808 904 928 981 figurat,
957 923 1033 984 quae
1062 898 1204 966 scribitur
1232 907 1317 985 uirga
1346 916 1429 970 recta
1451 906 1525 966 ‹te-s

202 1025 292 1087 super
314 1013 344 1066 et
366 1004 422 1066 alia
447 1003 484 1064 de
507 1005 605 1065 medio
629 1006 693 1064 eius
715 1003 884 1066 deducitur.

287 1109 310 1170 L
338 1125 505 1168 consonans
534 1113 580 1166 est
607 1113 637 1166 et
663 1105 865 1175 semiuocalis,
894 1126 970 1188 quae
993 1109 1069 1170 hanc
1098 1108 1192 1187 legem
1222 1128 1306 1171 suam
1337 1108 1444 1180 habet,
1473 1117 1504 1170 ut

202 1214 300 1273 omnis
322 1208 449 1289 syllaba,
480 1208 607 1288 quaein
631 1206 639 1266 l
663 1209 772 1277 linitur,
804 1206 972 1279 breuietur,
1002 1220 1035 1272 ut
1055 1211 1163 1281 semel,
1187 1213 1242 1272 nisi
1266 1230 1360 1272 unum
1385 1229 1502 1287 nomen,

202 1324 235 1378 ut
256 1310 391 1375 Danihel.
436 1310 517 1382 Oeae
540 1309 670 1389 desuper
692 1309 834 1370 scribitur
857 1311 1066 1393 semiobliqua,
1098 1331 1172 1393 quae
1195 1321 1300 1394 typum
1324 1313 1502 1375 ludaeorum

203 1416 344 1485 ostendit,
369 1415 437 1491 quia
459 1410 652 1490 semiobliqua
676 1412 738 1470 luit.
1001 1492 1006 1499 .
1514 1428 1535 1465 n

288 1519 316 1578 M
339 1530 507 1576 consonans
530 1520 575 1572 est
598 1520 628 1572 et
649 1511 852 1582 semiuocalis;
884 1513 978 1575 trihus
1001 1515 1131 1594 uirgulis
1152 1523 1351 1595 conparatur,
1384 1519 1453 1596 quia
1476 1523 1503 1576 et

201 1623 297 1702 ipsum
321 1616 462 1679 trinitatis
483 1660 597 1676 .....
619 1613 760 1684 ostendit,
784 1616 852 1691 quia
877 1624 976 1696 typum
999 1618 1141 1678 trinitatis
1162 1618 1293 1696 complet
1308 1616 1321 1699 d
1339 1619 1362 1679 i.
1381 1616 1462 1679 107¹·
1477 1618 1502 1699 ll,

202 1723 272 1784 dum
302 1738 360 1781 non
388 1715 585 1795 subglutinet,
614 1715 665 1776 sed
693 1715 925 1796 superglutinet,
954 1719 1022 1797 quia
1052 1718 1108 1779 tria
1135 1721 1255 1780 nomina
1279 1719 1372 1784 babet
1394 1729 1425 1782 et
1447 1738 1503 1780 una

202 1823 343 1886 trinitatis
365 1828 497 1901 potestas
520 1820 617 1879 omnia
640 1816 786 1896 subregit.
1436 1882 1442 1892 ,

285 1924 308 1985 Ν
333 1939 501 1982 consonans
523 1928 567 1980 est
590 1927 620 1979 et
641 1919 842 1990 semiuocalis,
867 1922 952 1981 cuius
968 1921 1059 2000 figura
1075 1920 1133 1983 duo
1148 1929 1324 1983 testamenta
1341 1924 1497 2002 siguificat,
1510 1933 1531 1974 ιι

202 2035 289 2087 uetus
311 2034 341 2085 et
364 2042 488 2091 notrum,
513 2023 580 2102 quia
603 2021 707 2081 similis
729 2030 775 2083 est
796 2020 910 2082 duabus
933 2020 1064 2101 legibus,
1094 2041 1129 2083 eo
1157 2023 1234 2103 quod
1259 2025 1418 2085 caritatem
1441 2027 1503 2086 eius

201 2147 237 2189 ex
261 2126 376 2189 duabus
398 2125 545 2205 depingit,
575 2140 651 2200 quae
680 2122 913 2203 superglutinet,
943 2126 1010 2203 qnia
1033 2125 1092 2184 duo
1115 2133 1291 2188 testamenta
1313 2125 1501 2205 inaequalem

204 2229 357 2290 historiam
386 2225 497 2288 habent
519 2233 548 2285 ει
570 2223 755 2313 inaequalem
784 2242 914 2285 sensum.
960 2226 1058 2297 Quare
1085 2234 1166 2286 recta
1188 2229 1330 2306 superior
1353 2236 1384 2288 et
1406 2235 1501 2308 poste·
1583 2219 1585 2225 ’

205 2335 265 2392 rior
288 2349 354 2391 cum
378 2329 474 2405 capite
497 2325 635 2404 otttqoot
680 2325 753 2395 Quia
777 2325 923 2387 excelsior
946 2333 992 2387 est
1014 2346 1133 2396 sensus,
1156 2346 1243 2408 quam
1268 2327 1406 2399 historia,
1429 2347 1501 2411 quae

205 2433 334 2511 complet
356 2428 531 2490 aduerbinm
556 2445 621 2487 esse
645 2427 773 2505 negandi
795 2426 852 2488 sub
874 2438 999 2491 accentu
1022 2432 1134 2510 posita,
1158 2438 1202 2491 ut:
1510 2441 1533 2480 n

529 2589 532 2593 ,
556 2529 700 2590 Tanton
725 2547 778 2589 me
800 2530 959 2591 crimine
982 2530 1131 2609 dignum

557 2630 725 2691 basisti?

201 2739 283 2810 Quae
306 2736 436 2817 complet
458 2751 624 2813 pronomen
647 2750 713 2793 cum
738 2733 822 2811 uirga
845 2735 948 2812 posita.

286 2840 310 2900 Ο
334 2837 445 2900 uocalis
468 2846 525 2906 est,
550 2853 626 2915 quae
649 2852 759 2895 corona
783 2833 900 2904 dicitur,
923 2836 1072 2914 quianon
1096 2845 1140 2897 est
1162 2836 1274 2916 diuisa,
1303 2836 1359 2899 sed
1390 2839 1502 2900 scilicet

202 2961 276 3023 qrrae
300 2939 430 3017 complet
451 2941 621 3000 uocatiuum
645 2955 743 2998 casum
767 2935 965 3015 pronominis,
995 2945 1028 2997 ut
1050 2957 1083 3008 o,
1110 2946 1160 2998 aut
1180 2939 1352 3000 interiectio
1377 2940 1533 3002 dieiturzss

405 3040 428 3101 0
452 3043 590 3102 utinam
614 3040 650 3098 in
673 3038 855 3100 thalamos
878 3039 992 3099 inuisi
1015 3039 1189 3101 Caesaris
1212 3042 1322 3102 issem
1340 3077 1384 3087 -

202 3165 278 3226 ‹pnae
302 3145 422 3224 ponitur
444 3144 474 3203 in
498 3142 553 3203 alia
577 3140 650 3201 hora
673 3139 849 3201 aduerbinm
866 3140 1024 3220 optandi†
1039 3140 1145 3203 dicitur
1161 3141 1237 3203 idest
1252 3144 1369 3205 utinam
1386 3163 1415 3214 o,
1427 3154 1462 3205 ut
1475 3164 1501 3205 o.

287 3247 308 3306 l'
332 3263 498 3306 consonans
521 3251 617 3304 estet
640 3250 735 3308 muta,
765 3259 841 3320 quae
863 3244 1057 3322 praeponitur
1079 3242 1212 3323 liquidis,
1242 3263 1257 3303 r
1281 3253 1314 3304 ut
1338 3246 1501 3325 primus,l

202 3355 247 3408 nt:
272 3347 498 3427 ‘plantaberunt
520 3344 651 3414 uineas’,
685 3361 759 3423 quae
783 3343 965 3421 significatur
988 3343 1103 3407 duabus
1124 3343 1249 3423 uirgulis
1273 3354 1303 3406 et
1326 3346 1391 3408 duo
1414 3356 1502 3410 testa·

201 3456 301 3511 menta
323 3449 481 3526 significat,
506 3453 593 3507 uetus
616 3455 646 3505 ει
668 3463 793 3514 nouum,
817 3444 872 3505 alia
896 3452 977 3507 recta
1000 3454 1029 3506 ει
1050 3444 1104 3508 alia
1128 3445 1259 3524 obliqua.
1512 3459 1535 3498 ιι

285 3552 309 3622 Q
333 3567 500 3611 consonans
522 3556 567 3609 est
589 3555 619 3607 et
641 3553 736 3614 muta,
762 3563 836 3623 quae
864 3545 960 3625 legem
990 3565 1072 3608 suam
1096 3546 1200 3618 babet,
1224 3549 1303 3628 quod
1327 3558 1402 3612 nota
1418 3570 1500 3631 prae·

200 3655 321 3733 ponitur
342 3671 362 3713 u
385 3650 494 3719 uocali,
518 3647 568 3708 sed
593 3648 760 3725 geminatae
783 3667 801 3709 u
825 3652 1031 3729 praeponitur,
1055 3657 1088 3710 ut
1110 3667 1200 3726 quum
1224 3651 1272 3710 uel
1296 3669 1390 3730 quur,
1415 3672 1503 3732 quarn

200 3761 381 3834 spreuerunt
395 3751 505 3811 inimici
521 3751 579 3819 tui,
606 3750 746 3819 Domine,
762 3757 892 3825 ueteres,
913 3749 1020 3811 deinde
1036 3751 1174 3812 dixerunt
1188 3770 1412 3832 superuacuam
1429 3774 1504 3823 esse,

200 3857 268 3932 quia
292 3855 487 3915 necessariam
511 3859 658 3931 quaerunt
680 3870 801 3930 operam
825 3853 901 3920 eius,
925 3854 991 3932 quia
1015 3854 1132 3932 quoties
1153 3853 1296 3915 scribitur
1321 3853 1334 3936 ll
1355 3853 1503 3933 t.108·;,

200 3957 315 4033 ‘quum'
340 3954 387 4015 uel
412 3955 532 4033 ‘quur',
556 3972 610 4032 per
633 3973 666 4033 q,
695 3972 755 4013 non
778 3972 832 4032 per
855 3973 870 4013 c
893 3953 1042 4015 scribitur.
1087 3954 1184 4025 Quare
1212 3974 1271 4015 non
1295 3968 1462 4037 separatur
1483 3964 1537 4038 q³⁵

200 4064 229 4116 et
251 4058 288 4117 ui
311 4056 385 4126 Quia
410 4073 468 4115 non
492 4062 588 4132 potest
610 4054 671 4115 dici
694 4073 713 4132 q
735 4055 799 4115 sine
822 4074 849 4116 u.
895 4056 959 4116 lino
981 4063 1155 4117 testamenta
1178 4057 1337 4134 significat.

201 4243 428 4251 ——--—-——

266 4362 417 4427 3sequitur
434 4371 516 4411 autem
535 4360 646 4411 Kaleude
696 4363 851 4411 lobsernat
902 4362 996 4425 aquia
1014 4363 1132 4412 scribitur
1183 4362 1303 4413 8sillaba
1354 4366 1507 4419 breuiantur

198 4452 261 4499 hut
278 4458 304 4497 ta
321 4446 422 4496 danihel
493 4448 522 4496 ll
542 4456 697 4512 conparatus
767 4448 800 4496 12
818 4444 948 4512 trinitatis]
967 4446 1205 4513 Supplemtypum.
1260 4437 1510 4517 l3superglutinet⁶

199 4518 230 4566 16
248 4527 273 4565 ει
290 4529 359 4565 nouo
446 4516 476 4564 l'l
495 4514 638 4579 dipiugitur
706 4515 866 4576 inaequalem
883 4514 1025 4577 hystoriam
1130 4516 1240 4578 lbquae
1257 4514 1400 4569 historiam
1472 4509 1504 4573 il

198 4582 317 4647 Tantum}
335 4584 411 4647 Verp.
427 4585 493 4635 Aen.
507 4583 533 4631 X
545 4584 595 4632 668
663 4584 695 4632 26
714 4599 728 4633 o
749 4585 845 4631 utinam
864 4582 888 4630 iu
908 4582 1033 4632 thalamus
1053 4582 1180 4632 usichoris
1197 4583 1266 4648 regis
1284 4583 1385 4654 issem]
1404 4589 1506 4642 Lucan,

198 4653 291 4702 Phara.
314 4651 399 4714 VIII,
416 4654 451 4700 88
533 4652 565 4700 nt
583 4650 718 4700 diciturid
737 4651 834 4699 retinam
853 4661 913 4699 uto
998 4652 1200 4717 supraponitur
1268 4663 1335 4716 put
1355 4656 1460 4720 primns
1479 4669 1507 4707 ut

198 4720 378 4786 plantaberunt
396 4719 483 4766 uineas
501 4719 562 4779 quia
580 4719 610 4768 31
632 4727 717 4767 aronam
734 4717 886 4784 preponitur
904 4719 947 4767 uni
966 4719 1048 4768 trocali
1067 4719 1112 4768 ned
1131 4719 1260 4783 geminata
1343 4724 1382 4773 33
1400 4724 1507 4775 domine

199 4798 285 4838 uetera
338 4787 458 4836 dixerunt
475 4799 556 4834 uacrra
575 4801 632 4834 esse
650 4788 709 4848 qnia
729 4802 782 4836 nee.
801 4802 826 4838 s.
844 4797 968 4848 quaerunt
986 4802 1064 4854 opera
1132 4788 1166 4838 36
1183 4786 1334 4852 significant
