3420 5378
646 339 849 392 EXGERPTA.
1333 337 1394 401 195

96 528 176 607 quod
200 528 311 589 dicitur
333 530 412 606 ‘ego’
436 536 466 588 et
488 546 542 589 cur
564 527 722 589 dissimiles
744 536 814 588 sunt
835 529 881 589 sui
904 525 1016 604 obliqui
1040 545 1125 588 casus
1148 535 1251 589 contra
1272 528 1323 589 sel
1360 530 1396 588 Vt

98 630 284 709 Virgilius
307 629 391 690 dicit:
425 630 557 691 Primum
580 631 611 690 in
634 629 738 691 ordine
762 647 926 708 pronomen
949 630 1063 690 linitum
1087 636 1132 690 est
1153 632 1253 708 ‘ego',
1277 630 1396 711 dequo

97 740 157 794 tam
180 730 264 794 multi
286 733 459 792 innumeras
482 730 664 793 uentilabant
685 733 889 811 quaestiones,
914 731 1061 810 quomodo
1078 739 1107 791 et
1122 749 1179 809 qua
1199 733 1313 792 ratione
1336 739 1395 793 tam

96 833 290 896 dissimilibus
318 834 424 894 litteris
452 833 531 894 idem
554 852 719 912 pronomen
743 835 926 913 conpositum
948 834 1001 900 sit,
1025 839 1058 892 ut
1081 831 1197 893 dicatur
1220 835 1294 910 ‘ego
1317 835 1394 893 mei'

71 935 236 1015 squodque
258 936 391 1013 iurgium
413 936 450 994 ita
474 934 611 995 doctores
633 934 738 995 sedare
761 934 917 1005 uolebant,
940 942 973 994 ut
995 933 1199 1010 adfirmarent,
1223 934 1303 1013 ‘ego'
1318 937 1396 996 inter
1485 932 1497 961 '⁹

97 1045 272 1117 monoptota
294 1036 405 1097 debere
427 1054 545 1115 semper
568 1035 710 1106 adscribi.
734 1044 768 1097 ut
789 1038 819 1096 in
842 1037 923 1097 omni
946 1055 1073 1096 numero
1095 1047 1124 1096 et
1140 1054 1250 1115 genere
1273 1046 1304 1097 et
1325 1055 1395 1098 casu

96 1141 189 1217 ‘ego'
211 1138 402 1216 singulariter
423 1136 584 1198 diceretur.
630 1138 831 1199 Terentius
863 1140 954 1216 ‘ego’
986 1140 1065 1198 iuter
1095 1137 1242 1198 delectiua
1271 1137 1398 1198 credidit

97 1238 302 1307 iudicandum,
333 1249 365 1299 ut
391 1239 504 1301 seilicet
532 1247 656 1319 excepto
685 1239 749 1300 solo
777 1241 961 1300 nominatiuo
990 1237 1103 1298 nullum
1131 1258 1232 1300 casum
1256 1239 1395 1308 haberem

96 1345 218 1422 utrique
234 1350 332 1402 tamen
349 1341 489 1403 concordi
505 1341 673 1401 lior-tamine
696 1341 816 1403 delinito
832 1341 927 1402 edicto
944 1340 1096 1409 dicebant,
1121 1359 1176 1420 pro
1192 1343 1273 1419 ‘ego’
1291 1344 1395 1403 ‘mius’

59 1458 86 1498 ιο
98 1443 304 1525 accipiendum
328 1461 392 1504 esse
415 1454 445 1503 et
467 1445 509 1504 sic
533 1442 754 1504 declinandum:
779 1445 870 1504 ‘mius
886 1446 944 1503 mei
959 1441 1007 1502 uel
1023 1445 1080 1503 mis
1095 1440 1167 1503 nribi
1183 1461 1230 1503 me
1253 1463 1270 1504 o
1286 1462 1302 1503 a
1325 1445 1395 1504 me'.

99 1545 213 1618 Quibus
236 1544 425 1622 Galbungi
453 1543 604 1606 auditores
626 1563 642 1603 e
665 1544 784 1605 diuerso
812 1547 984 1606 resistentes
1011 1546 1162 1608 dicebant:
1200 1545 1232 1606 Si
1261 1548 1314 1615 ita,
1344 1564 1397 1605 cur

98 1664 158 1707 non
181 1648 270 1706 etiam
294 1630 408 1725 plurali
425 1664 550 1706 numero
573 1645 737 1707 litterarum
767 1655 905 1708 seruatur
934 1647 1023 1718 ordo,
1057 1651 1113 1710 sed
1142 1651 1185 1709 sic
1216 1646 1396 1709 declinatur:

97 1749 166 1809 ‘nos
188 1749 355 1809 nostrum'l
392 1746 529 1827 Alioquin
554 1745 645 1807 multe
668 1746 828 1808 admodum
851 1758 921 1810 sunt
942 1752 1108 1826 uocabula,
1131 1768 1206 1830 quae
1229 1767 1296 1810 cum
1320 1748 1399 1809 litte·

98 1868 200 1911 rarum
223 1849 359 1910 ordinem
384 1866 442 1908 non
466 1857 604 1928 seruent,
634 1867 725 1911 sensu
755 1858 853 1911 tamen
877 1852 1083 1929 sententiaque
1106 1852 1314 1913 conuenientia
1338 1869 1397 1911 non

60 1951 273 2013 tfidubitentur
296 1969 373 2011 esse.
418 1949 514 2010 Simili
542 1969 613 2029 ergo
642 1952 731 2011 modo
759 1951 976 2013 defendendum
1000 1962 1045 2013 est
1072 1954 1129 2014 lroc
1158 1970 1338 2033 pronomen.
1366 1961 1400 2012 ut

97 2055 136 2114 sit
158 2054 216 2114 rite
237 2051 461 2120 declinandum,
490 2052 567 2112 sicut
595 2051 713 2131 plurimi
745 2062 922 2133 receperunt
950 2057 1023 2132 ‘ego
1046 2056 1122 2115 mei’
1146 2065 1176 2114 et
1197 2054 1305 2134 plurali
1327 2057 1399 2114 ‘nos

100 2159 259 2215 nostrum’.
304 2152 398 2224 Quam
422 2155 626 2233 quaestionem
649 2173 715 2213 eum
732 2154 769 2213 ad
786 2174 884 2216 meum
900 2158 1056 2217 Aeneam
1080 2157 1245 2217 retulissem
1262 2164 1292 2216 et
1307 2154 1397 2215 multa

98 2274 135 2316 ac
157 2256 270 2316 diutina
293 2256 354 2314 diei
375 2301 383 2316 .
402 2301 409 2314 .
429 2302 436 2316 .
457 2302 463 2315 .
485 2255 597 2333 grande
620 2254 657 2314 de
680 2255 735 2314 bac
758 2255 860 2317 eadem
885 2256 1082 2326 uoluerimus,
1107 2259 1143 2320 ad
1167 2265 1334 2318 extremum
1358 2259 1398 2317 ita

97 2356 211 2427 intulit,
235 2355 314 2436 quod
338 2355 502 2417 secundum
526 2355 714 2434 Galbungi
738 2355 785 2417 uel
801 2377 924 2419 suorum
940 2361 1117 2419 sententiam
1135 2361 1225 2421 ‘mins
1240 2360 1297 2420 mei
1315 2357 1398 2418 milri'

59 2472 87 2512 2⁰
99 2460 265 2520 rectissime
288 2456 439 2518 scribitur.

185 2557 198 2642 11
216 2562 238 2620 1.
253 2556 313 2620 20¹³
330 2557 343 2640 11
368 2560 403 2620 Vt
425 2558 610 2635 Virgilius
633 2559 718 2622 dicit:
744 2560 884 2622 Nonnulli
907 2562 1105 2636 contendunt,
1131 2564 1220 2641 ‘qui’
1243 2563 1322 2623 ouini
1346 2579 1397 2639 ge·

100 2680 174 2723 nere
196 2663 327 2742 coaptari
350 2679 452 2740 posse,
476 2662 586 2741 quippe
609 2680 676 2723 cum
700 2665 730 2721 in
753 2661 883 2723 ablatiuo
906 2663 1039 2725 dicamus
1061 2665 1094 2723 ‘a
1118 2665 1168 2742 qui
1193 2665 1274 2723 uirc’
1300 2663 1346 2723 uel
1369 2667 1398 2724 ‘a

99 2765 150 2843 qui
173 2764 309 2824 muliere'
330 2761 363 2822 ‘n
381 2765 435 2838 qui
448 2767 566 2839 operc':
589 2766 617 2823 si
629 2782 702 2824 uero
716 2765 823 2825 borum
838 2768 986 2825 sententia
1009 2766 1067 2823 dici
1090 2764 1227 2832 deberet.
1253 2767 1328 2844 ‘qui’
1344 2783 1399 2845 per

99 2883 219 2926 omnem
242 2882 399 2926 numerum
428 2882 605 2943 omnemque
628 2884 729 2926 casum
753 2873 924 2944 monoptota
949 2865 1073 2943 quadam
1098 2864 1295 2926 declinatione
1318 2865 1397 2928 irue-

60 2974 199 3037 ssretur,
228 2975 260 3026 ut
282 2967 351 3046 ‘qui
374 2968 439 3026 uir'
462 2968 529 3046 ‘qui
553 2966 626 3026 uiri'
650 2968 719 3045 ‘qui
742 2968 825 3027 uiro’
855 2968 922 3043 ‘qui
947 2969 1062 3028 uirurrr’
1090 2967 1160 3045 ‘qui
1183 2968 1307 3029 mulier'
1329 2969 1398 3048 ‘qui

100 3068 247 3130 mulieris'
271 3077 301 3130 et
323 3071 386 3146 ‘qui
408 3067 563 3128 mulieres'
587 3066 848 3148 ‘personuerunt
872 3068 938 3144 ‘qui
950 3077 1069 3130 nomen‘
1091 3070 1155 3147 ‘qui
1170 3071 1310 3130 nominis'
1335 3071 1399 3148 ‘qui

99 3171 232 3231 nomina'
255 3170 319 3249 ‘qui
342 3171 508 3231 nominum'
532 3177 562 3230 et
583 3178 681 3231 cetera
704 3169 881 3230 huiusmodi.

186 3268 342 3354 111.21·11
373 3273 408 3331 Vt
435 3270 619 3349 Virgilius
648 3271 733 3331 dicit:
773 3271 953 3332 Pronomina
991 3274 1162 3352 qrrmrtitatis
1192 3284 1222 3335 et
1250 3274 1399 3354 qualitatis

99 3372 328 3435 declinationem
351 3376 397 3434 sul
422 3391 481 3433 non
504 3373 668 3434 secundum
692 3373 825 3450 regulum
848 3374 1062 3435 ilectendorum
1092 3376 1315 3453 pronominum,
1346 3374 1397 3434 sed

61 3475 264 3537 sesecundum
295 3473 518 3535 similitudinem
553 3474 737 3535 adiecturum
772 3474 939 3545 habebunt,
975 3486 1007 3536 ut
1035 3476 1149 3554 ‘qualis
1178 3476 1243 3537 talis
1271 3485 1399 3555 quantus

102 3647 329 3655 ιμ-

172 3747 228 3796 let
246 3742 378 3813 uirgilius]
397 3763 424 3810 p.
444 3749 478 3796 22
496 3746 556 3796 Mai
623 3745 757 3796 eboreum
782 3759 821 3796 est
843 3762 901 3812 ego.
938 3745 1003 3796 Sunt
1020 3747 1092 3796 multi
1111 3747 1155 3811 qui
1173 3750 1320 3797 innumeros
1339 3763 1398 3797 uen-

100 3813 174 3863 tilant
191 3814 278 3865 Maius
345 3818 361 3865 3
379 3816 528 3876 questiones
547 3815 617 3877 quod
635 3813 721 3877 eliqua
740 3817 838 3865 ratione
849 3813 860 3881 11
873 3816 1038 3864 inscrutando
1058 3815 1188 3877 quomodo
1202 3827 1288 3879 etqua
1301 3818 1399 3865 ratione

100 3880 188 3932 Maius
271 3883 374 3932 didest
391 3897 532 3949 pronomen
618 3879 785 3949 bquodque]
805 3899 908 3946 quoque
919 3880 932 3949 11
948 3886 1017 3946 quod
1036 3883 1099 3948 pleri
1118 3883 1205 3934 Maius
1273 3886 1308 3932 ita
1325 3885 1400 3933 docte

100 3950 188 4000 Maius
255 3951 317 3999 dut
334 3952 360 4000 iu
380 3952 511 4000 nominum
529 3960 617 4000 nostro
685 3953 866 4010 iterrentius,
883 3954 974 4016 priore
992 3969 1007 4000 r
1024 3967 1100 4003 eroso
1168 3952 1302 4003 9ditluito
1354 3953 1398 4000 de·

99 4016 224 4080 linitoque
242 4018 328 4068 Maius
414 4020 446 4069 10
464 4034 521 4068 meo
540 4033 555 4067 a
573 4034 613 4067 me
683 4021 713 4067 12
733 4018 815 4068 littera
833 4030 950 4069 seruntur
969 4020 1032 4068 ordo
1052 4017 1082 4084 1111
1102 4019 1140 4068 sic
1157 4019 1298 4068 declinetur
1368 4022 1399 4069 13

99 4095 161 4135 sunt
177 4101 243 4148 quoe
260 4101 316 4134 cum
336 4086 432 4135 litteras
451 4087 564 4136 ordinem
618 4083 820 4153 normulatim
838 4088 911 4138 Maio
928 4090 1052 4153 supplesti.
1114 4097 1174 4137 sunt
1192 4086 1315 4137 uocabulo
1333 4101 1400 4150 quse

98 4167 286 4216 quemcumque
304 4153 442 4203 litterarum
463 4156 578 4204 ordinem
596 4165 699 4204 seruent
716 4156 801 4205 Maius
872 4158 902 4205 15
921 4171 978 4205 esse
996 4171 1047 4204 non
1065 4154 1213 4205 dubitantur
1225 4155 1312 4206 Maius
1351 4155 1400 4206 lroc

98 4235 242 4287 pronomen
260 4223 326 4272 trine
344 4222 424 4272 uideri
443 4222 621 4273 declinandum
640 4223 727 4272 Maius
800 4225 832 4274 16
851 4225 996 4288 reciperunt
1013 4238 1062 4288 ego
1081 4224 1130 4271 mei
1148 4223 1210 4272 milri
1228 4235 1253 4273 et
1270 4223 1401 4289 pluraliter

100 4304 147 4340 uos
166 4299 282 4339 nostrum
302 4291 375 4340 nobis
394 4289 481 4339 Maius
550 4293 581 4340 17
599 4306 658 4352 qne,
677 4306 833 4355 nmquam
853 4292 932 4341 null
983 4291 1016 4340 nd
1035 4290 1085 4339 min
1103 4306 1191 4341 eneam
1244 4291 1399 4340 rettulissem

99 4372 129 4406 ac
147 4357 267 4407 diuturno
290 4359 340 4408 diei
364 4368 435 4423 purte
456 4359 488 4407 de
511 4359 558 4407 lmc
581 4359 669 4406 eudem
689 4358 768 4408 inulta
786 4359 942 4408 uoluerimus
961 4361 1051 4410 Maius
1137 4362 1168 4410 18
1186 4356 1249 4425 diei]
1269 4359 1400 4409 &cunam

98 4463 220 4527 indicaui.
272 4476 305 4526 de
323 4473 365 4525 lac
412 4441 566 4538 {strimum
584 4493 654 4528 corr.
671 4477 750 4530 nell
820 4478 851 4526 19
869 4492 935 4539 quae
953 4478 1093 4526 secuudum
1147 4477 1186 4526 uel
1204 4493 1311 4528 suorum
1330 4478 1399 4540 quod

133 4545 169 4594 itu
187 4558 344 4606 suorumque
362 4545 449 4595 Maius
518 4546 550 4594 21
568 4540 706 4609 Virgilius]
725 4562 753 4608 p.
773 4547 809 4593 34
827 4545 885 4595 Mai
952 4548 985 4595 22
1006 4546 1141 4611 ‹quuaptnri
1161 4547 1248 4596 Maius
1316 4546 1399 4594 dicam

133 4612 174 4662 uel
191 4628 238 4663 om,
258 4613 345 4662 Maius
413 4615 447 4663 23
465 4614 541 4675 u.‹pri
560 4613 665 4661 muliere
682 4612 732 4662 diei
751 4612 825 4661 debet
885 4615 961 4675 aqui
981 4628 1070 4678 opere:
1090 4615 1145 4662 siue
1163 4613 1255 4663 horum
1274 4615 1399 4663 sententia

99 4690 169 4730 stare
185 4680 259 4730 debet
277 4682 363 4731 Maius
430 4683 464 4729 24
482 4677 552 4742 qudi
644 4678 1043 4746 2511ιιετε11121191111Μαί23
1127 4683 1161 4731 26
1178 4683 1222 4744 qui
1242 4697 1333 4732 nomen
1352 4698 1400 4734 orn.

98 4749 167 4807 eod„
186 4750 246 4828 odd.
265 4749 352 4800 Maius
437 4750 470 4798 28
489 4745 625 4814 Virgilius]
647 4749 704 4799 Non
722 4755 796 4798 eutut
814 4750 886 4813 opud
903 4751 1011 4812 Mutum,
1029 4751 1077 4800 scd
1093 4749 1127 4812 es.
1144 4766 1172 4815 p.
1193 4753 1230 4800 33
1248 4750 1287 4803 M.
1366 4751 1400 4800 29

99 4830 251 4883 pronomina

1142 4900 1195 4954 13*
