<?xml version="1.0" encoding="UTF-8"?>
<!DOCTYPE html PUBLIC "-//W3C//DTD XHTML 1.0 Transitional//EN"
    "http://www.w3.org/TR/xhtml1/DTD/xhtml1-transitional.dtd">
<html xmlns="http://www.w3.org/1999/xhtml" xml:lang="en" lang="en">
 <head>
  <title>
</title>
<meta http-equiv="Content-Type" content="text/html;charset=utf-8" />
  <meta name='ocr-system' content='tesseract 3.04.00' />
  <meta name='ocr-capabilities' content='ocr_page ocr_carea ocr_par ocr_line ocrx_word'/>
</head>
<body>
  <div class='ocr_page' id='page_1' title='image "./grammaticilatin04keilgoog/grammaticilatin04keilgoog_0215.png"; bbox 0 0 3420 5378; ppageno 0'>
   <div class='ocr_carea' id='block_1_1' title="bbox 203 251 1202 320">
    <p class='ocr_par' dir='ltr' id='par_1_1' title="bbox 203 251 1202 320">
     <span class='ocr_line' id='line_1_1' title="bbox 203 251 1202 320; baseline -0.009 -8"><span class='ocrx_word' id='word_1_1' title='bbox 203 271 307 320; x_wconf 81' lang='lat' dir='ltr'>ccxlv</span> <span class='ocrx_word' id='word_1_2' title='bbox 510 257 560 306; x_wconf 79' lang='lat' dir='ltr'><strong>Du</strong></span> <span class='ocrx_word' id='word_1_3' title='bbox 579 254 730 306; x_wconf 75' lang='lat' dir='ltr'>IVLIANO</span> <span class='ocrx_word' id='word_1_4' title='bbox 747 252 942 305; x_wconf 80' lang='lat' dir='ltr'><strong>TOLETANO</strong></span> <span class='ocrx_word' id='word_1_5' title='bbox 961 251 1202 304; x_wconf 81' lang='lat' dir='ltr'><strong>GRAMMATICO</strong></span> 
     </span>
    </p>
   </div>
   <div class='ocr_carea' id='block_1_2' title="bbox 199 439 1533 1284">
    <p class='ocr_par' dir='ltr' id='par_1_2' title="bbox 199 439 1533 1284">
     <span class='ocr_line' id='line_1_2' title="bbox 283 439 1494 527; baseline -0.003 -22"><span class='ocrx_word' id='word_1_6' title='bbox 283 441 296 527; x_wconf 79' lang='grc' dir='ltr'><strong>ΙΙ</strong></span> <span class='ocrx_word' id='word_1_7' title='bbox 320 446 340 505; x_wconf 85' lang='grc'><strong>1.</strong></span> <span class='ocrx_word' id='word_1_8' title='bbox 364 440 460 523; x_wconf 59' lang='lat'><strong>831311</strong></span> <span class='ocrx_word' id='word_1_9' title='bbox 482 445 557 504; x_wconf 91' lang='lat' dir='ltr'><strong>Sunt</strong></span> <span class='ocrx_word' id='word_1_10' title='bbox 579 444 634 504; x_wconf 85' lang='lat' dir='ltr'><strong>alia</strong></span> <span class='ocrx_word' id='word_1_11' title='bbox 656 442 849 521; x_wconf 81' lang='lat' dir='ltr'><strong>homonyma,</strong></span> <span class='ocrx_word' id='word_1_12' title='bbox 878 460 953 521; x_wconf 71' lang='lat' dir='ltr'><strong>quiae</strong></span> <span class='ocrx_word' id='word_1_13' title='bbox 982 458 1038 501; x_wconf 93' lang='lat' dir='ltr'><strong>una</strong></span> <span class='ocrx_word' id='word_1_14' title='bbox 1068 439 1265 520; x_wconf 81' lang='lat' dir='ltr'>appellatione</span> <span class='ocrx_word' id='word_1_15' title='bbox 1293 439 1377 517; x_wconf 87' lang='lat' dir='ltr'><strong>plura</strong></span> <span class='ocrx_word' id='word_1_16' title='bbox 1401 440 1494 518; x_wconf 79' lang='lat' dir='ltr'><strong>signi·</strong></span> 
     </span>
     <span class='ocr_line' id='line_1_3' title="bbox 200 524 1493 607; baseline -0.005 -15"><span class='ocrx_word' id='word_1_17' title='bbox 200 532 302 600; x_wconf 85' lang='lat' dir='ltr'><strong>heaut,</strong></span> <span class='ocrx_word' id='word_1_18' title='bbox 332 536 363 587; x_wconf 92' lang='lat' dir='ltr'><strong>ut</strong></span> <span class='ocrx_word' id='word_1_19' title='bbox 391 546 483 607; x_wconf 81' lang='lat' dir='ltr'><strong>nepos</strong></span> <span class='ocrx_word' id='word_1_20' title='bbox 510 532 590 590; x_wconf 87' lang='lat' dir='ltr'><strong>acies</strong></span> <span class='ocrx_word' id='word_1_21' title='bbox 619 529 706 589; x_wconf 84' lang='lat' dir='ltr'><strong>aries.</strong></span> <span class='ocrx_word' id='word_1_22' title='bbox 757 527 854 597; x_wconf 87' lang='lat' dir='ltr'><strong>Quare</strong></span> <span class='ocrx_word' id='word_1_23' title='bbox 884 527 1021 586; x_wconf 86' lang='lat' dir='ltr'><strong>dicuntur</strong></span> <span class='ocrx_word' id='word_1_24' title='bbox 1050 526 1245 605; x_wconf 83' lang='lat' dir='ltr'><strong>homonyma?</strong></span> <span class='ocrx_word' id='word_1_25' title='bbox 1290 524 1330 585; x_wconf 77' lang='lat' dir='ltr'><strong>lio</strong></span> <span class='ocrx_word' id='word_1_26' title='bbox 1354 526 1434 605; x_wconf 84' lang='lat' dir='ltr'><strong>quod</strong></span> <span class='ocrx_word' id='word_1_27' title='bbox 1464 529 1493 585; x_wconf 91' lang='lat' dir='ltr'><strong>in</strong></span> 
     </span>
     <span class='ocr_line' id='line_1_4' title="bbox 199 611 1493 692; baseline -0.005 -17"><span class='ocrx_word' id='word_1_28' title='bbox 199 634 257 676; x_wconf 94' lang='lat' dir='ltr'><strong>uuo</strong></span> <span class='ocrx_word' id='word_1_29' title='bbox 280 616 401 674; x_wconf 90' lang='lat' dir='ltr'><strong>nomino</strong></span> <span class='ocrx_word' id='word_1_30' title='bbox 424 613 538 692; x_wconf 90' lang='lat' dir='ltr'><strong>plurem</strong></span> <span class='ocrx_word' id='word_1_31' title='bbox 563 613 690 673; x_wconf 87' lang='lat' dir='ltr'><strong>habeant</strong></span> <span class='ocrx_word' id='word_1_32' title='bbox 718 612 973 689; x_wconf 80' lang='lat' dir='ltr'><strong>significationem.</strong></span> <span class='ocrx_word' id='word_1_33' title='bbox 1018 611 1116 688; x_wconf 80' lang='lat' dir='ltr'><strong>Nepos</strong></span> <span class='ocrx_word' id='word_1_34' title='bbox 1138 611 1285 689; x_wconf 83' lang='lat' dir='ltr'><strong>quomodo</strong></span> <span class='ocrx_word' id='word_1_35' title='bbox 1313 619 1359 671; x_wconf 89' lang='lat' dir='ltr'><strong>est</strong></span> <span class='ocrx_word' id='word_1_36' title='bbox 1388 611 1493 670; x_wconf 91' lang='lat' dir='ltr'><strong>homo·</strong></span> 
     </span>
     <span class='ocr_line' id='line_1_5' title="bbox 199 695 1494 781; baseline -0.006 -20"><span class='ocrx_word' id='word_1_37' title='bbox 199 700 338 781; x_wconf 81' lang='lat' dir='ltr'><strong>uymum?</strong></span> <span class='ocrx_word' id='word_1_38' title='bbox 384 699 480 776; x_wconf 85' lang='lat' dir='ltr'><strong>Nepos</strong></span> <span class='ocrx_word' id='word_1_39' title='bbox 503 698 609 758; x_wconf 75' lang='lat' dir='ltr'><strong>dIcitur</strong></span> <span class='ocrx_word' id='word_1_40' title='bbox 632 697 709 758; x_wconf 90' lang='lat' dir='ltr'><strong>lilius</strong></span> <span class='ocrx_word' id='word_1_41' title='bbox 731 696 781 756; x_wconf 85' lang='lat' dir='ltr'><strong>dlii</strong></span> <span class='ocrx_word' id='word_1_42' title='bbox 806 705 835 756; x_wconf 87' lang='lat' dir='ltr'><strong>et</strong></span> <span class='ocrx_word' id='word_1_43' title='bbox 856 715 949 773; x_wconf 88' lang='lat' dir='ltr'><strong>nepos</strong></span> <span class='ocrx_word' id='word_1_44' title='bbox 971 697 1078 756; x_wconf 88' lang='lat' dir='ltr'><strong>dicitur</strong></span> <span class='ocrx_word' id='word_1_45' title='bbox 1094 696 1237 774; x_wconf 83' lang='lat' dir='ltr'><strong>prodigus</strong></span> <span class='ocrx_word' id='word_1_46' title='bbox 1252 695 1299 755; x_wconf 91' lang='lat' dir='ltr'><strong>uel</strong></span> <span class='ocrx_word' id='word_1_47' title='bbox 1316 695 1494 764; x_wconf 80' lang='lat' dir='ltr'><strong>luxoriosus,</strong></span> 
     </span>
     <span class='ocr_line' id='line_1_6' title="bbox 199 779 1520 863; baseline -0.005 -21"><span class='ocrx_word' id='word_1_48' title='bbox 199 786 249 863; x_wconf 78' lang='lat' dir='ltr'><strong>qui</strong></span> <span class='ocrx_word' id='word_1_49' title='bbox 272 784 348 844; x_wconf 87' lang='lat' dir='ltr'><strong>rualc</strong></span> <span class='ocrx_word' id='word_1_50' title='bbox 372 784 501 844; x_wconf 79' lang='lat' dir='ltr'><strong>caluendo</strong></span> <span class='ocrx_word' id='word_1_51' title='bbox 524 802 606 843; x_wconf 88' lang='lat' dir='ltr'><strong>suam</strong></span> <span class='ocrx_word' id='word_1_52' title='bbox 628 781 822 843; x_wconf 73' lang='lat' dir='ltr'><strong>substantiam</strong></span> <span class='ocrx_word' id='word_1_53' title='bbox 846 781 1008 841; x_wconf 81' lang='lat' dir='ltr'><strong>defraudat.</strong></span> <span class='ocrx_word' id='word_1_54' title='bbox 1048 783 1087 841; x_wconf 84' lang='lat' dir='ltr'><strong>lla</strong></span> <span class='ocrx_word' id='word_1_55' title='bbox 1111 784 1173 841; x_wconf 85' lang='lat' dir='ltr'><strong>eius</strong></span> <span class='ocrx_word' id='word_1_56' title='bbox 1194 779 1371 859; x_wconf 86' lang='lat' dir='ltr'><strong>uxernplum.</strong></span> <span class='ocrx_word' id='word_1_57' title='bbox 1419 781 1520 841; x_wconf 76' lang='lat' dir='ltr'><strong>Ilici-s</strong></span> 
     </span>
     <span class='ocr_line' id='line_1_7' title="bbox 199 866 1494 947; baseline -0.003 -17"><span class='ocrx_word' id='word_1_58' title='bbox 199 878 246 930; x_wconf 89' lang='lat' dir='ltr'><strong>tur</strong></span> <span class='ocrx_word' id='word_1_59' title='bbox 270 879 299 929; x_wconf 91' lang='lat' dir='ltr'><strong>ct</strong></span> <span class='ocrx_word' id='word_1_60' title='bbox 327 876 518 946; x_wconf 78' lang='lat' dir='ltr'><strong>consumptor</strong></span> <span class='ocrx_word' id='word_1_61' title='bbox 547 886 654 947; x_wconf 89' lang='lat' dir='ltr'><strong>nepos,</strong></span> <span class='ocrx_word' id='word_1_62' title='bbox 684 868 733 946; x_wconf 85' lang='lat' dir='ltr'><strong>qui</strong></span> <span class='ocrx_word' id='word_1_63' title='bbox 763 885 886 927; x_wconf 90' lang='lat' dir='ltr'><strong>auorum</strong></span> <span class='ocrx_word' id='word_1_64' title='bbox 916 875 946 926; x_wconf 91' lang='lat' dir='ltr'><strong>et</strong></span> <span class='ocrx_word' id='word_1_65' title='bbox 975 868 1141 944; x_wconf 87' lang='lat' dir='ltr'><strong>parentium</strong></span> <span class='ocrx_word' id='word_1_66' title='bbox 1171 866 1296 925; x_wconf 89' lang='lat' dir='ltr'><strong>deuorat</strong></span> <span class='ocrx_word' id='word_1_67' title='bbox 1323 873 1436 926; x_wconf 88' lang='lat' dir='ltr'><strong>terram</strong></span> <span class='ocrx_word' id='word_1_68' title='bbox 1464 868 1494 927; x_wconf 91' lang='lat' dir='ltr'><strong>iu</strong></span> 
     </span>
     <span class='ocr_line' id='line_1_8' title="bbox 200 951 1495 1032; baseline -0.003 -18"><span class='ocrx_word' id='word_1_69' title='bbox 200 972 282 1014; x_wconf 88' lang='lat' dir='ltr'><strong>more</strong></span> <span class='ocrx_word' id='word_1_70' title='bbox 306 954 430 1031; x_wconf 88' lang='lat' dir='ltr'><strong>scorpii,</strong></span> <span class='ocrx_word' id='word_1_71' title='bbox 453 952 501 1032; x_wconf 74' lang='grc' dir='ltr'><strong>(μή</strong></span> <span class='ocrx_word' id='word_1_72' title='bbox 524 952 669 1012; x_wconf 82' lang='lat' dir='ltr'><strong>‹leuorant</strong></span> <span class='ocrx_word' id='word_1_73' title='bbox 691 959 811 1012; x_wconf 88' lang='lat' dir='ltr'><strong>terram.</strong></span> <span class='ocrx_word' id='word_1_74' title='bbox 857 952 972 1031; x_wconf 86' lang='lat' dir='ltr'><strong>Scorpii</strong></span> <span class='ocrx_word' id='word_1_75' title='bbox 995 953 1072 1011; x_wconf 82' lang='lat' dir='ltr'><strong>onitu</strong></span> <span class='ocrx_word' id='word_1_76' title='bbox 1098 970 1170 1011; x_wconf 82' lang='lat' dir='ltr'><strong>uxor</strong></span> <span class='ocrx_word' id='word_1_77' title='bbox 1194 969 1268 1029; x_wconf 76' lang='lat' dir='ltr'><strong>nepta</strong></span> <span class='ocrx_word' id='word_1_78' title='bbox 1292 951 1369 1010; x_wconf 91' lang='lat' dir='ltr'><strong>dicta</strong></span> <span class='ocrx_word' id='word_1_79' title='bbox 1393 959 1495 1019; x_wconf 87' lang='lat' dir='ltr'><strong>est,a</strong></span> 
     </span>
     <span class='ocr_line' id='line_1_9' title="bbox 200 1036 1495 1116; baseline -0.005 -17"><span class='ocrx_word' id='word_1_80' title='bbox 200 1057 259 1116; x_wconf 89' lang='lat' dir='ltr'><strong>quo</strong></span> <span class='ocrx_word' id='word_1_81' title='bbox 282 1045 404 1115; x_wconf 88' lang='lat' dir='ltr'><strong>nepotes</strong></span> <span class='ocrx_word' id='word_1_82' title='bbox 428 1047 538 1098; x_wconf 89' lang='lat' dir='ltr'><strong>terram</strong></span> <span class='ocrx_word' id='word_1_83' title='bbox 562 1037 749 1097; x_wconf 77' lang='lat' dir='ltr'><strong>damnantes.</strong></span> <span class='ocrx_word' id='word_1_84' title='bbox 795 1036 929 1096; x_wconf 86' lang='lat' dir='ltr'><strong>Cicero</strong></span> <span class='ocrx_word' id='word_1_85' title='bbox 950 1039 986 1096; x_wconf 90' lang='lat' dir='ltr'><strong>in</strong></span> <span class='ocrx_word' id='word_1_86' title='bbox 1009 1036 1220 1096; x_wconf 72' lang='lat' dir='ltr'><strong>Catilinam:</strong></span> <span class='ocrx_word' id='word_1_87' title='bbox 1251 1037 1353 1115; x_wconf 88' lang='lat' dir='ltr'><strong>‘quis</strong></span> <span class='ocrx_word' id='word_1_88' title='bbox 1375 1053 1495 1114; x_wconf 82' lang='lat' dir='ltr'><strong>ganeo</strong></span> 
     </span>
     <span class='ocr_line' id='line_1_10' title="bbox 199 1120 1495 1201; baseline -0.005 -16"><span class='ocrx_word' id='word_1_89' title='bbox 199 1132 263 1185; x_wconf 83' lang='lat' dir='ltr'><strong>atrt</strong></span> <span class='ocrx_word' id='word_1_90' title='bbox 302 1124 383 1201; x_wconf 73' lang='lat' dir='ltr'><strong>(ptris</strong></span> <span class='ocrx_word' id='word_1_91' title='bbox 416 1126 561 1200; x_wconf 90' lang='lat' dir='ltr'><strong>nepos’.</strong></span> <span class='ocrx_word' id='word_1_92' title='bbox 618 1123 701 1182; x_wconf 75' lang='lat' dir='ltr'><strong>Acies</strong></span> <span class='ocrx_word' id='word_1_93' title='bbox 736 1120 883 1199; x_wconf 87' lang='lat' dir='ltr'><strong>quomodo</strong></span> <span class='ocrx_word' id='word_1_94' title='bbox 917 1129 961 1181; x_wconf 86' lang='lat' dir='ltr'><strong>est</strong></span> <span class='ocrx_word' id='word_1_95' title='bbox 994 1120 1222 1199; x_wconf 83' lang='lat' dir='ltr'><strong>homonymum?</strong></span> <span class='ocrx_word' id='word_1_96' title='bbox 1272 1123 1358 1181; x_wconf 79' lang='lat' dir='ltr'><strong>Acies</strong></span> <span class='ocrx_word' id='word_1_97' title='bbox 1385 1121 1495 1181; x_wconf 88' lang='lat' dir='ltr'><strong>dicitur</strong></span> 
     </span>
     <span class='ocr_line' id='line_1_11' title="bbox 201 1205 1533 1284; baseline -0.003 -15"><span class='ocrx_word' id='word_1_98' title='bbox 201 1209 356 1278; x_wconf 80' lang='lat' dir='ltr'><strong>exercitus,</strong></span> <span class='ocrx_word' id='word_1_99' title='bbox 380 1209 459 1267; x_wconf 86' lang='lat' dir='ltr'><strong>acies</strong></span> <span class='ocrx_word' id='word_1_100' title='bbox 482 1206 646 1275; x_wconf 83' lang='lat' dir='ltr'><strong>aridorum,</strong></span> <span class='ocrx_word' id='word_1_101' title='bbox 670 1208 748 1267; x_wconf 89' lang='lat' dir='ltr'><strong>acies</strong></span> <span class='ocrx_word' id='word_1_102' title='bbox 770 1206 851 1266; x_wconf 88' lang='lat' dir='ltr'><strong>lerri.</strong></span> <span class='ocrx_word' id='word_1_103' title='bbox 897 1206 936 1265; x_wconf 88' lang='lat' dir='ltr'><strong>lla</strong></span> <span class='ocrx_word' id='word_1_104' title='bbox 960 1205 1126 1284; x_wconf 81' lang='lat' dir='ltr'><strong>exemplum</strong></span> <span class='ocrx_word' id='word_1_105' title='bbox 1150 1207 1304 1267; x_wconf 82' lang='lat' dir='ltr'><strong>exercitus.</strong></span> <span class='ocrx_word' id='word_1_106' title='bbox 1510 1222 1533 1259; x_wconf 77' lang='grc' dir='ltr'>ω</span> 
     </span>
    </p>
   </div>
   <div class='ocr_carea' id='block_1_3' title="bbox 202 1307 1535 1727">
    <p class='ocr_par' dir='ltr' id='par_1_3' title="bbox 202 1307 1535 1727">
     <span class='ocr_line' id='line_1_12' title="bbox 376 1307 1320 1388; baseline -0.001 -19"><span class='ocrx_word' id='word_1_107' title='bbox 376 1308 470 1369; x_wconf 89' lang='lat' dir='ltr'><strong>llinc</strong></span> <span class='ocrx_word' id='word_1_108' title='bbox 492 1310 592 1370; x_wconf 87' lang='lat' dir='ltr'><strong>acies</strong></span> <span class='ocrx_word' id='word_1_109' title='bbox 615 1318 727 1388; x_wconf 84' lang='lat' dir='ltr'><strong>atque</strong></span> <span class='ocrx_word' id='word_1_110' title='bbox 750 1308 833 1367; x_wconf 91' lang='lat' dir='ltr'><strong>hinc</strong></span> <span class='ocrx_word' id='word_1_111' title='bbox 857 1310 957 1367; x_wconf 87' lang='lat' dir='ltr'><strong>acies</strong></span> <span class='ocrx_word' id='word_1_112' title='bbox 980 1307 1131 1369; x_wconf 88' lang='lat' dir='ltr'><strong>adstare</strong></span> <span class='ocrx_word' id='word_1_113' title='bbox 1154 1307 1320 1368; x_wconf 82' lang='lat' dir='ltr'><strong>Latiuas</strong></span> 
     </span>
     <span class='ocr_line' id='line_1_13' title="bbox 208 1397 348 1457; baseline -0.014 0"><span class='ocrx_word' id='word_1_114' title='bbox 208 1397 248 1457; x_wconf 83' lang='lat' dir='ltr'><strong>ua</strong></span> <span class='ocrx_word' id='word_1_115' title='bbox 265 1397 348 1457; x_wconf 89' lang='lat' dir='ltr'><strong>lerri.</strong></span> 
     </span>
     <span class='ocr_line' id='line_1_14' title="bbox 492 1478 1205 1539; baseline 0.001 -2"><span class='ocrx_word' id='word_1_116' title='bbox 492 1480 571 1539; x_wconf 86' lang='lat' dir='ltr'><strong>Stat</strong></span> <span class='ocrx_word' id='word_1_117' title='bbox 593 1478 687 1538; x_wconf 91' lang='lat' dir='ltr'><strong>lerri</strong></span> <span class='ocrx_word' id='word_1_118' title='bbox 710 1479 814 1538; x_wconf 85' lang='lat' dir='ltr'><strong>acies</strong></span> <span class='ocrx_word' id='word_1_119' title='bbox 838 1494 1012 1537; x_wconf 90' lang='lat' dir='ltr'><strong>mucrone</strong></span> <span class='ocrx_word' id='word_1_120' title='bbox 1036 1495 1205 1538; x_wconf 87' lang='lat' dir='ltr'><strong>corusco.</strong></span> 
     </span>
     <span class='ocr_line' id='line_1_15' title="bbox 202 1564 429 1626; baseline -0.013 0"><span class='ocrx_word' id='word_1_121' title='bbox 202 1566 242 1626; x_wconf 86' lang='lat' dir='ltr'><strong>Da</strong></span> <span class='ocrx_word' id='word_1_122' title='bbox 265 1564 429 1625; x_wconf 87' lang='lat' dir='ltr'><strong>oculorum.</strong></span> 
     </span>
     <span class='ocr_line' id='line_1_16' title="bbox 297 1646 1535 1727; baseline -0.001 -18"><span class='ocrx_word' id='word_1_123' title='bbox 297 1650 374 1709; x_wconf 91' lang='lat' dir='ltr'><strong>lluc</strong></span> <span class='ocrx_word' id='word_1_124' title='bbox 396 1648 561 1726; x_wconf 80' lang='lat' dir='ltr'><strong>gemiuas</strong></span> <span class='ocrx_word' id='word_1_125' title='bbox 584 1665 680 1707; x_wconf 91' lang='lat' dir='ltr'><strong>nuuc</strong></span> <span class='ocrx_word' id='word_1_126' title='bbox 703 1646 816 1707; x_wconf 90' lang='lat' dir='ltr'><strong>llocte</strong></span> <span class='ocrx_word' id='word_1_127' title='bbox 839 1649 955 1715; x_wconf 86' lang='lat' dir='ltr'><strong>acies,</strong></span> <span class='ocrx_word' id='word_1_128' title='bbox 979 1647 1071 1708; x_wconf 88' lang='lat' dir='ltr'><strong>hanc</strong></span> <span class='ocrx_word' id='word_1_129' title='bbox 1093 1649 1220 1727; x_wconf 81' lang='lat' dir='ltr'><strong>aspice</strong></span> <span class='ocrx_word' id='word_1_130' title='bbox 1243 1655 1397 1726; x_wconf 81' lang='lat' dir='ltr'><strong>gentem.</strong></span> <span class='ocrx_word' id='word_1_131' title='bbox 1512 1662 1535 1700; x_wconf 78' lang='lat'><strong>¹⁵</strong></span> 
     </span>
    </p>
   </div>
   <div class='ocr_carea' id='block_1_4' title="bbox 205 1748 1497 1919">
    <p class='ocr_par' dir='ltr' id='par_1_4' title="bbox 205 1748 1497 1919">
     <span class='ocr_line' id='line_1_17' title="bbox 205 1748 1497 1830; baseline -0.002 -19"><span class='ocrx_word' id='word_1_132' title='bbox 205 1753 289 1811; x_wconf 79' lang='lat' dir='ltr'><strong>Aries</strong></span> <span class='ocrx_word' id='word_1_133' title='bbox 311 1749 459 1830; x_wconf 86' lang='lat' dir='ltr'><strong>quomodo</strong></span> <span class='ocrx_word' id='word_1_134' title='bbox 487 1756 531 1809; x_wconf 88' lang='lat' dir='ltr'><strong>ost</strong></span> <span class='ocrx_word' id='word_1_135' title='bbox 559 1748 787 1829; x_wconf 81' lang='lat' dir='ltr'><strong>homonymum?</strong></span> <span class='ocrx_word' id='word_1_136' title='bbox 829 1752 913 1810; x_wconf 74' lang='lat' dir='ltr'><strong>Aries</strong></span> <span class='ocrx_word' id='word_1_137' title='bbox 942 1749 1048 1808; x_wconf 88' lang='lat' dir='ltr'><strong>dicitur</strong></span> <span class='ocrx_word' id='word_1_138' title='bbox 1077 1768 1186 1810; x_wconf 86' lang='lat' dir='ltr'><strong>ueruex</strong></span> <span class='ocrx_word' id='word_1_139' title='bbox 1216 1758 1246 1809; x_wconf 88' lang='lat' dir='ltr'><strong>et</strong></span> <span class='ocrx_word' id='word_1_140' title='bbox 1272 1751 1350 1810; x_wconf 88' lang='lat' dir='ltr'><strong>aries</strong></span> <span class='ocrx_word' id='word_1_141' title='bbox 1378 1749 1497 1823; x_wconf 81' lang='lat' dir='ltr'><strong>die-itur,</strong></span> 
     </span>
     <span class='ocr_line' id='line_1_18' title="bbox 207 1832 1178 1919; baseline -0.004 -23"><span class='ocrx_word' id='word_1_142' title='bbox 207 1836 284 1914; x_wconf 88' lang='lat' dir='ltr'><strong>quod</strong></span> <span class='ocrx_word' id='word_1_143' title='bbox 308 1852 404 1914; x_wconf 79' lang='lat' dir='ltr'><strong>genus</strong></span> <span class='ocrx_word' id='word_1_144' title='bbox 427 1841 471 1894; x_wconf 88' lang='lat' dir='ltr'><strong>est</strong></span> <span class='ocrx_word' id='word_1_145' title='bbox 493 1834 732 1903; x_wconf 82' lang='lat' dir='ltr'><strong>machinamenti,</strong></span> <span class='ocrx_word' id='word_1_146' title='bbox 757 1832 957 1919; x_wconf 86' lang='lat' dir='ltr'><strong>nudemurus</strong></span> <span class='ocrx_word' id='word_1_147' title='bbox 979 1842 1178 1913; x_wconf 81' lang='lat' dir='ltr'><strong>expugnatur:</strong></span> 
     </span>
    </p>
   </div>
   <div class='ocr_carea' id='block_1_5' title="bbox 204 2001 1537 2593">
    <p class='ocr_par' dir='ltr' id='par_1_5' title="bbox 204 2001 1537 2593">
     <span class='ocr_line' id='line_1_19' title="bbox 289 2001 1497 2087; baseline 0.001 -22"><span class='ocrx_word' id='word_1_148' title='bbox 289 2003 301 2087; x_wconf 73' lang='lat' dir='ltr'><strong>ll</strong></span> <span class='ocrx_word' id='word_1_149' title='bbox 325 2005 345 2065; x_wconf 88' lang='lat' dir='ltr'><strong>l.</strong></span> <span class='ocrx_word' id='word_1_150' title='bbox 368 2001 430 2065; x_wconf 72' lang='lat'><strong>84¹&gt;</strong></span> <span class='ocrx_word' id='word_1_151' title='bbox 447 2002 459 2085; x_wconf 87' lang='lat' dir='ltr'><strong>d</strong></span> <span class='ocrx_word' id='word_1_152' title='bbox 480 2004 559 2063; x_wconf 90' lang='lat' dir='ltr'><strong>luter</strong></span> <span class='ocrx_word' id='word_1_153' title='bbox 582 2011 689 2083; x_wconf 84' lang='lat' dir='ltr'><strong>quotus</strong></span> <span class='ocrx_word' id='word_1_154' title='bbox 718 2011 747 2063; x_wconf 90' lang='lat' dir='ltr'><strong>ot</strong></span> <span class='ocrx_word' id='word_1_155' title='bbox 775 2011 853 2064; x_wconf 90' lang='lat' dir='ltr'><strong>totus</strong></span> <span class='ocrx_word' id='word_1_156' title='bbox 882 2012 928 2063; x_wconf 89' lang='lat' dir='ltr'><strong>est</strong></span> <span class='ocrx_word' id='word_1_157' title='bbox 954 2002 1050 2081; x_wconf 83' lang='lat' dir='ltr'><strong>aliqua</strong></span> <span class='ocrx_word' id='word_1_158' title='bbox 1079 2003 1218 2064; x_wconf 87' lang='lat' dir='ltr'><strong>discretio</strong></span> <span class='ocrx_word' id='word_1_159' title='bbox 1246 2022 1283 2064; x_wconf 92' lang='lat' dir='ltr'><strong>au</strong></span> <span class='ocrx_word' id='word_1_160' title='bbox 1312 2006 1390 2066; x_wconf 86' lang='lat' dir='ltr'><strong>non?</strong></span> <span class='ocrx_word' id='word_1_161' title='bbox 1436 2006 1497 2066; x_wconf 80' lang='lat' dir='ltr'><strong>Est.</strong></span> 
     </span>
     <span class='ocr_line' id='line_1_20' title="bbox 204 2087 1498 2170; baseline -0.002 -18"><span class='ocrx_word' id='word_1_162' title='bbox 204 2089 377 2162; x_wconf 86' lang='lat' dir='ltr'><strong>Quomodo?</strong></span> <span class='ocrx_word' id='word_1_163' title='bbox 421 2089 514 2149; x_wconf 86' lang='lat' dir='ltr'><strong>Totus</strong></span> <span class='ocrx_word' id='word_1_164' title='bbox 536 2087 622 2148; x_wconf 90' lang='lat' dir='ltr'><strong>etad</strong></span> <span class='ocrx_word' id='word_1_165' title='bbox 647 2088 781 2149; x_wconf 83' lang='lat' dir='ltr'><strong>ordinem</strong></span> <span class='ocrx_word' id='word_1_166' title='bbox 804 2089 933 2168; x_wconf 88' lang='lat' dir='ltr'><strong>pertinet</strong></span> <span class='ocrx_word' id='word_1_167' title='bbox 955 2095 983 2148; x_wconf 88' lang='lat' dir='ltr'><strong>ct</strong></span> <span class='ocrx_word' id='word_1_168' title='bbox 1005 2088 1040 2149; x_wconf 87' lang='lat' dir='ltr'><strong>ad</strong></span> <span class='ocrx_word' id='word_1_169' title='bbox 1064 2106 1236 2156; x_wconf 74' lang='lat' dir='ltr'><strong>intimorum,</strong></span> <span class='ocrx_word' id='word_1_170' title='bbox 1260 2098 1368 2170; x_wconf 87' lang='lat' dir='ltr'><strong>quotus</strong></span> <span class='ocrx_word' id='word_1_171' title='bbox 1391 2089 1427 2150; x_wconf 91' lang='lat' dir='ltr'><strong>ad</strong></span> <span class='ocrx_word' id='word_1_172' title='bbox 1452 2110 1498 2151; x_wconf 90' lang='lat' dir='ltr'><strong>or-</strong></span> 
     </span>
     <span class='ocr_line' id='line_1_21' title="bbox 204 2171 1537 2253; baseline 0 -18"><span class='ocrx_word' id='word_1_173' title='bbox 204 2177 304 2235; x_wconf 90' lang='lat' dir='ltr'><strong>diucm</strong></span> <span class='ocrx_word' id='word_1_174' title='bbox 325 2183 448 2235; x_wconf 85' lang='lat' dir='ltr'><strong>tantum.</strong></span> <span class='ocrx_word' id='word_1_175' title='bbox 496 2173 667 2244; x_wconf 81' lang='lat' dir='ltr'><strong>Quomodo?</strong></span> <span class='ocrx_word' id='word_1_176' title='bbox 711 2172 781 2234; x_wconf 84' lang='lat' dir='ltr'><strong>Puta</strong></span> <span class='ocrx_word' id='word_1_177' title='bbox 804 2176 829 2233; x_wconf 92' lang='lat' dir='ltr'><strong>si</strong></span> <span class='ocrx_word' id='word_1_178' title='bbox 852 2172 930 2234; x_wconf 80' lang='lat' dir='ltr'><strong>(licat</strong></span> <span class='ocrx_word' id='word_1_179' title='bbox 959 2171 1076 2253; x_wconf 84' lang='lat' dir='ltr'><strong>aliquis:</strong></span> <span class='ocrx_word' id='word_1_180' title='bbox 1108 2175 1241 2251; x_wconf 69' lang='lat' dir='ltr'><strong>‘uicinius</strong></span> <span class='ocrx_word' id='word_1_181' title='bbox 1270 2183 1314 2235; x_wconf 91' lang='lat' dir='ltr'><strong>cst</strong></span> <span class='ocrx_word' id='word_1_182' title='bbox 1337 2174 1448 2237; x_wconf 87' lang='lat' dir='ltr'><strong>Vineila</strong></span> <span class='ocrx_word' id='word_1_183' title='bbox 1472 2177 1537 2236; x_wconf 78' lang='lat' dir='ltr'><strong>ino</strong></span> 
     </span>
     <span class='ocr_line' id='line_1_22' title="bbox 207 2258 1501 2337; baseline 0.001 -18"><span class='ocrx_word' id='word_1_184' title='bbox 207 2259 312 2319; x_wconf 91' lang='lat' dir='ltr'><strong>ordine</strong></span> <span class='ocrx_word' id='word_1_185' title='bbox 335 2262 412 2328; x_wconf 87' lang='lat' dir='ltr'><strong>suo’,</strong></span> <span class='ocrx_word' id='word_1_186' title='bbox 443 2258 509 2318; x_wconf 89' lang='lat' dir='ltr'><strong>dico</strong></span> <span class='ocrx_word' id='word_1_187' title='bbox 533 2276 588 2337; x_wconf 81' lang='lat' dir='ltr'><strong>ego</strong></span> <span class='ocrx_word' id='word_1_188' title='bbox 616 2275 762 2318; x_wconf 88' lang='lat' dir='ltr'><strong>consensu</strong></span> <span class='ocrx_word' id='word_1_189' title='bbox 793 2259 884 2318; x_wconf 87' lang='lat' dir='ltr'><strong>animi</strong></span> <span class='ocrx_word' id='word_1_190' title='bbox 913 2261 972 2318; x_wconf 87' lang='lat' dir='ltr'><strong>mei</strong></span> <span class='ocrx_word' id='word_1_191' title='bbox 994 2260 1106 2329; x_wconf 79' lang='lat' dir='ltr'><strong>‘totus’,</strong></span> <span class='ocrx_word' id='word_1_192' title='bbox 1137 2259 1212 2318; x_wconf 82' lang='lat' dir='ltr'><strong>idest</strong></span> <span class='ocrx_word' id='word_1_193' title='bbox 1233 2261 1287 2319; x_wconf 86' lang='lat' dir='ltr'><strong>‘sio</strong></span> <span class='ocrx_word' id='word_1_194' title='bbox 1309 2263 1375 2319; x_wconf 86' lang='lat' dir='ltr'><strong>est&#39;.</strong></span> <span class='ocrx_word' id='word_1_195' title='bbox 1420 2260 1501 2332; x_wconf 92' lang='lat' dir='ltr'><strong>Quot</strong></span> 
     </span>
     <span class='ocr_line' id='line_1_23' title="bbox 206 2342 1500 2422; baseline 0.001 -18"><span class='ocrx_word' id='word_1_196' title='bbox 206 2343 379 2404; x_wconf 88' lang='lat' dir='ltr'><strong>naturaliter</strong></span> <span class='ocrx_word' id='word_1_197' title='bbox 402 2342 495 2405; x_wconf 89' lang='lat' dir='ltr'><strong>hrcuo</strong></span> <span class='ocrx_word' id='word_1_198' title='bbox 518 2353 577 2413; x_wconf 83' lang='lat' dir='ltr'><strong>est,</strong></span> <span class='ocrx_word' id='word_1_199' title='bbox 601 2351 718 2422; x_wconf 86' lang='lat' dir='ltr'><strong>quotus,</strong></span> <span class='ocrx_word' id='word_1_200' title='bbox 742 2343 819 2419; x_wconf 83' lang='lat' dir='ltr'><strong>quod</strong></span> <span class='ocrx_word' id='word_1_201' title='bbox 842 2343 911 2403; x_wconf 90' lang='lat' dir='ltr'><strong>inde</strong></span> <span class='ocrx_word' id='word_1_202' title='bbox 933 2343 1099 2413; x_wconf 89' lang='lat' dir='ltr'><strong>descendit,</strong></span> <span class='ocrx_word' id='word_1_203' title='bbox 1128 2345 1272 2419; x_wconf 78' lang='lat' dir='ltr'><strong>originem</strong></span> <span class='ocrx_word' id='word_1_204' title='bbox 1300 2353 1402 2405; x_wconf 86' lang='lat' dir='ltr'><strong>seruat</strong></span> <span class='ocrx_word' id='word_1_205' title='bbox 1428 2363 1500 2406; x_wconf 83' lang='lat' dir='ltr'><strong>satae</strong></span> 
     </span>
     <span class='ocr_line' id='line_1_24' title="bbox 208 2426 1499 2509; baseline 0.002 -20"><span class='ocrx_word' id='word_1_206' title='bbox 208 2428 442 2509; x_wconf 77' lang='lat' dir='ltr'><strong>priupralitatis.</strong></span> <span class='ocrx_word' id='word_1_207' title='bbox 487 2427 543 2487; x_wconf 81' lang='lat' dir='ltr'><strong>&#39;Iot</strong></span> <span class='ocrx_word' id='word_1_208' title='bbox 565 2426 658 2488; x_wconf 88' lang='lat' dir='ltr'><strong>breue</strong></span> <span class='ocrx_word' id='word_1_209' title='bbox 682 2436 736 2496; x_wconf 90' lang='lat' dir='ltr'><strong>est,</strong></span> <span class='ocrx_word' id='word_1_210' title='bbox 759 2434 846 2497; x_wconf 88' lang='lat' dir='ltr'><strong>totus,</strong></span> <span class='ocrx_word' id='word_1_211' title='bbox 871 2428 948 2505; x_wconf 87' lang='lat' dir='ltr'><strong>quod</strong></span> <span class='ocrx_word' id='word_1_212' title='bbox 971 2427 1041 2488; x_wconf 88' lang='lat' dir='ltr'><strong>inde</strong></span> <span class='ocrx_word' id='word_1_213' title='bbox 1063 2428 1223 2497; x_wconf 87' lang='lat' dir='ltr'><strong>descondit,</strong></span> <span class='ocrx_word' id='word_1_214' title='bbox 1247 2437 1339 2489; x_wconf 87' lang='lat' dir='ltr'><strong>mutat</strong></span> <span class='ocrx_word' id='word_1_215' title='bbox 1353 2431 1499 2507; x_wconf 80' lang='lat' dir='ltr'><strong>originem</strong></span> 
     </span>
     <span class='ocr_line' id='line_1_25' title="bbox 206 2511 1213 2593; baseline -0.002 -19"><span class='ocrx_word' id='word_1_216' title='bbox 206 2532 276 2574; x_wconf 86' lang='lat' dir='ltr'><strong>suae</strong></span> <span class='ocrx_word' id='word_1_217' title='bbox 300 2511 532 2592; x_wconf 85' lang='lat' dir='ltr'><strong>principalitatis,</strong></span> <span class='ocrx_word' id='word_1_218' title='bbox 556 2513 621 2593; x_wconf 88' lang='lat' dir='ltr'><strong>quia</strong></span> <span class='ocrx_word' id='word_1_219' title='bbox 645 2512 765 2591; x_wconf 80' lang='lat' dir='ltr'><strong>longum</strong></span> <span class='ocrx_word' id='word_1_220' title='bbox 789 2520 841 2572; x_wconf 88' lang='lat' dir='ltr'><strong>est.</strong></span> <span class='ocrx_word' id='word_1_221' title='bbox 888 2513 927 2573; x_wconf 82' lang='lat' dir='ltr'><strong>lla</strong></span> <span class='ocrx_word' id='word_1_222' title='bbox 952 2516 1015 2573; x_wconf 90' lang='lat' dir='ltr'><strong>eius</strong></span> <span class='ocrx_word' id='word_1_223' title='bbox 1038 2512 1213 2591; x_wconf 89' lang='lat' dir='ltr'><strong>exemplum.</strong></span> 
     </span>
    </p>
   </div>
   <div class='ocr_carea' id='block_1_6' title="bbox 418 2611 1537 2692">
    <p class='ocr_par' dir='ltr' id='par_1_6' title="bbox 418 2611 1537 2692">
     <span class='ocr_line' id='line_1_26' title="bbox 418 2611 1537 2692; baseline -0.007 -17"><span class='ocrx_word' id='word_1_224' title='bbox 418 2615 531 2675; x_wconf 85' lang='lat' dir='ltr'><strong>Totus</strong></span> <span class='ocrx_word' id='word_1_225' title='bbox 554 2623 589 2675; x_wconf 91' lang='lat' dir='ltr'><strong>et</strong></span> <span class='ocrx_word' id='word_1_226' title='bbox 610 2611 674 2675; x_wconf 87' lang='lat' dir='ltr'><strong>ille</strong></span> <span class='ocrx_word' id='word_1_227' title='bbox 696 2614 778 2675; x_wconf 88' lang='lat' dir='ltr'><strong>dics</strong></span> <span class='ocrx_word' id='word_1_228' title='bbox 801 2622 835 2674; x_wconf 88' lang='lat' dir='ltr'><strong>et</strong></span> <span class='ocrx_word' id='word_1_229' title='bbox 857 2615 920 2692; x_wconf 85' lang='lat' dir='ltr'><strong>qui</strong></span> <span class='ocrx_word' id='word_1_230' title='bbox 940 2624 1119 2674; x_wconf 89' lang='lat' dir='ltr'><strong>nascetur</strong></span> <span class='ocrx_word' id='word_1_231' title='bbox 1142 2614 1184 2674; x_wconf 91' lang='lat' dir='ltr'><strong>ab</strong></span> <span class='ocrx_word' id='word_1_232' title='bbox 1207 2613 1284 2675; x_wconf 91' lang='lat' dir='ltr'><strong>illo.</strong></span> <span class='ocrx_word' id='word_1_233' title='bbox 1513 2630 1537 2669; x_wconf 72' lang='lat' dir='ltr'><strong>aa</strong></span> 
     </span>
    </p>
   </div>
   <div class='ocr_carea' id='block_1_7' title="bbox 679 2763 1024 2879">
    <p class='ocr_par' dir='ltr' id='par_1_7' title="bbox 679 2763 1024 2879">
     <span class='ocr_line' id='line_1_27' title="bbox 679 2763 1024 2879; baseline -0.003 -2"><span class='ocrx_word' id='word_1_234' title='bbox 679 2817 726 2878; x_wconf 86' lang='lat' dir='ltr'><strong>DE</strong></span> <span class='ocrx_word' id='word_1_235' title='bbox 749 2763 1024 2879; x_wconf 66' lang='lat' dir='ltr'><strong>contamino.</strong></span> 
     </span>
    </p>
   </div>
   <div class='ocr_carea' id='block_1_8' title="bbox 207 3001 1540 3424">
    <p class='ocr_par' dir='ltr' id='par_1_8' title="bbox 207 3001 1540 3424">
     <span class='ocr_line' id='line_1_28' title="bbox 295 3001 1501 3085; baseline 0.007 -22"><span class='ocrx_word' id='word_1_236' title='bbox 295 3002 307 3085; x_wconf 75' lang='lat' dir='ltr'><strong>ll</strong></span> <span class='ocrx_word' id='word_1_237' title='bbox 330 3005 351 3064; x_wconf 91' lang='lat' dir='ltr'><strong>l.</strong></span> <span class='ocrx_word' id='word_1_238' title='bbox 375 3001 437 3064; x_wconf 68' lang='lat'><strong>85¹»</strong></span> <span class='ocrx_word' id='word_1_239' title='bbox 460 3001 472 3085; x_wconf 86' lang='lat' dir='ltr'><strong>d</strong></span> <span class='ocrx_word' id='word_1_240' title='bbox 488 3006 584 3083; x_wconf 84' lang='lat' dir='ltr'><strong>Saepe</strong></span> <span class='ocrx_word' id='word_1_241' title='bbox 607 3014 705 3065; x_wconf 87' lang='lat' dir='ltr'><strong>autem</strong></span> <span class='ocrx_word' id='word_1_242' title='bbox 727 3005 936 3084; x_wconf 86' lang='lat' dir='ltr'><strong>conparatiuus</strong></span> <span class='ocrx_word' id='word_1_243' title='bbox 957 3004 1065 3082; x_wconf 83' lang='lat' dir='ltr'><strong>gradus</strong></span> <span class='ocrx_word' id='word_1_244' title='bbox 1087 3007 1280 3082; x_wconf 86' lang='lat' dir='ltr'><strong>praeponitur</strong></span> <span class='ocrx_word' id='word_1_245' title='bbox 1307 3006 1501 3085; x_wconf 85' lang='lat' dir='ltr'><strong>superlatiuo,</strong></span> 
     </span>
     <span class='ocr_line' id='line_1_29' title="bbox 207 3088 1502 3160; baseline 0.005 -11"><span class='ocrx_word' id='word_1_246' title='bbox 207 3098 239 3149; x_wconf 93' lang='lat' dir='ltr'><strong>ut</strong></span> <span class='ocrx_word' id='word_1_247' title='bbox 261 3088 379 3149; x_wconf 88' lang='lat' dir='ltr'><strong>stultior</strong></span> <span class='ocrx_word' id='word_1_248' title='bbox 401 3088 572 3149; x_wconf 88' lang='lat' dir='ltr'><strong>stultissimo</strong></span> <span class='ocrx_word' id='word_1_249' title='bbox 596 3097 624 3149; x_wconf 87' lang='lat' dir='ltr'><strong>et</strong></span> <span class='ocrx_word' id='word_1_250' title='bbox 646 3091 740 3150; x_wconf 89' lang='lat' dir='ltr'><strong>maior</strong></span> <span class='ocrx_word' id='word_1_251' title='bbox 756 3091 892 3150; x_wconf 79' lang='lat' dir='ltr'><strong>marimo.</strong></span> <span class='ocrx_word' id='word_1_252' title='bbox 929 3089 1101 3160; x_wconf 81' lang='lat' dir='ltr'><strong>Quomodo?</strong></span> <span class='ocrx_word' id='word_1_253' title='bbox 1139 3090 1286 3160; x_wconf 86' lang='lat' dir='ltr'><strong>Quantum</strong></span> <span class='ocrx_word' id='word_1_254' title='bbox 1303 3092 1338 3152; x_wconf 89' lang='lat' dir='ltr'><strong>ad</strong></span> <span class='ocrx_word' id='word_1_255' title='bbox 1354 3094 1502 3155; x_wconf 90' lang='lat' dir='ltr'><strong>rationem</strong></span> 
     </span>
     <span class='ocr_line' id='line_1_30' title="bbox 207 3173 1502 3255; baseline 0.005 -22"><span class='ocrx_word' id='word_1_256' title='bbox 207 3175 351 3253; x_wconf 88' lang='lat' dir='ltr'><strong>pertinet,</strong></span> <span class='ocrx_word' id='word_1_257' title='bbox 381 3175 479 3234; x_wconf 90' lang='lat' dir='ltr'><strong>iunior</strong></span> <span class='ocrx_word' id='word_1_258' title='bbox 502 3177 612 3236; x_wconf 88' lang='lat' dir='ltr'><strong>scuiori</strong></span> <span class='ocrx_word' id='word_1_259' title='bbox 634 3174 777 3254; x_wconf 80' lang='lat' dir='ltr'><strong>praeferri</strong></span> <span class='ocrx_word' id='word_1_260' title='bbox 802 3193 860 3235; x_wconf 90' lang='lat' dir='ltr'><strong>non</strong></span> <span class='ocrx_word' id='word_1_261' title='bbox 884 3173 985 3243; x_wconf 88' lang='lat' dir='ltr'><strong>dehet,</strong></span> <span class='ocrx_word' id='word_1_262' title='bbox 1017 3174 1068 3235; x_wconf 88' lang='lat' dir='ltr'><strong>sed</strong></span> <span class='ocrx_word' id='word_1_263' title='bbox 1096 3177 1197 3236; x_wconf 92' lang='lat' dir='ltr'><strong>iuueni</strong></span> <span class='ocrx_word' id='word_1_264' title='bbox 1225 3187 1326 3237; x_wconf 90' lang='lat' dir='ltr'><strong>contra</strong></span> <span class='ocrx_word' id='word_1_265' title='bbox 1357 3177 1502 3255; x_wconf 81' lang='lat' dir='ltr'><strong>regulam,</strong></span> 
     </span>
     <span class='ocr_line' id='line_1_31' title="bbox 209 3258 1540 3339; baseline 0.004 -20"><span class='ocrx_word' id='word_1_266' title='bbox 209 3259 261 3319; x_wconf 90' lang='lat' dir='ltr'><strong>uhi</strong></span> <span class='ocrx_word' id='word_1_267' title='bbox 284 3260 495 3335; x_wconf 88' lang='lat' dir='ltr'><strong>conparatiuus</strong></span> <span class='ocrx_word' id='word_1_268' title='bbox 516 3258 696 3338; x_wconf 82' lang='lat' dir='ltr'><strong>superlatiuo</strong></span> <span class='ocrx_word' id='word_1_269' title='bbox 719 3266 927 3339; x_wconf 88' lang='lat' dir='ltr'><strong>praeponatur.</strong></span> <span class='ocrx_word' id='word_1_270' title='bbox 972 3259 1012 3320; x_wconf 85' lang='lat' dir='ltr'><strong>lla</strong></span> <span class='ocrx_word' id='word_1_271' title='bbox 1042 3261 1105 3320; x_wconf 89' lang='lat' dir='ltr'><strong>eius</strong></span> <span class='ocrx_word' id='word_1_272' title='bbox 1127 3260 1304 3339; x_wconf 87' lang='lat' dir='ltr'><strong>exeruplum.</strong></span> <span class='ocrx_word' id='word_1_273' title='bbox 1348 3262 1540 3324; x_wconf 74' lang='lat' dir='ltr'><strong>Titurttusa</strong></span> 
     </span>
     <span class='ocr_line' id='line_1_32' title="bbox 208 3341 1032 3424; baseline 0 -20"><span class='ocrx_word' id='word_1_274' title='bbox 208 3345 253 3404; x_wconf 81' lang='lat' dir='ltr'><strong>alr</strong></span> <span class='ocrx_word' id='word_1_275' title='bbox 276 3341 492 3422; x_wconf 88' lang='lat' dir='ltr'><strong>pulcherrirnus</strong></span> <span class='ocrx_word' id='word_1_276' title='bbox 514 3361 648 3423; x_wconf 87' lang='lat' dir='ltr'><strong>corpore,</strong></span> <span class='ocrx_word' id='word_1_277' title='bbox 671 3344 723 3406; x_wconf 87' lang='lat' dir='ltr'><strong>sed</strong></span> <span class='ocrx_word' id='word_1_278' title='bbox 746 3343 901 3424; x_wconf 86' lang='lat' dir='ltr'><strong>pulchrior</strong></span> <span class='ocrx_word' id='word_1_279' title='bbox 924 3352 1032 3404; x_wconf 82' lang='lat' dir='ltr'><strong>urente.</strong></span> 
     </span>
    </p>
   </div>
   <div class='ocr_carea' id='block_1_9' title="bbox 209 3509 1543 3848">
    <p class='ocr_par' dir='ltr' id='par_1_9' title="bbox 209 3509 1543 3848">
     <span class='ocr_line' id='line_1_33' title="bbox 293 3509 1503 3596; baseline 0.003 -22"><span class='ocrx_word' id='word_1_280' title='bbox 293 3509 307 3593; x_wconf 75' lang='lat' dir='ltr'><strong>ll</strong></span> <span class='ocrx_word' id='word_1_281' title='bbox 331 3515 350 3574; x_wconf 90' lang='lat' dir='ltr'><strong>I.</strong></span> <span class='ocrx_word' id='word_1_282' title='bbox 374 3509 668 3595; x_wconf 62' lang='lat' dir='ltr'><strong>{impleturumque</strong></span> <span class='ocrx_word' id='word_1_283' title='bbox 691 3513 888 3593; x_wconf 82' lang='lat' dir='ltr'><strong>superlatqus</strong></span> <span class='ocrx_word' id='word_1_284' title='bbox 911 3532 964 3592; x_wconf 89' lang='lat' dir='ltr'><strong>pro</strong></span> <span class='ocrx_word' id='word_1_285' title='bbox 988 3517 1113 3593; x_wconf 89' lang='lat' dir='ltr'><strong>positiuo</strong></span> <span class='ocrx_word' id='word_1_286' title='bbox 1142 3516 1256 3594; x_wconf 90' lang='lat' dir='ltr'><strong>positus</strong></span> <span class='ocrx_word' id='word_1_287' title='bbox 1286 3519 1382 3578; x_wconf 74' lang='lat' dir='ltr'><strong>suiuus</strong></span> <span class='ocrx_word' id='word_1_288' title='bbox 1410 3520 1503 3596; x_wconf 85' lang='lat' dir='ltr'><strong>signi·</strong></span> 
     </span>
     <span class='ocr_line' id='line_1_34' title="bbox 209 3596 1504 3678; baseline 0.006 -21"><span class='ocrx_word' id='word_1_289' title='bbox 209 3599 279 3658; x_wconf 85' lang='lat' dir='ltr'><strong>Ircat</strong></span> <span class='ocrx_word' id='word_1_290' title='bbox 302 3606 332 3657; x_wconf 93' lang='lat' dir='ltr'><strong>ct</strong></span> <span class='ocrx_word' id='word_1_291' title='bbox 354 3596 426 3657; x_wconf 93' lang='lat' dir='ltr'><strong>nulli</strong></span> <span class='ocrx_word' id='word_1_292' title='bbox 450 3607 637 3677; x_wconf 85' lang='lat' dir='ltr'><strong>conparatur,</strong></span> <span class='ocrx_word' id='word_1_293' title='bbox 661 3606 692 3658; x_wconf 91' lang='lat' dir='ltr'><strong>ut</strong></span> <span class='ocrx_word' id='word_1_294' title='bbox 714 3598 845 3678; x_wconf 87' lang='lat' dir='ltr'><strong>luppiter</strong></span> <span class='ocrx_word' id='word_1_295' title='bbox 868 3600 996 3677; x_wconf 89' lang='lat' dir='ltr'><strong>optimus</strong></span> <span class='ocrx_word' id='word_1_296' title='bbox 1020 3602 1170 3660; x_wconf 78' lang='lat' dir='ltr'><strong>inanimus.</strong></span> <span class='ocrx_word' id='word_1_297' title='bbox 1216 3600 1388 3670; x_wconf 78' lang='lat' dir='ltr'><strong>Quomodo?</strong></span> <span class='ocrx_word' id='word_1_298' title='bbox 1427 3603 1504 3665; x_wconf 84' lang='lat' dir='ltr'><strong>louis</strong></span> 
     </span>
     <span class='ocr_line' id='line_1_35' title="bbox 209 3681 1504 3764; baseline 0.007 -24"><span class='ocrx_word' id='word_1_299' title='bbox 209 3681 372 3752; x_wconf 71' lang='lat' dir='ltr'><strong>‹licebatuc</strong></span> <span class='ocrx_word' id='word_1_300' title='bbox 404 3685 454 3760; x_wconf 85' lang='lat' dir='ltr'><strong>qui</strong></span> <span class='ocrx_word' id='word_1_301' title='bbox 483 3685 640 3761; x_wconf 88' lang='lat' dir='ltr'><strong>imperauit</strong></span> <span class='ocrx_word' id='word_1_302' title='bbox 663 3683 808 3744; x_wconf 82' lang='lat' dir='ltr'><strong>carnibus.</strong></span> <span class='ocrx_word' id='word_1_303' title='bbox 859 3684 921 3744; x_wconf 88' lang='lat' dir='ltr'><strong>llos</strong></span> <span class='ocrx_word' id='word_1_304' title='bbox 949 3694 1012 3744; x_wconf 89' lang='lat' dir='ltr'><strong>erat</strong></span> <span class='ocrx_word' id='word_1_305' title='bbox 1040 3686 1180 3764; x_wconf 85' lang='lat' dir='ltr'><strong>antiquis,</strong></span> <span class='ocrx_word' id='word_1_306' title='bbox 1210 3694 1242 3745; x_wconf 89' lang='lat' dir='ltr'><strong>ut</strong></span> <span class='ocrx_word' id='word_1_307' title='bbox 1269 3686 1338 3747; x_wconf 90' lang='lat' dir='ltr'><strong>dum</strong></span> <span class='ocrx_word' id='word_1_308' title='bbox 1368 3697 1504 3750; x_wconf 89' lang='lat' dir='ltr'><strong>mortuus</strong></span> 
     </span>
     <span class='ocr_line' id='line_1_36' title="bbox 212 3768 1543 3848; baseline 0.006 -21"><span class='ocrx_word' id='word_1_309' title='bbox 212 3769 316 3828; x_wconf 89' lang='lat' dir='ltr'><strong>luisset</strong></span> <span class='ocrx_word' id='word_1_310' title='bbox 339 3785 441 3827; x_wconf 90' lang='lat' dir='ltr'><strong>eorum</strong></span> <span class='ocrx_word' id='word_1_311' title='bbox 465 3769 615 3847; x_wconf 90' lang='lat' dir='ltr'><strong>princeps,</strong></span> <span class='ocrx_word' id='word_1_312' title='bbox 638 3769 673 3828; x_wconf 87' lang='lat' dir='ltr'><strong>ad</strong></span> <span class='ocrx_word' id='word_1_313' title='bbox 696 3768 918 3829; x_wconf 82' lang='lat' dir='ltr'><strong>sinulitudiuem</strong></span> <span class='ocrx_word' id='word_1_314' title='bbox 942 3771 1005 3829; x_wconf 91' lang='lat' dir='ltr'><strong>cius</strong></span> <span class='ocrx_word' id='word_1_315' title='bbox 1028 3771 1176 3848; x_wconf 85' lang='lat' dir='ltr'><strong>erigerem</strong></span> <span class='ocrx_word' id='word_1_316' title='bbox 1198 3779 1331 3842; x_wconf 88' lang='lat' dir='ltr'><strong>statuam,</strong></span> <span class='ocrx_word' id='word_1_317' title='bbox 1353 3781 1383 3833; x_wconf 90' lang='lat' dir='ltr'><strong>et</strong></span> <span class='ocrx_word' id='word_1_318' title='bbox 1398 3773 1543 3835; x_wconf 72' lang='lat' dir='ltr'><strong>adora-u</strong></span> 
     </span>
    </p>
   </div>
   <div class='ocr_carea' id='block_1_10' title="bbox 209 4055 1508 4806">
    <p class='ocr_par' dir='ltr' id='par_1_10' title="bbox 209 4055 1505 4253">
     <span class='ocr_line' id='line_1_37' title="bbox 210 4055 1505 4125; baseline 0.008 -22"><span class='ocrx_word' id='word_1_319' title='bbox 210 4058 343 4118; x_wconf 67' lang='lat' dir='ltr'><strong>explanat.</strong></span> <span class='ocrx_word' id='word_1_320' title='bbox 362 4057 387 4104; x_wconf 84' lang='lat' dir='ltr'><strong>iu</strong></span> <span class='ocrx_word' id='word_1_321' title='bbox 407 4056 532 4105; x_wconf 83' lang='lat' dir='ltr'><strong>Donotruu</strong></span> <span class='ocrx_word' id='word_1_322' title='bbox 550 4055 591 4105; x_wconf 81' lang='lat' dir='ltr'><strong>tiu.</strong></span> <span class='ocrx_word' id='word_1_323' title='bbox 610 4055 644 4104; x_wconf 94' lang='lat' dir='ltr'><strong>II</strong></span> <span class='ocrx_word' id='word_1_324' title='bbox 660 4071 687 4119; x_wconf 86' lang='lat' dir='ltr'><strong>p.</strong></span> <span class='ocrx_word' id='word_1_325' title='bbox 705 4056 766 4114; x_wconf 75' lang='lat'><strong>536,</strong></span> <span class='ocrx_word' id='word_1_326' title='bbox 781 4058 825 4104; x_wconf 75' lang='lat'><strong>28:</strong></span> <span class='ocrx_word' id='word_1_327' title='bbox 845 4055 894 4103; x_wconf 80' lang='lat' dir='ltr'><strong>alio</strong></span> <span class='ocrx_word' id='word_1_328' title='bbox 913 4066 1020 4105; x_wconf 80' lang='lat' dir='ltr'><strong>aetatem</strong></span> <span class='ocrx_word' id='word_1_329' title='bbox 1042 4070 1067 4105; x_wconf 88' lang='lat' dir='ltr'><strong>m</strong></span> <span class='ocrx_word' id='word_1_330' title='bbox 1086 4060 1168 4107; x_wconf 76' lang='lat' dir='ltr'><strong>hinnis</strong></span> <span class='ocrx_word' id='word_1_331' title='bbox 1188 4062 1291 4119; x_wconf 85' lang='lat' dir='ltr'><strong>trimus,</strong></span> <span class='ocrx_word' id='word_1_332' title='bbox 1310 4064 1378 4125; x_wconf 82' lang='lat' dir='ltr'><strong>quod</strong></span> <span class='ocrx_word' id='word_1_333' title='bbox 1395 4079 1426 4112; x_wconf 86' lang='lat' dir='ltr'><strong>eo</strong></span> <span class='ocrx_word' id='word_1_334' title='bbox 1443 4079 1505 4114; x_wconf 84' lang='lat' dir='ltr'><strong>con·</strong></span> 
     </span>
     <span class='ocr_line' id='line_1_38' title="bbox 209 4120 1502 4253; baseline 0.006 -79"><span class='ocrx_word' id='word_1_335' title='bbox 209 4120 322 4253; x_wconf 57' lang='lat' dir='ltr'><strong>ppohopi</strong></span> <span class='ocrx_word' id='word_1_336' title='bbox 334 4124 531 4240; x_wconf 51' lang='lat' dir='ltr'><strong>diripiantsquod</strong></span> <span class='ocrx_word' id='word_1_337' title='bbox 547 4125 639 4237; x_wconf 68' lang='lat' dir='ltr'><strong>¹rupilio</strong></span> <span class='ocrx_word' id='word_1_338' title='bbox 654 4124 721 4186; x_wconf 79' lang='lat' dir='ltr'><strong>sere,</strong></span> <span class='ocrx_word' id='word_1_339' title='bbox 741 4139 771 4171; x_wconf 77' lang='lat' dir='ltr'><strong>ut·</strong></span> <span class='ocrx_word' id='word_1_340' title='bbox 789 4124 894 4187; x_wconf 58' lang='lat' dir='ltr'><strong>,teratur</strong></span> <span class='ocrx_word' id='word_1_341' title='bbox 910 4142 937 4188; x_wconf 58' lang='lat' dir='ltr'><strong>p,</strong></span> <span class='ocrx_word' id='word_1_342' title='bbox 957 4129 1018 4175; x_wconf 81' lang='lat'><strong><em>535.</em></strong></span> <span class='ocrx_word' id='word_1_343' title='bbox 1037 4129 1102 4186; x_wconf 76' lang='lat'><strong>530,</strong></span> <span class='ocrx_word' id='word_1_344' title='bbox 1127 4129 1158 4175; x_wconf 87' lang='lat' dir='ltr'><strong>de</strong></span> <span class='ocrx_word' id='word_1_345' title='bbox 1181 4130 1365 4190; x_wconf 76' lang='lat' dir='ltr'><strong>ropaaominibus</strong></span> <span class='ocrx_word' id='word_1_346' title='bbox 1383 4132 1502 4194; x_wconf 78' lang='lat' dir='ltr'><strong>tradidit,</strong></span> 
     </span>
     <span class='ocr_line' id='line_1_39' title="bbox 211 4202 631 4241; baseline 0 -3"><span class='ocrx_word' id='word_1_347' title='bbox 211 4210 246 4240; x_wconf 80' lang='lat' dir='ltr'><strong>r.</strong></span> <span class='ocrx_word' id='word_1_348' title='bbox 266 4208 336 4241; x_wconf 81' lang='lat' dir='ltr'><strong>rnre</strong></span> <span class='ocrx_word' id='word_1_349' title='bbox 354 4207 370 4239; x_wconf 85' lang='lat' dir='ltr'><strong>a</strong></span> <span class='ocrx_word' id='word_1_350' title='bbox 406 4208 429 4240; x_wconf 86' lang='lat' dir='ltr'><strong>u.</strong></span> <span class='ocrx_word' id='word_1_351' title='bbox 516 4202 572 4239; x_wconf 85' lang='lat' dir='ltr'><strong>octo</strong></span> <span class='ocrx_word' id='word_1_352' title='bbox 590 4205 631 4239; x_wconf 86' lang='lat' dir='ltr'><strong>am</strong></span> 
     </span>
    </p>

    <p class='ocr_par' dir='ltr' id='par_1_11' title="bbox 210 4257 1508 4806">
     <span class='ocr_line' id='line_1_40' title="bbox 281 4257 1508 4323; baseline 0.007 -16"><span class='ocrx_word' id='word_1_353' title='bbox 281 4259 452 4315; x_wconf 85' lang='lat' dir='ltr'><strong>lomouima,</strong></span> <span class='ocrx_word' id='word_1_354' title='bbox 469 4275 569 4323; x_wconf 78' lang='lat' dir='ltr'><strong>semper</strong></span> <span class='ocrx_word' id='word_1_355' title='bbox 636 4257 769 4322; x_wconf 86' lang='lat' dir='ltr'><strong>3pluram</strong></span> <span class='ocrx_word' id='word_1_356' title='bbox 845 4260 952 4309; x_wconf 67' lang='lat' dir='ltr'><strong>osuam</strong></span> <span class='ocrx_word' id='word_1_357' title='bbox 971 4260 1043 4321; x_wconf 67' lang='lat' dir='ltr'><strong>suzim</strong></span> <span class='ocrx_word' id='word_1_358' title='bbox 1130 4264 1311 4312; x_wconf 76' lang='lat' dir='ltr'><strong>ticousumtor</strong></span> <span class='ocrx_word' id='word_1_359' title='bbox 1379 4266 1508 4316; x_wconf 87' lang='lat' dir='ltr'><strong>deuoraut</strong></span> 
     </span>
     <span class='ocr_line' id='line_1_41' title="bbox 211 4322 1505 4398; baseline 0.008 -23"><span class='ocrx_word' id='word_1_360' title='bbox 211 4327 264 4375; x_wconf 77' lang='lat' dir='ltr'><strong>Sin</strong></span> <span class='ocrx_word' id='word_1_361' title='bbox 278 4326 402 4375; x_wconf 88' lang='lat' dir='ltr'><strong>cantilena</strong></span> <span class='ocrx_word' id='word_1_362' title='bbox 413 4327 470 4388; x_wconf 76' lang='lat' dir='ltr'><strong>quis</strong></span> <span class='ocrx_word' id='word_1_363' title='bbox 484 4342 566 4389; x_wconf 75' lang='lat' dir='ltr'><strong>granea</strong></span> <span class='ocrx_word' id='word_1_364' title='bbox 618 4322 716 4390; x_wconf 84' lang='lat' dir='ltr'><strong>Cicero]</strong></span> <span class='ocrx_word' id='word_1_365' title='bbox 736 4329 761 4375; x_wconf 87' lang='lat' dir='ltr'><strong>in</strong></span> <span class='ocrx_word' id='word_1_366' title='bbox 777 4324 849 4380; x_wconf 74' lang='lat' dir='ltr'><strong>Catu,</strong></span> <span class='ocrx_word' id='word_1_367' title='bbox 862 4327 934 4389; x_wconf 69' lang='lat'><em>1111,</em></span> <span class='ocrx_word' id='word_1_368' title='bbox 948 4333 970 4386; x_wconf 88' lang='lat'><strong>7,</strong></span> <span class='ocrx_word' id='word_1_369' title='bbox 989 4331 1023 4390; x_wconf 82' lang='lat' dir='ltr'><strong>es.</strong></span> <span class='ocrx_word' id='word_1_370' title='bbox 1044 4332 1075 4379; x_wconf 85' lang='lat' dir='ltr'><strong>dc</strong></span> <span class='ocrx_word' id='word_1_371' title='bbox 1094 4337 1147 4381; x_wconf 90' lang='lat' dir='ltr'><strong>toto</strong></span> <span class='ocrx_word' id='word_1_372' title='bbox 1165 4335 1219 4381; x_wconf 85' lang='lat' dir='ltr'><strong>loco</strong></span> <span class='ocrx_word' id='word_1_373' title='bbox 1238 4329 1352 4398; x_wconf 74' lang='lat' dir='ltr'><strong>[Serpit]</strong></span> <span class='ocrx_word' id='word_1_374' title='bbox 1370 4337 1505 4397; x_wconf 71' lang='lat' dir='ltr'><strong>explanat.</strong></span> 
     </span>
     <span class='ocr_line' id='line_1_42' title="bbox 210 4394 1506 4459; baseline 0.006 -15"><span class='ocrx_word' id='word_1_375' title='bbox 210 4412 237 4457; x_wconf 85' lang='lat' dir='ltr'><strong>p.</strong></span> <span class='ocrx_word' id='word_1_376' title='bbox 256 4397 318 4456; x_wconf 82' lang='lat'><strong>538,</strong></span> <span class='ocrx_word' id='word_1_377' title='bbox 338 4397 370 4442; x_wconf 85' lang='lat' dir='ltr'><strong>Id</strong></span> <span class='ocrx_word' id='word_1_378' title='bbox 386 4410 448 4459; x_wconf 68' lang='lat' dir='ltr'><strong>seq„</strong></span> <span class='ocrx_word' id='word_1_379' title='bbox 468 4395 511 4443; x_wconf 83' lang='lat' dir='ltr'><strong>udi</strong></span> <span class='ocrx_word' id='word_1_380' title='bbox 527 4395 627 4444; x_wconf 78' lang='lat' dir='ltr'><strong>Kailios</strong></span> <span class='ocrx_word' id='word_1_381' title='bbox 644 4411 693 4444; x_wconf 83' lang='lat' dir='ltr'><strong>nou</strong></span> <span class='ocrx_word' id='word_1_382' title='bbox 712 4394 818 4444; x_wconf 80' lang='lat' dir='ltr'><strong>dedebat</strong></span> <span class='ocrx_word' id='word_1_383' title='bbox 837 4397 926 4447; x_wconf 69' lang='lat' dir='ltr'><strong>‘atate’</strong></span> <span class='ocrx_word' id='word_1_384' title='bbox 945 4403 1004 4447; x_wconf 83' lang='lat' dir='ltr'><strong>onte</strong></span> <span class='ocrx_word' id='word_1_385' title='bbox 1024 4397 1145 4449; x_wconf 80' lang='lat' dir='ltr'><strong>‘Cicero&#39;</strong></span> <span class='ocrx_word' id='word_1_386' title='bbox 1165 4406 1286 4449; x_wconf 75' lang='lat' dir='ltr'><strong>inserere.</strong></span> <span class='ocrx_word' id='word_1_387' title='bbox 1391 4404 1421 4451; x_wconf 88' lang='lat' dir='ltr'><strong>il</strong></span> <span class='ocrx_word' id='word_1_388' title='bbox 1441 4403 1506 4452; x_wconf 89' lang='lat' dir='ltr'><strong>lliue</strong></span> 
     </span>
     <span class='ocr_line' id='line_1_43' title="bbox 212 4459 1505 4535; baseline 0.009 -26"><span class='ocrx_word' id='word_1_389' title='bbox 212 4459 293 4525; x_wconf 86' lang='lat' dir='ltr'><strong>acies]</strong></span> <span class='ocrx_word' id='word_1_390' title='bbox 317 4463 395 4526; x_wconf 76' lang='lat' dir='ltr'><strong>Verp.</strong></span> <span class='ocrx_word' id='word_1_391' title='bbox 414 4462 479 4511; x_wconf 82' lang='lat' dir='ltr'><strong>Aen.</strong></span> <span class='ocrx_word' id='word_1_392' title='bbox 501 4461 595 4512; x_wconf 88' lang='lat' dir='ltr'><em>VIIII</em></span> <span class='ocrx_word' id='word_1_393' title='bbox 612 4465 663 4511; x_wconf 83' lang='lat'><strong>550</strong></span> <span class='ocrx_word' id='word_1_394' title='bbox 733 4464 763 4512; x_wconf 87' lang='lat'><strong>13</strong></span> <span class='ocrx_word' id='word_1_395' title='bbox 782 4460 927 4530; x_wconf 87' lang='lat' dir='ltr'><strong>Statlerri]</strong></span> <span class='ocrx_word' id='word_1_396' title='bbox 951 4466 1030 4530; x_wconf 78' lang='lat' dir='ltr'><strong>Verp.</strong></span> <span class='ocrx_word' id='word_1_397' title='bbox 1050 4467 1115 4523; x_wconf 77' lang='lat' dir='ltr'><strong>Aera.</strong></span> <span class='ocrx_word' id='word_1_398' title='bbox 1138 4467 1169 4515; x_wconf 93' lang='lat' dir='ltr'><strong>II</strong></span> <span class='ocrx_word' id='word_1_399' title='bbox 1188 4470 1245 4517; x_wconf 92' lang='lat'><strong>333</strong></span> <span class='ocrx_word' id='word_1_400' title='bbox 1324 4470 1354 4518; x_wconf 85' lang='lat'><strong>15</strong></span> <span class='ocrx_word' id='word_1_401' title='bbox 1373 4469 1441 4517; x_wconf 87' lang='lat' dir='ltr'><strong>hunc</strong></span> <span class='ocrx_word' id='word_1_402' title='bbox 1458 4487 1505 4535; x_wconf 81' lang='lat' dir='ltr'><strong>ge·</strong></span> 
     </span>
     <span class='ocr_line' id='line_1_44' title="bbox 213 4526 1507 4595; baseline 0.01 -18"><span class='ocrx_word' id='word_1_403' title='bbox 213 4526 307 4595; x_wconf 78' lang='lat' dir='ltr'><strong>uilitas]</strong></span> <span class='ocrx_word' id='word_1_404' title='bbox 331 4530 409 4594; x_wconf 73' lang='lat' dir='ltr'><strong>Verp.</strong></span> <span class='ocrx_word' id='word_1_405' title='bbox 429 4530 493 4579; x_wconf 79' lang='lat' dir='ltr'><strong>Aen.</strong></span> <span class='ocrx_word' id='word_1_406' title='bbox 516 4530 623 4579; x_wconf 75' lang='lat' dir='ltr'><strong>Vtrae</strong></span> <span class='ocrx_word' id='word_1_407' title='bbox 675 4531 780 4594; x_wconf 88' lang='lat' dir='ltr'><strong>aspicite</strong></span> <span class='ocrx_word' id='word_1_408' title='bbox 866 4533 898 4581; x_wconf 85' lang='grc'><strong>16</strong></span> <span class='ocrx_word' id='word_1_409' title='bbox 917 4534 1005 4582; x_wconf 86' lang='lat' dir='ltr'><strong>ueruix</strong></span> <span class='ocrx_word' id='word_1_410' title='bbox 1094 4535 1123 4583; x_wconf 82' lang='lat'><strong>17</strong></span> <span class='ocrx_word' id='word_1_411' title='bbox 1142 4537 1323 4584; x_wconf 84' lang='lat' dir='ltr'><strong>maceuumeuti</strong></span> <span class='ocrx_word' id='word_1_412' title='bbox 1361 4538 1399 4586; x_wconf 80' lang='lat' dir='ltr'><strong>Ile</strong></span> <span class='ocrx_word' id='word_1_413' title='bbox 1421 4540 1507 4590; x_wconf 78' lang='lat' dir='ltr'><strong>arieto</strong></span> 
     </span>
     <span class='ocr_line' id='line_1_45' title="bbox 212 4597 1507 4668; baseline 0.009 -23"><span class='ocrx_word' id='word_1_414' title='bbox 212 4600 283 4660; x_wconf 80' lang='lat' dir='ltr'><strong>apud</strong></span> <span class='ocrx_word' id='word_1_415' title='bbox 300 4597 413 4662; x_wconf 78' lang='lat' dir='ltr'><strong>Serpt’um</strong></span> <span class='ocrx_word' id='word_1_416' title='bbox 432 4599 493 4647; x_wconf 80' lang='lat' dir='ltr'><strong>nidd</strong></span> <span class='ocrx_word' id='word_1_417' title='bbox 511 4599 638 4647; x_wconf 81' lang='lat' dir='ltr'><strong>inuenitur</strong></span> <span class='ocrx_word' id='word_1_418' title='bbox 655 4600 758 4657; x_wconf 73' lang='lat' dir='ltr'><strong>(lictum,</strong></span> <span class='ocrx_word' id='word_1_419' title='bbox 783 4615 863 4664; x_wconf 78' lang='lat' dir='ltr'><strong>neque</strong></span> <span class='ocrx_word' id='word_1_420' title='bbox 885 4605 1039 4663; x_wconf 68' lang='lat' dir='ltr'><strong>exemplum:</strong></span> <span class='ocrx_word' id='word_1_421' title='bbox 1069 4603 1154 4651; x_wconf 83' lang='lat' dir='ltr'><strong>‘Hinc</strong></span> <span class='ocrx_word' id='word_1_422' title='bbox 1172 4607 1255 4652; x_wconf 84' lang='lat' dir='ltr'><strong>aetec’</strong></span> <span class='ocrx_word' id='word_1_423' title='bbox 1274 4605 1305 4653; x_wconf 85' lang='lat' dir='ltr'><strong>od</strong></span> <span class='ocrx_word' id='word_1_424' title='bbox 1323 4605 1365 4655; x_wconf 84' lang='lat' dir='ltr'><strong>illo</strong></span> <span class='ocrx_word' id='word_1_425' title='bbox 1383 4607 1507 4668; x_wconf 80' lang='lat' dir='ltr'><strong>adfertur</strong></span> 
     </span>
     <span class='ocr_line' id='line_1_46' title="bbox 213 4662 1505 4732; baseline 0.009 -18"><span class='ocrx_word' id='word_1_426' title='bbox 213 4668 245 4715; x_wconf 70' lang='lat'><strong>&#39;20</strong></span> <span class='ocrx_word' id='word_1_427' title='bbox 264 4666 363 4714; x_wconf 90' lang='lat' dir='ltr'><strong>Viucila</strong></span> <span class='ocrx_word' id='word_1_428' title='bbox 382 4662 441 4731; x_wconf 78' lang='lat' dir='ltr'><strong>etc]</strong></span> <span class='ocrx_word' id='word_1_429' title='bbox 465 4666 541 4715; x_wconf 81' lang='lat' dir='ltr'><strong>Iiecte</strong></span> <span class='ocrx_word' id='word_1_430' title='bbox 558 4667 635 4730; x_wconf 83' lang='lat' dir='ltr'><strong>tpitur</strong></span> <span class='ocrx_word' id='word_1_431' title='bbox 651 4667 710 4716; x_wconf 77' lang='lat' dir='ltr'><strong>ccidi</strong></span> <span class='ocrx_word' id='word_1_432' title='bbox 725 4669 815 4716; x_wconf 84' lang='lat' dir='ltr'><strong>uideor</strong></span> <span class='ocrx_word' id='word_1_433' title='bbox 832 4685 857 4732; x_wconf 82' lang='lat' dir='ltr'><strong>p.</strong></span> <span class='ocrx_word' id='word_1_434' title='bbox 875 4668 996 4719; x_wconf 78' lang='lat' dir='ltr'><em>CCXIII</em></span> <span class='ocrx_word' id='word_1_435' title='bbox 1014 4674 1051 4720; x_wconf 84' lang='lat'><strong>23</strong></span> <span class='ocrx_word' id='word_1_436' title='bbox 1069 4673 1235 4720; x_wconf 73' lang='lat' dir='ltr'><strong>‘lancearios’</strong></span> <span class='ocrx_word' id='word_1_437' title='bbox 1255 4675 1391 4722; x_wconf 71' lang='lat' dir='ltr'><strong>coniecisse</strong></span> <span class='ocrx_word' id='word_1_438' title='bbox 1471 4678 1505 4725; x_wconf 80' lang='lat'><strong>21</strong></span> 
     </span>
     <span class='ocr_line' id='line_1_47' title="bbox 214 4733 1472 4806; baseline 0.01 -27"><span class='ocrx_word' id='word_1_439' title='bbox 214 4733 282 4794; x_wconf 80' lang='lat' dir='ltr'><strong>quod</strong></span> <span class='ocrx_word' id='word_1_440' title='bbox 339 4736 371 4784; x_wconf 69' lang='lat' dir='ltr'><strong>&#39;it</strong></span> <span class='ocrx_word' id='word_1_441' title='bbox 390 4748 452 4798; x_wconf 87' lang='lat' dir='ltr'><strong>sepe</strong></span> <span class='ocrx_word' id='word_1_442' title='bbox 519 4734 551 4784; x_wconf 79' lang='grc'><strong>29</strong></span> <span class='ocrx_word' id='word_1_443' title='bbox 570 4734 701 4799; x_wconf 78' lang='lat' dir='ltr'><strong>praeferri,</strong></span> <span class='ocrx_word' id='word_1_444' title='bbox 719 4752 787 4785; x_wconf 84' lang='lat' dir='ltr'><strong>corr.</strong></span> <span class='ocrx_word' id='word_1_445' title='bbox 807 4736 934 4799; x_wconf 77' lang='lat' dir='ltr'><strong>praeferre</strong></span> <span class='ocrx_word' id='word_1_446' title='bbox 1002 4741 1034 4789; x_wconf 76' lang='lat'><strong>32</strong></span> <span class='ocrx_word' id='word_1_447' title='bbox 1053 4755 1114 4803; x_wconf 81' lang='lat' dir='ltr'><strong>prae</strong></span> <span class='ocrx_word' id='word_1_448' title='bbox 1131 4739 1244 4803; x_wconf 80' lang='lat' dir='ltr'><strong>positiuo</strong></span> <span class='ocrx_word' id='word_1_449' title='bbox 1314 4744 1346 4795; x_wconf 80' lang='grc'><strong>33</strong></span> <span class='ocrx_word' id='word_1_450' title='bbox 1365 4742 1472 4806; x_wconf 82' lang='lat' dir='ltr'><strong>iupl‘iter</strong></span> 
     </span>
    </p>
   </div>
   <div class='ocr_carea' id='block_1_11' title="bbox 0 0 1729 5378">
    <p class='ocr_par' dir='ltr' id='par_1_12' title="bbox 0 0 1729 5378">
     <span class='ocr_line' id='line_1_48' title="bbox 0 0 1729 5378; baseline 0 0"><span class='ocrx_word' id='word_1_451' title='bbox 0 0 1729 5378; x_wconf 95' lang='lat' dir='ltr'><strong> </strong></span> 
     </span>
    </p>
   </div>
  </div>
 </body>
</html>
