3420 5378
197 283 262 350 220
607 285 841 338 COMMENTVM
859 285 1104 338 EINSIDLENSE

199 475 322 554 ripun?
344 474 458 553 plectro
481 473 615 552 linguae,
638 472 716 534 idest
738 473 936 535 reuolutione.
980 473 1053 534 voit
1081 474 1111 534 in
1135 475 1264 549 arteriis,
1285 473 1365 536 idest
1385 475 1419 535 in
1441 474 1498 536 uiis

197 578 330 655 spiritns.
377 576 510 635 arteriae
539 583 637 635 antem
666 581 734 634 sunt
756 593 790 635 ns
812 576 1048 654 compaginatum
1071 594 1087 635 a
1110 583 1231 653 gutture
1257 574 1412 655 usquead
1435 594 1496 637 cor.

197 678 234 739 Et
256 678 365 738 dicitnr
389 696 446 737 uox
470 696 486 737 a
509 677 654 747 uocando,
679 676 725 737 uel
748 678 894 738 aGraeeo
917 669 983 737 ἀπὸ
1006 674 1170 756 coridoni,
1193 675 1212 738 h
1235 680 1266 738 in
1289 696 1310 738 u
1333 684 1446 738 mutata
1469 686 1498 739 et

198 780 297 841 addita
321 798 348 849 r,
372 778 517 839 iormatur
538 798 607 840 uox.
652 779 757 840 Omnis
779 779 894 839 sonitus
915 777 1094 855 generaliter
1109 796 1166 839 uox
1183 778 1302 850 dicitur,
1326 777 1497 858 specialiter

198 891 296 943 tamen
320 881 472 941 hominum
497 882 562 942 siue
585 879 767 950 animalium.
812 883 871 941 Aer
899 879 996 939 dictus
1023 888 1069 940 est
1096 873 1162 943 ἀπὸ
1184 881 1247 942 cori
1268 873 1400 960 ἀείρειν
1421 880 1519 944 idaeis

198 1004 213 1044 a
237 983 374 1052 terendo,
404 1001 439 1041 eo
469 982 546 1061 quod
575 992 686 1043 terram
715 984 792 1044 ierat
814 990 843 1043 et
864 982 976 1042 feratur
1000 980 1036 1041 ab
1064 980 1124 1042 illa.
1169 981 1205 1042 Et
1234 989 1280 1044 est
1308 1001 1361 1044 aer
1391 991 1497 1045 uentus

197 1085 319 1163 spiritus
342 1081 389 1144 uel
412 1083 498 1144 ssatus
521 1083 656 1145 modicus
676 1085 836 1165 plurimum
853 1081 968 1143 hahens
983 1084 1122 1143 raritatis.
1159 1083 1201 1144 De
1215 1102 1275 1165 quo
1292 1084 1494 1163 Virgilius:

551 1201 715 1280 Longum
738 1221 803 1281 per
826 1204 937 1263 inane
960 1209 1121 1262 secutus.

197 1338 357 1400 Sciendum
381 1345 425 1397 est
447 1339 514 1416 quia
539 1341 594 1399 iste
617 1357 677 1408 aer,
702 1339 752 1415 qui
773 1340 851 1398 inter
874 1345 986 1397 terram
1009 1343 1054 1397 est
1070 1345 1100 1398 et
1114 1354 1232 1398 cursum
1252 1335 1406 1409 lunarem,
1430 1358 1493 1401 cor·

196 1440 336 1519 pulentus
366 1448 395 1500 et
423 1440 537 1519 spissus
564 1438 737 1519 appellatur.
784 1439 948 1519 Aliquando
978 1440 1056 1500 euim
1086 1440 1269 1518 corporascit
1291 1440 1323 1501 in
1346 1438 1446 1502 nubes
1466 1448 1527 1502 etti

196 1541 351 1622 aliquando
374 1540 555 1602 dissoluitur.
599 1539 677 1618 Ergo
699 1541 753 1602 ista
777 1557 845 1620 pars
871 1550 971 1601 terrae
999 1541 1165 1620 deputatur,
1190 1543 1259 1621 qula
1274 1543 1307 1602 in
1323 1541 1429 1604 multis
1450 1545 1494 1605 sui

197 1644 208 1725 ll
229 1640 289 1704 140
306 1641 317 1723 ll
341 1640 476 1722 partibus
499 1641 602 1702 similis
625 1649 670 1702 est
690 1641 741 1702 illi.
786 1641 837 1702 ille
862 1661 944 1712 uero,
969 1644 1019 1721 qui
1042 1644 1257 1722 superiorem,
1281 1644 1313 1704 in
1337 1662 1399 1723 quo
1421 1663 1492 1705 uen-

195 1746 250 1805 tosi
274 1763 307 1803 ac
330 1742 487 1830 procellosi
511 1751 610 1804 motus
632 1751 785 1820 nequeunt
807 1745 947 1812 existere,
977 1743 1013 1804 ad
1042 1743 1200 1804 caelestem
1222 1747 1356 1825 pertinet
1378 1753 1491 1825 partem

196 1852 225 1906 et
247 1845 356 1905 dicitur
379 1844 489 1915 aether,
513 1845 589 1906 idest
612 1863 702 1925 purus
723 1846 853 1923 spiritus.
897 1848 954 1905 Aer
977 1863 1059 1914 uero,
1075 1845 1189 1924 spissus
1204 1847 1339 1925 spiritus,
1363 1865 1425 1928 quo
1440 1848 1491 1908 iste

196 1947 324 2008 mundus
352 1945 457 2026 plenus
486 1955 543 2015 est,
574 1963 662 2023 quem
690 1945 835 2006 trahimus
864 1954 893 2006 et
921 1948 1093 2006 emittimus.
1137 1945 1207 2006 'l'ria
1237 1955 1338 2009 autem
1365 1961 1522 2029 corporat

197 2057 318 2111 naturae
342 2047 470 2109 mirabili
493 2067 583 2127 opere
606 2047 730 2108 formata
753 2047 790 2107 ds
813 2050 899 2125 ignea
922 2057 1026 2109 natura
1050 2054 1222 2115 nascuntur,
1245 2047 1324 2110 idest
1343 2049 1398 2110 lux
1413 2049 1491 2112 calor

195 2160 225 2210 et
246 2168 314 2210 uox.
359 2135 422 2210 uui
444 2148 584 2209 uidelicet
606 2149 641 2210 ad
665 2148 779 2218 oculos,
809 2147 888 2209 calor
911 2148 946 2209 ad
970 2157 1095 2218 tactum,
1124 2167 1182 2210 uox
1211 2149 1247 2210 ad
1271 2149 1490 2213 auditum.·1n

195 2252 251 2312 hoc
275 2252 363 2312 etiarn
386 2250 569 2329 intelligitur,
599 2249 677 2329 qood
708 2269 763 2311 uox
787 2268 896 2330 corpus
918 2260 963 2313 est
990 2250 1026 2311 dc
1055 2268 1182 2329 corpore
1209 2251 1386 2322 formatum,
1416 2251 1492 2314 idest

196 2353 385 2413 tenuissimus
407 2369 458 2413 aer
480 2351 517 2411 de
540 2352 712 2413 tenuissimo
735 2369 803 2412 aere
825 2353 913 2432 ignis.
951 2352 1010 2414 Sed
1033 2355 1120 2414 etiam
1144 2352 1202 2415 lux.
1216 2372 1329 2434 corpus
1345 2363 1392 2416 est
1410 2356 1492 2435 quasi

194 2452 274 2514 aliud
303 2471 411 2532 corpus
439 2454 645 2514 tenuissimum
669 2454 830 2516 decadem
856 2455 934 2532 ignis
962 2463 1075 2517 natura.
1121 2453 1207 2517 Calor
1236 2472 1357 2534 quoque
1387 2455 1521 2518 eoderunt

194 2554 283 2615 modo
306 2557 389 2634 quasi
413 2554 492 2616 aliud
516 2573 625 2635 corpus
647 2555 881 2617 subtilissimum.
905 2537 1009 2616 ¹Multi
1026 2565 1123 2618 tamen
1140 2556 1389 2636 philosophorum
1413 2558 1489 2620 altir-

194 2665 289 2726 mant,
323 2656 396 2716 haec
426 2660 482 2718 tria
512 2675 572 2717 non
601 2676 665 2718 csse
697 2675 838 2736 corpora,
872 2657 923 2718 sed
959 2658 1099 2735 quasdam
1133 2677 1293 2738 corporum
1323 2659 1489 2737 qualitates

193 2758 302 2818 lctus.
350 2757 397 2819 ico
420 2761 476 2819 icis
498 2761 687 2839 participium
711 2761 781 2820 tacit
802 2760 892 2828 ictus,
917 2761 976 2820 icio
997 2768 1096 2821 autem
1113 2762 1234 2829 ‘initus’,
1258 2769 1288 2822 et
1302 2759 1386 2822 idem
1401 2763 1489 2841 signi·

193 2861 296 2931 licant,
330 2861 407 2922 idest
438 2862 512 2921 loric
547 2863 692 2940 percutio.
746 2860 817 2920 inde
853 2861 962 2921 dicitur
994 2877 1045 2921 aer
1080 2862 1171 2931 ictus,
1206 2861 1282 2923 idest
1317 2879 1488 2942 percussus.

193 2962 310 3023 Etenim
334 2981 390 3024 uox
415 2965 477 3023 sine
501 2965 559 3023 ictu
584 2963 646 3023 neri
669 2980 727 3022 unu
751 2969 856 3041 potest.
895 2963 990 3023 Motus
1013 2963 1100 3040 igitur
1124 2980 1210 3024 causa
1233 2974 1279 3024 est
1302 2965 1391 3035 ictus,
1416 2966 1521 3027 ictusn

193 3073 290 3123 autem
315 3082 401 3124 eausa
426 3071 470 3123 est
492 3065 581 3124 uocis.
626 3063 782 3142 Hucusque
805 3063 937 3124 delinitio
959 3062 1151 3124 substantiae.
1195 3064 1405 3127 sensibilis
1432 3084 1487 3128 au·

193 3163 282 3224 ditu.
323 3166 382 3224 l'ox
406 3164 483 3225 enim
507 3163 608 3224 auditu
631 3166 764 3234 sentitur,
788 3167 863 3226 sicut
885 3164 933 3225 lux
957 3167 1032 3226 uisu.
1077 3164 1233 3227 Sensibilis
1256 3176 1356 3228 autern
1381 3168 1489 3230 dicitur

193 3264 335 3345 quicquid
364 3265 400 3326 ab
428 3264 525 3344 aliquo
553 3272 651 3344 potest
679 3268 780 3327 sentiri
805 3275 833 3326 el
861 3268 931 3327 tacit
959 3267 1007 3327 hir.
1036 3276 1064 3327 et
1093 3268 1166 3328 haec
1195 3267 1347 3330 sensibilis
1375 3278 1408 3331 et
1434 3269 1488 3331 hoc

194 3365 344 3428 sensibile.
391 3365 574 3437 Ouanturn
608 3368 645 3427 in
678 3369 758 3446 ipso
792 3374 858 3429 est.
910 3367 1055 3429 Suhaudis
1081 3369 1142 3429 ictu
1175 3367 1253 3430 idest
1282 3375 1486 3448 percussione.

192 3469 277 3530 Aeris
305 3471 385 3530 onim
414 3469 507 3528 maior
536 3470 688 3547 percussio
717 3471 858 3530 maiorem
886 3471 1012 3531 sonitum
1042 3470 1140 3538 reddit
1168 3471 1216 3533 uel
1245 3472 1335 3533 etiam
1358 3474 1391 3533 in
1414 3475 1520 3552 ipson

160 3547 168 3560 ⁸
193 3571 306 3632 scilicet
328 3570 444 3639 auditu,
473 3571 538 3648 quia
567 3569 686 3650 quidam
708 3578 777 3630 sunt
799 3573 850 3649 qui
873 3574 1006 3649 sagacius
1028 3572 1155 3634 audiunt
1177 3582 1265 3653 atque
1287 3576 1402 3644 maius,
1426 3576 1486 3653 qui-

107 3692 152 3739 em,
167 3695 179 3732 a
193 3672 260 3732 daur
283 3690 357 3731 uero
380 3673 486 3732 minus.
531 3670 757 3741 Articulata,
783 3691 839 3733 uox
863 3673 970 3734 dicitur
999 3674 1045 3734 uel
1074 3674 1111 3735 ab
1133 3673 1265 3737 articulis
1286 3675 1364 3737 idest
1387 3678 1487 3757 paruis

191 3773 328 3842 artubus,
365 3772 472 3852 quibus
499 3791 595 3851 penna
625 3781 742 3834 tenetur
770 3773 816 3833 uel
845 3774 989 3843 calamus,
1024 3776 1093 3837 dum
1126 3796 1182 3837 uox
1212 3773 1316 3843 formal
1344 3774 1486 3861 141pu

191 3872 342 3941 litteralis;
372 3873 419 3934 uel
442 3872 479 3934 ab
501 3874 625 3936 artando
648 3875 766 3946 dicitur,
790 3894 824 3936 eo
847 3875 925 3955 quod
949 3885 1040 3938 artata
1063 3877 1140 3939 idest
1161 3879 1319 3939 coniuncta
1343 3897 1412 3941 curn
1436 3882 1485 3941 ali·

191 3993 251 4053 quo
274 3995 361 4037 sensu
385 3974 463 4036 illius
486 3978 536 4056 qui
559 3978 691 4057 loquitur
714 3978 879 4055 proterium
903 3998 955 4040 seu
979 3981 1078 4058 potius
1093 3979 1130 4040 ab
1147 3979 1269 4042 artubus
1291 3981 1371 4042 idest
1393 3996 1520 4043 mem-&⁸

191 4077 251 4137 bris
274 4079 349 4145 suis,
372 4076 511 4139 uidelicet
532 4077 636 4140 litteris
659 4075 778 4156 syllabis
801 4087 829 4138 et
851 4078 1001 4157 partibus,
1026 4080 1132 4157 quibus
1155 4083 1250 4144 instar
1272 4086 1413 4162 corporis
1433 4083 1485 4145 hu·

192 4180 270 4239 mani
292 4180 456 4258 perficitur.
504 4183 591 4240 Arius
612 4188 681 4240 sunt
703 4179 835 4239 membra
859 4182 985 4249 maiora,
1009 4182 1125 4244 articuli
1148 4201 1222 4244 uero
1237 4186 1364 4246 minora.
1400 4187 1486 4248 Con·

191 4280 283 4349 lusa,
307 4280 385 4342 idest
400 4279 580 4350 diordinata,
604 4299 639 4341 eo
655 4281 732 4361 quod
757 4281 869 4344 nullum
893 4282 981 4343 halrct
1003 4284 1153 4355 ordinem,
1177 4287 1282 4355 mixta,
1309 4288 1374 4348 sine
1398 4307 1485 4350 sensu

189 4381 312 4459 prolata.
360 4381 419 4443 Has
448 4382 520 4442 duas
547 4384 662 4461 species
689 4384 787 4453 uocis,
817 4383 1001 4446 articulatam
1031 4386 1143 4448 scilicet
1167 4395 1196 4447 et
1218 4386 1390 4458 confusam,
1414 4408 1485 4470 quas

256 4688 272 4734 2
291 4688 512 4752 compaginatum,
530 4702 661 4750 suprascr.
683 4690 706 4736 ·i·
724 4689 888 4740 coniunctum
961 4694 976 4741 3
995 4706 1008 4739 a
1028 4704 1104 4757 greco
1121 4704 1171 4755 apo
1189 4699 1215 4739 tu
1233 4691 1284 4741 boo
1373 4697 1485 4762 capum

190 4753 258 4800 aerin
329 4752 500 4820 'iVirgiliusl
519 4756 583 4805 Aen.
602 4755 663 4805 XII
683 4758 736 4806 354
806 4760 837 4808 14
855 4758 925 4807 etlrcr
993 4757 1232 4825 21philosol0rum
