3420 5378
521 308 598 361 CVM
615 307 821 361 EXCERPTIS
839 309 1011 363 INEDITIS.
1253 322 1408 371 ccxxxix

197 496 273 573 Sed,
303 515 341 557 ue
367 500 477 573 loupus
503 496 575 570 siru,
610 499 667 559 icoc
700 500 793 559 solum
821 514 1056 558 commemorare
1082 496 1167 571 uro,
1203 499 1286 573 quod
1305 516 1340 574 p.
1370 505 1409 557 32

112 597 214 660 editor
234 598 389 660 Romanus
411 599 454 659 od
473 601 746 676 metamorphoseos
773 616 881 660 nomeu
908 601 1122 661 illustrandum
1151 616 1191 657 ex
1212 597 1320 660 codice
1347 602 1407 659 Vo-

112 700 217 763 ricono
233 705 397 779 proponit:
424 703 501 763 sicut
529 700 654 763 Ouidius
681 703 803 780 scripsit
830 700 923 761 libros
949 701 999 762 XV
1028 699 1077 762 uei
1099 699 1240 780 amplius,
1267 700 1301 761 iu
1327 703 1408 762 libro

113 802 263 882 Beruensi
283 805 469 864 eneruatius
489 802 599 865 scribi:
628 805 706 863 sicut
736 802 853 863 auidius
882 802 1004 864 scribsit
1026 805 1055 863 in
1078 802 1171 864 libros
1193 802 1244 864 XV
1266 802 1313 864 uel
1337 821 1407 882 apu-

112 903 184 975 iius,
208 904 355 983 Apuleius
375 904 505 977 scu'lt'cet;
532 914 562 965 ct
583 922 662 981 quoe
679 923 714 981 p.
739 911 776 963 38
805 907 965 980 lepuutur:
994 913 1026 965 ut
1054 905 1163 965 locutio
1192 902 1229 965 ab
1258 903 1408 966 inanimali

112 1006 149 1068 ed
173 1007 315 1077 aninraie,
340 1017 386 1069 ut:
415 1007 458 1068 ‘Si
480 1015 595 1069 tantum
619 1016 740 1086 pectore
763 1005 856 1068 robur
879 1008 1033 1086 concipit’.
1078 1006 1150 1066 Natu
1174 1014 1206 1066 ut
1227 1006 1322 1067 robur
1344 1008 1406 1067 ani-

112 1127 273 1171 memnon
296 1109 393 1180 habet,
416 1113 455 1171 ita
479 1108 632 1178 Troianus,
657 1110 704 1170 cui
727 1109 784 1170 hoc
806 1108 924 1189 dicitur,
948 1109 1078 1170 animum
1102 1108 1206 1178 habet,
1230 1127 1293 1186 pro
1315 1107 1354 1171 r'r's
1375 1111 1407 1169 t'u

112 1218 181 1271 orte
202 1211 354 1275 Beruensr'
373 1214 450 1273 iruec
471 1221 596 1273 extare:
620 1219 653 1272 ut
675 1212 807 1290 loquutio
830 1221 1019 1289 perornetur,
1043 1221 1072 1271 et
1095 1211 1124 1273 in
1142 1210 1312 1290 euangelio:
1336 1213 1405 1289 ‘ego

113 1330 180 1372 sum
206 1314 278 1374 uitis
306 1316 406 1374 ueru'.
450 1312 494 1375 Ab
521 1311 675 1374 inanimali
704 1312 740 1372 ad
763 1313 904 1383 animale,
935 1322 968 1374 ut
994 1346 1036 1356 —
1063 1313 1220 1393 conspicis.
1271 1311 1345 1374 Nam
1373 1320 1406 1372 ut

112 1412 206 1474 robur
227 1448 272 1459 -
292 1416 331 1477 ita
354 1424 459 1476 turnus
481 1417 530 1475 cui
553 1415 627 1475 haec
649 1410 758 1475 dicitur
780 1416 907 1476 animam
930 1413 1029 1476 hahet.
1066 1416 1128 1475 Sed
1149 1416 1187 1475 de
1207 1413 1331 1477 Iul-iuno
1346 1417 1406 1475 iam

113 1518 188 1577 sotis
209 1518 321 1578 dicture
342 1525 395 1579 est.

670 2154 850 2238 VIII.

469 2350 546 2433 DE
567 2352 866 2436 SMARAGDI
887 2352 1049 2436 ARTE.

198 2761 285 2823 luter
311 2761 440 2822 selredus
466 2761 582 2825 codicis
611 2767 773 2825 Berneusr's
802 2767 828 2824 Α
859 2772 894 2824 92
920 2784 969 2825 ur.
992 2770 1033 2822 -22
1059 2763 1270 2839 Smurupdr'
1294 2778 1410 2837 quoque

114 2867 193 2926 artis
213 2871 301 2926 extet
317 2848 526 2940 sruprrtentum
548 2869 664 2928 saeculi
683 2868 895 2941 XII—XIII,
919 2869 1019 2941 cuius,
1044 2883 1225 2942 quemquam
1247 2866 1337 2925 multo
1358 2880 1409 2924 ue·

113 2965 255 3029 iustiores
282 2968 327 3026 ud
352 2975 459 3028 nostro
486 2976 622 3044 temporo
651 2969 799 3029 deuerme
825 2967 890 3029 eius
913 2970 1049 3045 opusculi
1068 2966 1142 3028 tiore·
1163 2962 1405 3042 Froucopoliici,

114 3070 154 3130 ue
175 3068 283 3147 quibus
303 3070 399 3130 aoros
420 3069 460 3128 H.
483 3072 632 3131 Keilium:
655 3072 693 3130 de
713 3068 924 3146 prammutr‘cis
946 3068 1126 3146 quibusdam
1148 3067 1267 3129 laticis
1287 3066 1409 3141 infimae

114 3175 225 3241 uerutis
240 3190 275 3248 p.
303 3178 335 3231 19
356 3188 433 3247 seq„
463 3179 563 3231 tomen
592 3180 764 3248 opportuno
792 3171 841 3233 rei
868 3173 1095 3247 copuoscendue
1117 3172 1217 3232 oblato
1240 3171 1406 3243 occasione,

113 3271 190 3348 quio
211 3274 267 3332 illa
289 3290 342 3332 ors
363 3272 498 3333 noudum
519 3276 599 3349 typis
619 3292 766 3350 expresso
788 3284 845 3353 est,
873 3277 928 3335 seri
953 3292 993 3334 ex
1017 3272 1132 3351 paucis
1152 3274 1335 3335 solummodo
1356 3288 1408 3331 ex-

113 3382 286 3451 cerptorum
305 3375 445 3446 frustulis
466 3372 603 3448 innotuit,
628 3379 776 3437 nonnullo
798 3376 934 3438 detibore
954 3374 1172 3439 constituimus.
1213 3376 1334 3436 Constat
1347 3371 1407 3447 ipi-

114 3483 166 3537 tur
191 3476 400 3551 fropmeuturu
430 3476 586 3537 Beruense
619 3487 762 3553 quattuor
787 3478 891 3554 soliu,
926 3495 1051 3555 pecorum
1083 3480 1156 3539 uiuo
1188 3475 1235 3538 r'to
1266 3474 1347 3537 inter
1378 3491 1410 3534 se

113 3585 218 3639 mutuo
238 3581 401 3640 coniuncto
423 3586 509 3651 suut,
540 3589 572 3639 ut
589 3583 723 3655 primum
746 3590 946 3656 queriturque
967 3582 1010 3640 ud
1025 3579 1162 3655 priorem
1184 3577 1258 3640 riori
1276 3586 1406 3654 portem,

113 3681 278 3741 secuudum
300 3696 373 3740 uero
395 3689 424 3739 ct
445 3678 566 3740 tertium
590 3684 632 3741 od
653 3690 820 3744 extremum
835 3680 974 3760 opusculi
985 3686 1076 3755 finem
1093 3679 1281 3758 pertinuisse
1290 3688 1406 3756 pateat.

115 3784 211 3858 Atque
228 3781 288 3854 sol.
311 3783 331 3841 I
351 3782 389 3840 de
410 3785 529 3843 nomine
544 3787 649 3859 opitur
662 3785 827 3845 secuudum
846 3786 962 3846 Donati
981 3791 1077 3843 ortem
1092 3784 1129 3844 II
1144 3802 1179 3859 p.
1197 3790 1264 3858 373,
1284 3782 1343 3855 sol.
1359 3782 1413 3841 IV

114 3884 154 3944 de
174 3881 344 3945 nominibus
358 3882 539 3960 posses-ciuis
553 3894 583 3946 et
589 3885 820 3962 putrouornicis,
839 3886 898 3959 fol.
914 3888 953 3946 II
966 3886 1003 3946 de
1013 3883 1260 3962 praepositione,
1280 3883 1340 3957 fol.
1355 3883 1412 3943 III

114 3987 153 4046 de
174 3984 393 4048 interrectioue.

199 4117 290 4202 ssFol.
307 4122 339 4182 Ι8
355 4120 366 4204 ΙΙ
389 4169 396 4183 .
420 4169 427 4182 .
452 4171 458 4183 ,
483 4170 489 4182 .
514 4132 698 4201 segregaret,
722 4133 773 4185 aut
794 4124 875 4192 ideo,
906 4125 974 4202 quic
999 4142 1057 4184 non
1079 4125 1231 4184 inuenitur
1253 4124 1283 4183 in
1308 4140 1407 4183 rerum

114 4215 219 4268 nutura
241 4225 359 4278 nomen,
383 4209 462 4288 quod
486 4210 606 4269 omnino
629 4220 730 4270 careat
751 4228 822 4271 casu
846 4209 894 4271 uei
917 4219 998 4271 certe
1015 4216 1183 4288 propterea,
1206 4217 1239 4269 ut
1261 4210 1407 4287 suspicor,

114 4290 210 4371 quod,
241 4301 273 4353 ut
300 4293 458 4372 diiigenter
485 4292 642 4364 adtendas,
671 4294 739 4356 huic
768 4295 824 4356 soii
855 4304 968 4357 tanturn
996 4298 1072 4374 parti
1100 4294 1275 4355 naturaliter
1303 4292 1410 4354 accidit

115 4394 211 4439 cesus.
254 4377 327 4438 Nom
351 4381 539 4457 participium
563 4397 621 4439 non
645 4398 660 4439 a
684 4399 716 4439 se
739 4379 837 4450 hahet,
861 4380 912 4441 sed
936 4390 969 4440 ut
990 4381 1154 4440 Donatus
1177 4381 1227 4450 ait,
1251 4398 1266 4440 a
1290 4381 1408 4440 nomine

88 4464 225 4542 succipit
240 4480 349 4541 genera
373 4472 403 4523 et
418 4481 512 4523 casus.
544 4463 712 4524 Prononren
730 4475 827 4526 autern
845 4474 874 4525 et
896 4463 1152 4541 Aristotelici,
1175 4462 1226 4546 qui
1249 4465 1321 4525 duos
1343 4472 1407 4524 ton·

116 4556 179 4608 turn
207 4565 272 4609 csse
299 4547 439 4609 dixerunt
467 4558 566 4626 partos
596 4552 751 4618 orationis,
780 4550 857 4611 idest
880 4568 986 4611 nomen
1011 4561 1040 4611 et
1062 4550 1197 4620 uerbum,
1222 4559 1251 4609 ct
1273 4550 1406 4618 Stoici,

182 4732 228 4784 ici.
250 4734 274 4781 Ι·
293 4736 305 4783 1
326 4733 482 4800 segregaret]
502 4736 599 4785 Donati
607 4752 634 4798 p.
646 4738 734 4797 373,2
746 4737 840 4786 rrcrbu:
859 4741 963 4785 ‘nomeu
982 4746 1098 4802 estpars
1118 4736 1240 4786 orationis
1259 4752 1316 4786 cum
1334 4739 1407 4787 cosu’

115 4804 279 4868 expit'ruuiur
347 4806 362 4851 ·i
381 4803 506 4867 lustratus]
524 4822 550 4869 p.
572 4806 632 4867 387,
652 4807 682 4853 to
