3420 5378
736 164 951 218 BERNENSIS.
1424 165 1485 230 103

184 354 330 419 Dicebant
355 364 454 418 tamen
481 363 599 418 ueteres
625 354 655 416 bi
683 372 791 436 specus
814 362 844 416 et
864 353 923 416 boc
943 372 1066 435 specum
1089 353 1214 416 ethaeo
1235 373 1333 435 speca.
1378 354 1484 418 Cato:

183 476 296 539 speca
324 461 492 539 prosita‚
520 475 589 538 quo
618 474 713 538 aqua
742 455 785 518 de
812 458 873 519 uia
901 456 1043 529 abiret,
1072 465 1297 538 quaerentes
1326 460 1484 521 iuuene·

184 569 280 623 runt
324 561 481 624 Ouidius
503 559 668 622 masculino
689 576 814 637 genere:

336 663 380 725 Et
401 682 536 744 specus
557 664 595 723 in
618 660 739 722 medio
761 660 883 739 uirgis
906 680 945 722 ac
968 662 1108 724 uimine
1130 661 1280 724 denaus.

156 765 279 830 aldem:
335 767 476 848 Specus
499 773 554 827 est
577 762 782 826 tenebroso
804 781 937 824 caecus
959 762 1070 825 hiatu.

182 868 279 930 ldem:
337 868 380 930 Et
403 884 538 947 specus
559 866 595 926 in
618 863 738 927 medio
761 872 892 926 natura
915 865 1037 927 lactus
1060 884 1102 927 an
1124 871 1219 937 arte,
1256 866 1483 947 Ambiguum.

182 970 282 1032 Penus
319 987 438 1049 quoque
466 976 496 1029 et
523 966 677 1029 masculini
705 974 735 1027 ct
759 967 896 1028 feminini
923 973 953 1029 et
979 968 1078 1030 neutri
1110 967 1271 1029 inuenitur.
1325 967 1482 1033 Plautus

133 1091 141 1113 ¹
180 1072 346 1140 masculino
367 1088 478 1149 genere
501 1068 589 1130 dixit:

334 1172 413 1235 Nisi
435 1172 523 1234 mihi
546 1189 689 1233 annuus
710 1189 829 1251 penus
851 1171 896 1232 ab
918 1171 1152 1233 amatoribus
1174 1174 1405 1251 congeritur.

144 1276 352 1343 roLucilius
373 1276 532 1337 feminino:

335 1376 461 1456 blagoa
484 1394 601 1457 penus
621 1392 741 1456 paruo
763 1376 887 1455 spatio
911 1381 1130 1456 cousumpta
1153 1376 1308 1457 peribit.

181 1478 360 1541 Horatius
381 1486 503 1540 neutro:
864 1479 867 1483 ’

334 1580 465 1642 Portet
485 1580 672 1640 frumenta
695 1596 900 1659 penusque.

181 1682 286 1745 Neutri
307 1682 462 1760 genetiuus
484 1691 530 1743 est
551 1682 686 1761 penoris,
715 1688 747 1741 ut
768 1698 860 1760 pecus
887 1682 1013 1760 pecoris.
1060 1682 1212 1744 Caesar:
1243 1683 1482 1762 propinquos

143 1793 336 1853 1snostros
357 1783 536 1845 Messalas
558 1781 663 1843 domo
685 1781 896 1860 deflagrata
917 1803 1058 1864 penore
1079 1782 1293 1845 nolebamus
1313 1786 1479 1864 priuare.

180 1884 245 1948 lloc
266 1904 377 1968 penum
400 1886 489 1947 etiam
511 1883 688 1946 Afranius
710 1881 833 1964 protulit
855 1882 973 1945 dicens:

591 1986 594 1990 ’
650 1986 848 2066 lupenum
871 1982 973 2046 erile.

181 2090 371 2160 Promiscua,
401 2095 433 2150 ut
454 2089 503 2149 hic
525 2086 572 2147 uel
596 2085 669 2147 haec
691 2105 809 2149 coruus.
854 2086 982 2148 Nomina
1011 2095 1108 2150 autem
1137 2088 1299 2152 masculina
1331 2091 1480 2153 secundae

180 2191 386 2254 declinationis
408 2192 439 2252 in
462 2208 497 2251 us
519 2189 684 2249 desinentia
707 2190 750 2250 sic
772 2188 973 2250 declinantur:
1001 2189 1050 2250 hic
1078 2207 1171 2269 agnus
1199 2190 1288 2253 liuius
1318 2193 1388 2270 agni
1410 2190 1480 2253 lruic

140 2311 257 2373 magno
285 2293 365 2354 hunc
392 2309 499 2370 agnum
529 2309 546 2351 o
575 2304 651 2367 agne
678 2286 767 2350 uelo
795 2309 888 2370 agnus
918 2289 955 2351 ab
982 2291 1040 2352 boc
1068 2310 1144 2371 agno
1167 2301 1197 2353 et
1218 2292 1324 2373 plurali
1353 2293 1384 2354 bi
1412 2295 1480 2373 agni

181 2395 287 2458 borum
310 2412 454 2474 agnorum
478 2392 525 2453 nis
547 2392 630 2470 agnis
652 2391 706 2453 hos
729 2409 819 2470 agnos
841 2411 859 2453 o
882 2395 950 2471 agui
972 2391 1010 2454 ab
1032 2392 1079 2455 his
1101 2395 1193 2473 agnis.
1239 2396 1290 2456 Sic
1312 2394 1479 2456 declinatur

134 2487 143 2509 ⁸
179 2495 326 2576 benignus
353 2499 447 2558 iustus
474 2495 542 2575 pius
569 2501 668 2556 castus
696 2494 814 2555 ieiunus
841 2493 955 2556 laustos
983 2503 1148 2574 oportunus
1170 2515 1278 2559 auarus
1300 2498 1479 2559 criminosus

178 2601 300 2662 insanus
322 2600 461 2660 inimicus
483 2597 596 2659 amicus
616 2596 718 2656 firmus
741 2593 838 2657 bonus
859 2594 937 2657 altus
958 2603 1078 2657 sanctus
1100 2607 1130 2658 et
1152 2596 1276 2675 reliqua.
1321 2598 1394 2660 ltem
1422 2617 1480 2680 per

179 2700 238 2763 duo
260 2720 280 2762 u
308 2699 357 2762 hic
384 2700 513 2761 carduus
539 2703 679 2759 strenuus
706 2699 908 2759 nominatiuus
934 2696 1113 2760 indicandos
1140 2701 1334 2778 imperatiuus
1357 2707 1386 2759 et
1409 2697 1478 2760 reli·

138 2830 167 2870 ss
179 2820 247 2881 qua.
290 2802 363 2864 ltem
394 2803 512 2862 nomina
540 2800 683 2860 feminina
716 2799 864 2860 secundae
897 2798 1102 2861 declinationis
1130 2801 1159 2859 in
1190 2818 1224 2860 us
1252 2799 1418 2861 desinentia
1446 2802 1477 2861 in

177 2903 320 2983 singulari
341 2922 468 2966 numero
490 2904 533 2963 sic
555 2899 756 2962 declinantur:
789 2901 862 2961 haec
890 2899 1011 2979 abyssus
1040 2899 1127 2961 buius
1155 2900 1252 2981 abyssi
1281 2901 1351 2963 huic
1372 2900 1478 2982 abysso

178 3005 255 3067 banc
282 3005 420 3086 abyssum
443 3023 461 3064 o
483 3003 607 3083 abyssus
630 3002 667 3063 ab
695 3001 750 3062 bac
778 3000 891 3081 abysso.
937 3003 985 3062 Sic
1013 3000 1199 3064 declinantur
1226 3002 1301 3064 baec
1328 3004 1477 3085 Aegyptus

177 3107 252 3169 baec
273 3106 381 3168 humus
396 3100 410 3189 ΙΙ
425 3107 444 3166 1.
462 3101 522 3166 99b
539 3102 550 3187 ΙΙ
567 3105 640 3166 lraec
663 3104 812 3173 heremus,
836 3111 866 3165 et
887 3105 1007 3164 nomina
1029 3103 1169 3166 arborum
1196 3106 1227 3166 in
1250 3123 1286 3166 us
1308 3106 1477 3168 desinentia

175 3209 319 3271 leminiua
341 3216 411 3269 sunt
434 3214 463 3267 et
483 3207 632 3268 secundae
660 3204 880 3276 declinationis,
909 3212 941 3266 ut
963 3204 1037 3265 baec
1065 3225 1192 3286 quercus
1214 3209 1303 3288 pinus
1324 3206 1425 3270 laurus
1448 3218 1478 3270 et

136 3311 301 3389 aorcliqua.
346 3309 470 3371 Nomina
499 3315 597 3369 autem
626 3315 732 3369 neutra
761 3309 804 3369 sic
832 3306 1036 3378 declinantur,
1060 3317 1092 3369 ut
1115 3318 1159 3370 est
1180 3308 1237 3371 hoc
1260 3308 1366 3389 uulgus
1388 3309 1477 3373 liuius

177 3411 260 3492 uulgi
282 3411 353 3473 huic
375 3408 466 3487 uulgo
488 3408 545 3471 hoc
573 3407 680 3488 uulgus
703 3428 720 3469 o
744 3409 852 3489 uulgus
873 3409 911 3471 ab
934 3411 991 3472 boc
1013 3407 1112 3486 uulgo.
1157 3410 1207 3473 Sic
1230 3403 1397 3473 declinatur
1420 3409 1477 3472 hoc

177 3514 299 3596 pelagus
320 3513 378 3575 boc
399 3513 492 3573 uirus.
538 3511 717 3590 Asperius
740 3510 826 3573 dicit:
850 3510 924 3573 lloo
948 3510 1165 3573 euidentius
1188 3511 1380 3574 sciendum
1404 3520 1475 3583 est,

177 3616 272 3696 quod
295 3615 416 3676 omnia
447 3614 594 3675 nomina
622 3621 754 3676 neutra
782 3614 817 3674 io
840 3612 1026 3692 singulari
1055 3631 1208 3675 numero
1231 3614 1313 3676 siue
1335 3616 1371 3676 in
1393 3613 1476 3695 plu·

176 3714 250 3779 rali
277 3716 509 3778 nominatiuo
539 3733 625 3776 casu
653 3723 688 3776 et
710 3716 931 3777 accusatiuo
959 3723 995 3775 et
1016 3716 1193 3777 uocatiuo
1220 3733 1327 3777 unam
1357 3715 1475 3778 decli·

137 3819 368 3884 ornationem
398 3815 550 3888 habent,
580 3820 634 3878 ita
664 3823 701 3877 ut
729 3835 794 3896 per
822 3818 942 3878 omnia
972 3816 1119 3878 nomina
1148 3823 1281 3878 neutra
1309 3835 1376 3878 nec
1404 3835 1473 3878 uua

177 3921 307 3982 littera
330 3923 367 3981 in
390 3919 664 3980 declinationis
691 3916 946 3981 similitudine
974 3936 1122 3979 casuum
1150 3918 1314 3996 ipsorum
1337 3920 1474 3980 mutari
1568 3982 1572 3995 ,

244 4109 258 4156 1
277 4120 373 4170 specus
392 4119 438 4170 pro
457 4105 500 4153 siti
569 4107 585 4154 2
603 4105 678 4154 deuio
696 4103 795 4154 habiret
846 4114 996 4167 quaerentes
1015 4099 1178 4168 inuenerunt]
1197 4105 1296 4154 Desunt
1312 4102 1376 4154 boec
1394 4104 1475 4156 uerba

174 4176 201 4225 r‘n
220 4175 350 4224 Prisciani
366 4173 494 4223 codicibus
512 4168 540 4235 (l
556 4189 583 4238 p.
602 4175 659 4231 260,
679 4175 695 4221 6
712 4172 759 4232 Η.)
828 4169 984 4237 30uidius]
1005 4173 1088 4222 l'n'sc.
1106 4173 1123 4225 l.
1141 4173 1159 4225 l.
1177 4173 1236 4232 260,
1256 4174 1272 4220 9
1289 4186 1342 4237 seq.
1412 4174 1474 4224 din

176 4243 260 4294 medio
278 4242 320 4291 uie
337 4241 419 4305 uirgis
506 4243 613 4291 bcecos
700 4237 863 4305 iplaustus]
883 4241 916 4304 cf.
937 4241 1019 4290 Prisc.
1039 4242 1142 4293 2116
1228 4238 1327 4304 8gene
1406 4239 1473 4291 aab

302 4309 471 4428 reru
494 4306 591 4426 :aaa
611 4309 804 4427 aaran:
871 4304 1473 4439 :r.:ru.1.r.rn2n:

175 4374 328 4512 pplcpoppplp
380 4394 431 4495 nil'
448 4394 475 4442 p·
484 4446 515 4495 21
535 4414 583 4494 llos
600 4457 684 4510 agnus
763 4447 796 4495 23
815 4392 869 4511 prtl)
878 4445 945 4495 duo¹¹
1030 4445 1063 4493 24
1081 4443 1181 4494 cardius
1233 4410 1370 4493 strennuus
1439 4446 1473 4495 26

174 4513 238 4564 haee
254 4513 369 4578 babgsus
387 4513 463 4563 huius
482 4512 555 4576 nbysi
574 4512 633 4562 huic
650 4513 731 4576 abyso
750 4510 811 4579 etc]
898 4515 932 4562 22
949 4512 1073 4576 aabysum
1126 4522 1236 4577 egyptus
1310 4513 1344 4563 28
1361 4526 1437 4562 umus

175 4582 289 4661 lierimps
374 4584 407 4633 29
425 4579 492 4631 lema
577 4582 610 4632 32
628 4577 766 4647 Asperius]
784 4599 812 4647 p.
831 4582 874 4643 u,
892 4584 925 4631 25
942 4580 1090 4633 dmusIdri
1156 4581 1190 4630 36
1206 4580 1233 4629 in
1250 4595 1298 4635 om.
1350 4595 1438 4632 casum

175 4664 267 4702 rutrum:
