3420 5378
199 178 258 242 108
717 178 782 231 Alis
800 179 976 232 anourtta

196 387 282 431 casus
304 368 454 449 reperitur
475 365 596 447 duplex,
618 366 699 429 ‘cum
722 384 777 447 per
800 384 903 428 omnes
925 385 1012 429 casus
1034 386 1092 430 una
1119 367 1282 449 eademqne
1303 368 1344 429 sit
1364 366 1499 429 declina·

196 473 251 540 tio,
276 479 308 531 ut
329 469 456 531 dicimus
477 486 567 548 sepes
588 470 668 549 sepis
688 477 719 530 et
737 486 807 546 seps
826 472 905 546 sepis
920 465 931 550 ΙΙ
948 468 968 529 i.
991 465 1071 530 101⁵
1086 466 1099 553 ll
1114 468 1209 532 hebes
1228 468 1347 543 bebetis
1370 475 1403 531 et
1423 468 1499 531 habs

196 571 326 641 hebetis,
356 588 461 651 preces
484 572 582 650 precis
604 577 635 631 et
656 587 730 650 prex
752 571 866 649 precis,
895 570 1134 633 senescentem
1157 590 1207 634 ses
1229 571 1311 633 sedis
1332 578 1364 634 et
1386 578 1497 633 cetera.

196 674 258 735 lloc
286 674 413 733 maxime
441 679 564 751 propter
591 678 753 733 metrorum
782 673 989 734 necessitatem
1021 672 1190 753 pedumque
1222 671 1497 735 mensurandornm

175 794 230 837 Aac
244 784 410 855 temporum
428 773 607 853 positionem
630 773 795 853 accipitur’.
830 773 949 835 Tertiae
972 771 1178 837 declinationis
1201 792 1278 856 quae
1300 784 1347 836 est
1368 774 1522 853 agnitioia

194 878 275 939 llaec
303 882 363 938 est:
398 877 484 937 carius
516 876 672 953 genetiuus
700 873 857 954 singularis
886 876 917 935 ia
945 877 971 937 is
991 885 1160 956 correptam
1182 877 1371 946 terminatur,
1394 884 1429 937 ut
1449 875 1498 937 hic

195 987 280 1059 pater
302 977 519 1056 huius-patuis;
543 976 660 1038 datiuus
683 977 713 1036 in
735 977 745 1037 i
768 975 958 1056 productam,
983 985 1015 1038 ut
1037 977 1107 1039 huic
1128 979 1220 1057 patri;
1249 979 1440 1040 accusatione
1465 980 1498 1039 aia

194 1098 239 1141 em
262 1088 446 1161 correptam,
469 1086 502 1139 ut
523 1076 602 1139 hunc
624 1085 740 1157 patrem
760 1076 808 1138 uel
832 1080 862 1140 in
884 1081 935 1149 im,
951 1087 985 1140 ut
1005 1079 1083 1140 hanc
1099 1082 1215 1150 nauim;
1238 1079 1398 1141 uocatiuus
1416 1080 1497 1141 simi·

195 1181 231 1242 lis
254 1189 298 1242 est
320 1181 520 1248 nominalium
549 1177 639 1241 babet
661 1181 740 1240 enim
763 1186 807 1241 tot
828 1181 1068 1251 terminationes,
1097 1189 1170 1259 quot
1196 1181 1420 1251 nominatione
1444 1178 1497 1242 ab·

196 1283 304 1345 latinus
332 1281 489 1363 aliquando
510 1279 543 1342 in
572 1289 791 1361 ecorreptam,
821 1289 853 1342 ut
880 1282 918 1344 ab
945 1281 1004 1345 hoc
1031 1292 1129 1363 patre,
1158 1281 1318 1363 aliquando
1339 1285 1374 1344 in
1394 1285 1407 1344 ἱ
1427 1301 1529 1364 pro-n

196 1385 323 1454 ductam,
348 1391 380 1444 ut
403 1382 441 1445 ab
463 1382 519 1445 hac
543 1385 626 1452 naui;
651 1383 803 1444 inuenitur
825 1393 925 1445 autern
948 1403 1040 1447 unum
1062 1401 1182 1455 nomen,
1205 1385 1284 1465 quod
1309 1405 1331 1459 e,
1348 1385 1496 1466 producta

196 1487 379 1555 terminatur,
403 1494 437 1548 ut
450 1485 488 1546 ab
505 1485 559 1546 hac
580 1483 668 1545 tarne.
705 1483 778 1546 ltem
801 1487 1003 1549 nominatinus
1025 1492 1055 1547 et
1076 1489 1266 1548 accusatiuus
1289 1493 1321 1547 et
1341 1488 1497 1548 mentions

123 1614 126 1619 ·
195 1586 320 1668 pluralis
349 1588 380 1649 in
408 1585 572 1649 masculino
600 1595 630 1648 et
657 1587 800 1648 feminino
829 1604 939 1665 genere
962 1589 992 1649 in
1016 1607 1048 1650 es
1076 1586 1252 1666 productam
1280 1589 1494 1665 terminantur,

196 1696 228 1751 ut
249 1688 280 1750 hi
302 1697 402 1770 patres
424 1687 530 1750 athos
551 1695 651 1768 patres
673 1695 744 1749 eto
772 1696 888 1769 patres,
917 1691 948 1750 iu
975 1696 1084 1751 neutro
1112 1696 1210 1751 autern
1239 1690 1446 1752 nominatiuus
1466 1698 1497 1751 et

194 1793 380 1853 accusatiuus
402 1797 432 1853 et
454 1791 607 1853 uocatiuus
629 1788 753 1868 pluralis
773 1791 804 1851 in
827 1808 843 1851 a
866 1800 1035 1870 correptam
1060 1791 1273 1861 terminantur,
1303 1792 1375 1853 item
1404 1808 1528 1871 gene-n

195 1894 273 1954 tinus
301 1891 424 1972 pluralis
451 1894 483 1953 in
511 1910 562 1953 um
583 1897 751 1970 correptam
782 1891 904 1961 desinit,
935 1901 967 1954 ut
989 1893 1095 1954 horum
1118 1899 1251 1972 patrum;
1280 1890 1445 1970 aliquando
1464 1893 1496 1953 in

126 2008 130 2016 ·
193 1995 268 2063 ium,
292 2000 325 2055 ut
346 1993 449 2056 harum
480 1993 615 2064 nauium;
645 1992 763 2055 datiuus
786 2003 815 2055 et
837 1992 980 2057 ablaticus
1002 1994 1033 2055 ln
1060 1994 1115 2055 bus
1136 2000 1316 2073 correptam,
1338 2001 1374 2056 ut
1396 1993 1446 2057 bia
1466 2002 1496 2057 et

194 2095 233 2157 ab
253 2095 301 2157 his
323 2096 468 2174 patribus.

278 2198 312 2259 lu
340 2216 356 2258 a
385 2198 475 2276 igitur
503 2197 668 2277 desinentia
697 2197 817 2259 nomina
844 2199 875 2258 in
903 2197 989 2258 tertia
1017 2195 1215 2258 declinatione
1236 2196 1352 2259 Graeca
1375 2205 1497 2260 suntet

193 2306 315 2367 neutra,
340 2306 372 2359 ut
393 2298 451 2359 hoc
472 2296 591 2359 schema
614 2298 720 2376 dogma
742 2316 848 2379 poema
870 2298 1015 2361 emblema
1030 2297 1192 2380 †orenima
1214 2306 1351 2360 toreuma
1366 2299 1529 2374 †teriu·so

194 2418 243 2461 ma
265 2397 398 2461 celeuma
420 2399 566 2479 baptisma
589 2399 735 2461 charisma
758 2401 893 2479 aenigma
908 2403 931 2476 †
946 2407 1079 2464 toreama
1101 2418 1209 2462 onoma
1230 2399 1337 2463 rbema
1358 2418 1495 2479 gramm

194 2511 225 2565 ct
246 2510 354 2564 cetera.
392 2502 473 2564 Haec
495 2509 593 2563 antem
615 2501 735 2563 nomina
753 2501 865 2564 Graeca
888 2503 933 2563 sic
954 2501 1156 2565 declinantur:
1180 2502 1237 2563 boc
1259 2502 1383 2566 schema
1406 2502 1497 2566 huius

94 2632 98 2639 ¹
193 2604 352 2667 schematis
374 2603 444 2666 huic
464 2601 607 2665 schemati
629 2600 686 2663 boc
708 2602 828 2665 schema
850 2623 868 2663 o
890 2603 1011 2666 schema
1032 2604 1070 2667 ab
1092 2603 1150 2666 hoc
1171 2603 1326 2667 schemate
1340 2612 1377 2666 et·
1386 2603 1496 2685 plurali

193 2705 267 2769 haec
293 2705 445 2768 schemata
473 2704 582 2767 horum
603 2704 788 2767 schematum
811 2705 858 2768 his
879 2705 1078 2768 schematibus
1100 2706 1173 2768 haec
1194 2705 1347 2769 schemata
1368 2724 1388 2766 o
1410 2705 1496 2769 sebe·

193 2816 271 2870 mata
293 2807 331 2870 ab
353 2807 399 2869 his
421 2805 633 2869 schematibus.
671 2807 720 2868 Sic
742 2806 931 2869 declinantur
952 2815 1051 2870 cetera
1074 2809 1192 2869 nomina
1209 2809 1324 2870 Graeca
1346 2810 1379 2870 in
1403 2827 1421 2870 a
1444 2808 1530 2871 ata-s

192 2910 319 2971 sinantia
346 2911 377 2970 ln
407 2910 493 2971 tertia
521 2907 730 2970 declinatione.
775 2909 935 2971 Sciendum
958 2917 1139 2981 astantem,
1170 2910 1248 2990 quod
1272 2910 1349 2972 haec
1370 2912 1495 2974 nom'uta

193 3011 328 3073 diuersas
349 3009 562 3073 declinationes
584 3010 661 3090 apud
675 3017 803 3072 ueteres
825 3010 1009 3082 habuerunt;
1032 3010 1083 3072 alii
1105 3013 1184 3073 enim
1207 3013 1264 3074 alia
1284 3011 1494 3076 declinabant:

194 3111 267 3173 haec
293 3111 413 3174 schema
441 3111 529 3174 huius
553 3112 708 3181 schemam
737 3112 787 3174 alii
817 3132 890 3175 uero
911 3115 953 3175 sic
982 3113 1182 3176 declinabant:
1216 3113 1274 3175 hoc
1304 3113 1495 3178 schematum

193 3214 282 3288 liuius
303 3213 446 3275 schemati
469 3213 540 3276 huic
561 3214 712 3276 schemato
734 3215 791 3276 hoc
813 3215 996 3277 schematum
1019 3233 1036 3274 o
1059 3216 1242 3278 schematum
1264 3214 1302 3278 ab
1324 3216 1385 3277 hoc
1407 3217 1496 3281 sche-

193 3322 273 3378 mato
301 3324 331 3376 et
359 3314 465 3395 plurali
494 3314 568 3378 baec
595 3316 745 3379 schemata
772 3317 879 3378 horum
908 3317 1126 3380 schematorum
1156 3319 1202 3379 his
1228 3317 1392 3381 schematis
1421 3318 1531 3381 baccea

193 3417 344 3479 schemata
367 3437 385 3479 o
407 3418 557 3479 schemata
580 3417 618 3481 ab
640 3418 687 3480 his
708 3417 880 3488 schematis,
909 3421 986 3480 sicut
1012 3417 1062 3481 illa
1086 3421 1205 3481 nomina
1227 3400 1378 3482 secuddae
1403 3420 1496 3483 decli·

193 3521 322 3582 nationis
344 3521 375 3581 in
399 3538 448 3580 um
472 3520 643 3582 desinentia.
687 3519 760 3581 lnde
783 3521 1000 3583 Priscianus
1022 3521 1108 3584 dicit:
1138 3522 1286 3599 quidam
1307 3532 1435 3586 autem
1457 3525 1495 3586 in

192 3640 248 3683 um
271 3620 538 3683 huiuscemodi
567 3623 750 3683 nominum
779 3622 1022 3702 protulerunt
1051 3626 1304 3686 nominatiuos
1326 3624 1397 3686 hoc
1420 3642 1492 3687 em·

194 3721 395 3784 hiematum
418 3721 525 3783 huius
548 3722 759 3785 emblemati
783 3723 850 3786 hoc
875 3733 1122 3786 toreumatum
1145 3725 1255 3787 huius
1283 3729 1494 3790 toreumati

192 3824 261 3889 hoc
289 3824 517 3886 schematum
545 3823 654 3887 huius
680 3825 873 3888 schemati.
918 3827 1016 3889 Vnde
1044 3810 1230 3904 frequens
1253 3844 1342 3888 usus
1365 3845 1529 3890 eorumse

193 3926 341 3988 datiuos
365 3934 398 3988 et
427 3923 619 3987 ablatiuos
646 3926 812 4006 plurales
834 3929 871 3987 in
893 3930 925 3989 is
948 3929 1140 4004 terminat,
1169 3936 1207 3990 ut
1228 3928 1285 3990 his
1308 3936 1345 3990 et
1366 3928 1411 3991 ab
1434 3928 1493 3992 his

193 4049 420 4058 ,.--.-.---.-.-

261 4115 274 4162 1
294 4114 437 4178 repperitur
487 4128 546 4162 cum
556 4128 642 4178 per-
652 4113 668 4164 b
681 4113 806 4179 accipitur
815 4121 875 4166 suut
885 4114 966 4164 serbo
978 4115 1087 4180 Verpila'i
1096 4114 1189 4165 Asiani
1199 4131 1225 4180 p.
1236 4118 1253 4166 8
1265 4115 1334 4174 Mea,
1354 4119 1398 4182 qai
1408 4124 1493 4169 tam

191 4195 242 4243 pro
253 4180 352 4230 ‘hebes’
363 4189 411 4234 etc.
429 4185 494 4232 male
511 4181 628 4233 exhibet:
647 4180 726 4232 Cebes
745 4180 843 4232 Cebetis
861 4192 887 4232 et
904 4181 968 4232 Ceba
982 4182 1089 4235 Cebetis.
1140 4186 1194 4232 tot
1205 4199 1267 4249 seps
1278 4185 1354 4249 sepis
1366 4186 1461 4237 addidi

193 4247 271 4299 trabes
289 4248 343 4298 abis
362 4259 387 4298 et
399 4246 456 4298 tens
469 4250 543 4299 ebitis
596 4251 745 4315 'lpaodueta
779 4249 928 4300 acusatiuus
940 4263 1081 4316 correptam
1134 4250 1222 4302 8hinc
1274 4251 1492 4318 duominatiuus]

192 4317 369 4366 terminatiuns
439 4319 470 4368 to
488 4317 658 4380 aliquandoe
710 4320 742 4369 13
754 4319 916 4368 termina¹tnr
968 4321 999 4369 14
1016 4318 1051 4369 hii
1104 4321 1137 4370 15
1155 4321 1316 4369 termimum
1369 4322 1400 4370 l'l
1418 4335 1493 4371 marm

191 4387 226 4436 20
237 4399 321 4434 scema
355 4384 449 4449 dogma
459 4385 552 4449 dogma
564 4385 675 4451 phooma
686 4385 806 4434 emblime
816 4387 926 4436 acerrima
940 4389 1048 4436 torioma
1058 4388 1166 4437 terluma
1178 4387 1284 4438 celiuma
1336 4389 1369 4438 21
1383 4390 1493 4438 cariam·

193 4454 291 4518 ineoma
303 4463 414 4502 toreama
466 4468 536 4502 rema
587 4454 730 4514 22scemo,
748 4469 849 4518 semper
899 4457 933 4505 23
945 4453 1003 4503 lruic
1015 4465 1140 4509 scemate,
1159 4471 1227 4506 corr.
1239 4457 1291 4506 —ti
1309 4454 1388 4505 hrains
1406 4471 1494 4507 scema

192 4521 224 4571 2‘l
241 4521 366 4570 abuerunt
417 4522 450 4572 28
468 4521 696 4571 huiusscematam
748 4523 994 4584 asscensorem.
1008 4525 1059 4573 -ti
1120 4525 1153 4574 82
1165 4521 1323 4589 Priscianus]
1338 4523 1357 4574 1
1366 4540 1397 4588 p.
1406 4526 1495 4584 2ot,r

226 4602 294 4637 mum
362 4591 396 4640 33
413 4587 590 4639 huiuscemodi
636 4590 809 4641 nominatiuns
854 4590 1025 4640 emblimatnm
1086 4594 1120 4642 34
1137 4591 1275 4642 emblimati
1326 4592 1493 4645 toriomatnm

226 4656 354 4707 toriomati
423 4660 455 4709 35
472 4656 574 4721 lreques
643 4660 676 4709 33
693 4657 797 4708 (latinus
814 4667 839 4708 et
855 4658 982 4708 oblatiuus
1034 4661 1180 4710 terminant·
