3420 5378
240 260 301 325 190
689 259 857 312 vucomn
876 258 1111 313 onamuartcr

325 447 336 531 d
354 445 425 529 15·
442 448 455 530 il
479 449 591 509 Omnes
612 449 850 526 grammatici
871 447 988 516 dicunt,
1013 447 1092 526 quod
1115 455 1255 510 accentus
1278 449 1365 510 uocis
1387 466 1450 510 non
1471 459 1535 529 pot·

238 559 282 611 ost
303 551 332 608 in
356 549 458 609 ultima
481 548 591 630 syllaba
614 567 680 609 esse
703 547 779 628 apud
796 548 933 618 Latinos,
957 551 1014 610 nisi
1028 551 1059 610 in
1075 551 1189 629 paucis.
1221 548 1416 628 Vergilius
1437 558 1534 612 tamen

237 653 265 713 bl
273 670 335 712 aro
362 652 392 710 iu
416 649 517 711 multis
540 650 640 712 uerbis
664 651 749 730 ponit
771 651 801 709 in
824 648 924 711 ultima
948 652 987 711 ita
1011 650 1130 712 dicens:
1170 648 1312 712 Nonnulli
1335 652 1434 721 aiunt,
1458 653 1534 733 quod

237 756 265 813 in
289 770 349 812 rino
372 769 489 831 quoque
511 769 632 830 gressu,
656 750 734 812 idest
755 770 828 812 sono
851 750 942 811 duum
965 751 1090 831 pedum.
1114 750 1193 813 idest
1214 750 1397 833 syllabarum
1420 754 1536 834 primus

238 854 371 914 eleuetur
393 860 422 913 et
443 852 591 914 secundus
612 851 786 923 inclinetur,
817 860 848 912 nt
870 852 940 930 legit
963 853 1023 931 agit
1049 851 1134 915 nobit
1164 850 1258 916 uadit'
1301 853 1362 914 Sed
1386 871 1443 915 nos
1465 854 1558 916 diei-s

237 974 317 1026 mus,
341 955 420 1036 quod
443 963 557 1015 rectum
581 971 647 1015 esse
675 956 833 1025 sentimus,
862 954 940 1033 quod
971 973 1031 1015 nou
1061 957 1160 1017 minus
1187 958 1361 1036 reperimus
1388 956 1537 1019 secundos

237 1057 328 1135 pedes
350 1055 475 1126 eleuari,
500 1073 588 1134 quam
611 1058 738 1136 primos,
763 1064 795 1116 ut
818 1056 873 1134 ego
895 1055 961 1116 amal
984 1055 1057 1118 doee'
1080 1057 1160 1118 audi.
1191 1057 1318 1119 Maxime
1342 1064 1445 1119 autem
1466 1056 1537 1119 baec

237 1159 395 1220 diuersitas
417 1155 455 1216 ob
478 1156 664 1219 dissimilium
687 1174 828 1218 sonorum
851 1156 1064 1218 discretionem
1086 1168 1205 1240 reperta
1228 1168 1288 1229 est,
1311 1178 1354 1220 ue
1375 1158 1536 1221 conludii·

235 1260 302 1321 litas
324 1259 421 1337 aliqua
445 1266 592 1333 nascatur.
629 1258 759 1319 Dicimus
775 1259 853 1318 enirn
870 1260 1055 1319 nominatiuo
1078 1277 1149 1321 casu
1172 1260 1259 1321 sedes
1282 1258 1405 1323 eleuata
1425 1262 1535 1342 prium

188 1409 190 1414 .
237 1370 266 1422 at
289 1365 315 1423 si
338 1360 464 1422 uerbum
486 1362 538 1429 sit,
572 1378 658 1421 uersa
692 1359 759 1419 uice
786 1358 949 1420 secundum
978 1358 1112 1422 leuantes
1139 1361 1243 1442 pedem
1273 1361 1405 1424 dicimus
1433 1361 1565 1431 sedetur

237 1466 279 1523 sic
302 1482 368 1523 cum
392 1461 500 1522 dicitur
521 1460 623 1535 repes,
657 1461 771 1539 primus
794 1461 933 1536 erigitur;
963 1469 993 1520 at
1014 1479 1081 1522 eum
1105 1462 1232 1525 uerbum
1254 1463 1360 1543 reges,
1390 1463 1535 1525 secundus

237 1584 289 1644 pes
318 1564 468 1632 eleuatur,
505 1560 583 1641 quod
613 1580 673 1622 non
701 1560 862 1623 secundum
891 1563 1037 1622 rationem
1071 1572 1251 1633 metrorum,
1284 1567 1343 1626 seu
1373 1564 1533 1627 secundom

238 1665 425 1726 discretionis
447 1663 640 1744 aptitudinem
664 1664 763 1724 lacere
786 1659 929 1733 solemus,
954 1665 1031 1725 siout
1052 1665 1141 1724 etiam
1164 1710 1334 1727 ......
1357 1667 1533 1746 imperatiuo

236 1768 324 1828 ruodo
347 1768 471 1845 primam
494 1766 628 1827 acuimus
651 1763 791 1844 syllabam
815 1771 845 1823 et
867 1766 1058 1827 nouissimam
1087 1765 1250 1835 calcamua;
1278 1776 1309 1827 at
1339 1786 1376 1829 ex
1406 1768 1533 1839 dinem,

237 1868 286 1929 ubi
310 1866 485 1930 aduerbium
509 1869 547 1928 sit
569 1873 619 1926 aut
640 1866 830 1944 praepositio,
853 1867 949 1944 prima
973 1865 1112 1937 calcatur,
1137 1868 1297 1929 nouissima
1321 1871 1455 1932 acuitur.
1543 1888 1561 1927 o

322 1970 334 2050 ll
352 1968 373 2028 l.
388 1965 430 2029 bb
447 1965 459 2047 ll
485 1970 520 2029 Vt
536 1965 728 2044 Vergilius
750 1965 835 2026 dicit:
859 1966 939 2028 llaec
954 1976 1055 2028 autem
1069 1968 1213 2031 Latinitas
1233 1978 1363 2050 propter
1385 1977 1532 2033 oratorum

235 2073 458 2149 ornatissimum
483 2069 671 2147 eloquentiae
686 2067 819 2146 leporem
835 2069 928 2129 oratio
944 2078 1141 2150 nuncupatur,
1165 2070 1244 2132 unde
1267 2080 1373 2151 partes
1393 2072 1533 2135 orationis

235 2171 452 2250 intellegendae
479 2178 551 2231 sunt
577 2168 614 2229 de
643 2186 768 2229 numero
790 2175 889 2249 partes
911 2170 1084 2233 latinitatis.
1129 2172 1286 2234 Orationes
1308 2191 1369 2253 pro
1389 2176 1532 2237 sermoni·

236 2275 291 2335 bris
314 2271 587 2353 elocutionibusque
610 2270 801 2350 accipiendae
829 2280 913 2340 sunt,
943 2275 1071 2353 quaein
1100 2281 1167 2334 octo
1188 2283 1291 2354 partes
1312 2273 1390 2336 liudi
1410 2274 1532 2338 soleant.

322 2374 335 2456 ll
352 2376 372 2436 i.
390 2373 425 2436 t·
443 2372 455 2453 l!
480 2376 517 2434 vt
540 2371 744 2450 Vergilius:
768 2371 977 2445 Reddidimus,
1001 2377 1213 2457 utqpotuimus,
1230 2378 1407 2456 vsuperioris
1430 2396 1558 2459 super-tr

235 2478 405 2556 scriptionis
433 2477 561 2554 epitoma
590 2475 737 2534 rationem
765 2475 1002 2554 requirentibus,
1031 2494 1087 2555 qua
1116 2476 1153 2538 de
1181 2496 1268 2539 cama
1299 2495 1415 2540 nomen
1443 2479 1531 2541 uerbo

236 2578 472 2660 praetulerimus.
517 2576 603 2636 Nunc
629 2574 709 2636 aliud
738 2578 920 2655 quaestionis
942 2576 1066 2638 inminet
1092 2596 1202 2656 genus,
1231 2598 1285 2640 cur
1307 2582 1402 2641 etiam
1424 2598 1530 2661 prono-

235 2700 303 2742 men
327 2679 452 2741 uerbum
475 2677 640 2757 praecedit,
663 2698 731 2740 curn
754 2677 879 2739 uerbum
903 2680 1036 2740 omnium
1059 2681 1187 2760 partium
1203 2683 1361 2760 egregium
1377 2683 1428 2744 sit
1466 2683 1531 2755 Oui·

235 2783 290 2843 bus
317 2782 373 2842 boc
403 2779 491 2842 modo
524 2779 765 2859 respondendum
795 2788 853 2851 est,
889 2781 967 2859 quod
999 2782 1030 2841 in
1064 2781 1210 2844 diuisione
1239 2784 1375 2844 omnium
1405 2786 1531 2864 partiunt

234 2885 379 2945 orationis
401 2881 451 2942 alii
474 2889 540 2943 octo
564 2890 665 2961 partes
687 2881 843 2952 dixerunt,
873 2881 1008 2943 nonnulli
1031 2882 1158 2944 eundem
1181 2901 1342 2946 numerum
1367 2886 1558 2949 minuenters

235 3005 343 3046 nornen
368 2993 397 3045 et
418 3001 583 3064 pronomen
606 2984 636 3044 in
660 2983 784 3044 eandem
806 2991 921 3063 partem
945 2983 1140 3062 redigendum
1164 2992 1356 3064 putauerunt
1394 2987 1531 3051 ,Verbum

235 3104 354 3164 quoque
377 3094 406 3146 et
427 3086 616 3166 participium
639 3088 667 3145 in
692 3103 782 3146 unum
805 3083 1062 3162 conglomerantes
1084 3084 1245 3148 absurdum
1269 3086 1431 3161 dixerunt,
1455 3089 1532 3152 uelot

234 3208 250 3248 a
273 3205 400 3267 corpore
423 3186 605 3255 membrum,
636 3188 675 3247 ita
699 3205 716 3247 a
739 3184 832 3247 uerbo
854 3206 994 3266 separare
1017 3189 1213 3268 participium.
1258 3188 1412 3251 Aduerbio
1435 3200 1530 3252 auteur

236 3299 265 3350 ct
287 3291 512 3351 coniunctiones
540 3306 628 3349 unam
656 3295 769 3367 partem
800 3307 866 3349 esse
888 3297 1071 3368 putauerunt
1091 3290 1286 3369 sequestratis
1307 3294 1532 3372 praepositione

235 3400 264 3452 et
286 3393 509 3460 interiectione,
539 3398 627 3468 atque
654 3390 692 3449 ita
722 3397 791 3449 tuno
819 3397 897 3460 erat,
928 3398 959 3450 ut
980 3409 1034 3470 pro
1057 3399 1124 3452 octo
1145 3390 1282 3471 partibus
1304 3393 1329 3452 V
1353 3410 1559 3454 annumero-a

302 3666 318 3714 2
337 3658 479 3729 Vergilius]
500 3661 557 3711 Non
575 3666 649 3711 eaetot
667 3662 737 3726 apud
754 3661 858 3710 Maiam.
927 3664 943 3711 4
961 3661 1028 3711 idest
1044 3663 1136 3712 addidi
1213 3665 1229 3713 o
1247 3657 1321 3727 legit]
1341 3664 1477 3715 Accentara
1491 3664 1529 3714 de·

233 3741 300 3782 ecrit.
370 3734 454 3794 tique
472 3741 567 3779 rectum
622 3728 837 3779 8discrocionem
908 3731 940 3778 10
957 3739 984 3778 at
1000 3730 1034 3778 sit
1102 3732 1132 3779 ll
1152 3744 1226 3796 reges
1244 3731 1345 3794 addidi,
1363 3733 1414 3782 aed
1429 3734 1531 3796 imper

233 3802 361 3850 ‘niominis'
379 3800 530 3864 sipnr'ficnta'o
548 3796 709 3847 intercidisse
727 3798 836 3846 uidetur.
907 3798 1018 3861 eregitur
1036 3808 1080 3847 aut
1097 3812 1154 3847 cum
1241 3799 1273 3847 12
1292 3811 1344 3847 nou
1364 3813 1416 3849 non
1487 3799 1528 3849 sed

233 3869 325 3918 addidi
405 3870 436 3918 13
454 3863 541 3930 etiam]
563 3865 723 3914 Exciderunt
741 3867 860 3914 nonnulla
876 3864 907 3914 ob
923 3867 1095 3928 putredinem,
1113 3868 1209 3916 redde
1226 3869 1316 3931 ‘pone'
1334 3867 1463 3919 mattae
1479 3869 1528 3933 opt'·

233 3945 282 3989 tar.
353 3938 385 3985 15
402 3935 470 3983 calca
488 3933 630 3982 nouissima
645 3933 759 3981 occuitur
844 3934 876 3982 lo
906 3930 1046 3998 Vergilius]
1065 3949 1093 3996 p.
1112 3936 1145 3981 99
1163 3935 1220 3985 Mai
1288 3935 1318 3983 l'l
1338 3935 1530 3985 ornatissimum

234 4004 346 4068 leporem
367 4005 448 4053 oratio
467 4010 640 4070 rrtrncupatur:
660 4001 770 4049 undeet
789 4010 875 4065 portes
886 4000 1008 4049 orationis
1021 4000 1205 4066 intellegendae
1216 4012 1274 4051 sotrt
1293 4014 1383 4066 partes
1400 4002 1529 4053 latinitatis

234 4105 321 4155 litoius
391 4103 450 4154 unde
469 4115 554 4169 partes
573 4068 761 4168 orag⁰n¹⁵(cmr.
780 4118 811 4152 m.
830 4101 877 4163 II)
958 4101 990 4150 18
1008 4102 1135 4152 orationes
1153 4118 1199 4153 om.
1219 4103 1306 4153 Maius
1396 4105 1528 4155 191011-

233 4173 415 4235 tionibusqune
466 4186 512 4237 pro
531 4173 691 4222 sermonibus
709 4169 923 4233 eloquentioribus
943 4169 1107 4233 accipiendae
1125 4171 1210 4221 Maius
1261 4170 1450 4223 eoleutllloiuo
1499 4174 1529 4223 w

234 4238 377 4305 Vergilius]
395 4258 424 4305 p.
442 4243 494 4291 137
511 4239 578 4289 Mai:
607 4239 745 4306 Superiore
761 4246 853 4303 coepto
872 4236 971 4286 reddita
988 4238 1053 4286 ratio
1072 4249 1111 4286 est
1128 4239 1313 4300 requirentibus
1331 4254 1387 4302 qua
1404 4240 1438 4290 de
1455 4253 1529 4291 eausa

302 4309 440 4374 uergilius,
463 4322 531 4360 corr.
550 4324 581 4359 m.
601 4308 635 4359 II
653 4310 717 4374 oirg.
748 4358 760 4371 .
787 4305 913 4371 superiori
930 4305 1129 4370 superscriptio,
1151 4321 1220 4356 corr.
1239 4307 1305 4355 ·loni
1323 4322 1356 4356 nc.
1377 4307 1412 4359 11
1498 4309 1526 4357 tt

233 4394 363 4460 cpitboma
415 4408 465 4456 qna
483 4392 590 4441 diutiav
632 4395 665 4444 23
683 4373 761 4457 uerbd
847 4390 979 4456 egregium
998 4389 1039 4438 ait.
1058 4389 1211 4454 Respondeo
1229 4389 1299 4452 quod
1320 4389 1450 4457 Virprit'ara
1468 4392 1529 4444 arat

232 4464 265 4512 25
284 4462 394 4512 eundem
413 4475 544 4510 nutrierunt
563 4476 609 4512 om.
628 4461 715 4510 Maiae
794 4461 826 4510 26
844 4459 870 4507 in
889 4457 976 4507 eadem
996 4468 1069 4522 porte
1086 4457 1173 4508 Mutua
1241 4470 1265 4507 et
1283 4457 1393 4509 uerbum
1412 4471 1439 4510 et
1455 4459 1528 4527 parti·

232 4531 328 4595 eipiurn
346 4531 434 4580 Maius
534 4531 567 4579 tt
586 4528 795 4593 congloberantes
818 4540 895 4575 arnam
918 4525 1044 4574 dixerunt.
1064 4525 1126 4575 Item
1144 4524 1267 4576 aduerbia
1285 4538 1310 4576 et
1325 4529 1528 4581 coniunctiones.

232 4602 326 4649 ceteris
344 4599 441 4649 omittis
458 4597 545 4647 Maius
614 4597 751 4645 obsurdum
828 4594 861 4643 28
879 4594 1011 4642 menbrum
1080 4608 1198 4658 sperare,
1217 4610 1288 4649 corr.
1305 4610 1432 4663 separare
1449 4615 1481 4651 ar.
1499 4594 1529 4646 ll

232 4667 265 4715 29
283 4682 359 4716 artroru
379 4676 537 4728 sequestrata
555 4665 746 4730 praepositione
765 4673 789 4712 et
806 4662 979 4711 interiectione
997 4662 1031 4710 ito
1050 4672 1078 4711 ut
1089 4662 1112 4710 V
1124 4671 1211 4728 portes
1231 4664 1409 4727 nominarent,
1428 4667 1530 4733 reliquit

233 4737 330 4784 omisssis
350 4733 434 4791 illotos
502 4734 535 4782 30
553 4744 614 4794 erat,
630 4747 761 4796 srqrrnscr.
780 4742 839 4779 turre
856 4746 887 4778 ru.
900 4730 934 4778 II
985 4731 1218 4797 arrumuoraueciut,
1236 4746 1440 4785 corn-attempt
1456 4752 1487 4786 ar.
1499 4732 1529 4785 ll
