3420 5378
646 290 857 344 annunciem.
1340 291 1398 355 121

190 483 222 545 ln
244 481 290 543 alx
314 496 433 557 quoque
455 496 546 539 rrnum
572 495 678 550 nomen
702 480 863 550 inuenitur,
887 488 920 541 nt
941 478 1005 540 calx
1029 479 1127 551 calcis,
1150 480 1230 560 quod
1251 483 1399 562 posterio-

104 604 169 648 rem
193 590 307 662 partem
332 580 414 661 pedis
437 579 589 658 significat.

191 687 223 748 ln
246 703 299 745 ane
322 689 394 759 quot
416 700 525 760 genera
549 681 759 744 inueniuntur?
795 682 874 744 ldest
891 687 960 753 triu,
986 684 1147 745 masculina
1162 686 1304 746 leminina
1320 703 1400 745 com-

105 790 221 858 munia;
244 783 421 851 masculina.
445 790 479 843 ut
499 782 547 842 hic
570 781 711 843 adamans
733 782 821 846 huius
843 785 1021 854 adamantis,
1047 804 1154 846 nomen
1178 786 1283 866 lapidis
1305 787 1400 847 duris·

79 893 182 954 ssimi.
227 888 299 950 item
328 887 376 947 bic
404 887 509 964 gigans
537 883 625 946 huius
653 886 789 963 gigantis.
838 887 1008 956 Feminina,
1042 895 1075 947 ut
1103 886 1174 948 haec
1203 887 1287 965 glans
1314 887 1401 948 buius

104 990 221 1073 glandis
244 988 368 1052 ethaeo
390 986 519 1049 dodrans
542 985 629 1047 buius
652 985 821 1066 dodrantis,
851 985 906 1049 hoc
930 997 974 1050 est
996 1006 1105 1050 nomen
1128 988 1269 1068 ponderis
1292 1007 1400 1051 nonem

104 1095 206 1157 uncias
228 1090 373 1153 habentis.
407 1089 579 1151 Communia
603 1089 691 1148 trium
713 1105 856 1166 generum
879 1090 909 1150 in
932 1106 995 1160 ans,
1020 1098 1052 1151 ut
1073 1091 1120 1151 lric
1144 1091 1270 1152 ethaeo
1292 1096 1321 1151 et
1343 1089 1402 1151 hoc

105 1213 209 1259 amans
236 1192 325 1253 huius
354 1192 494 1258 amantis:
523 1192 566 1250 sic
588 1199 668 1251 stans
691 1198 721 1250 et
742 1188 911 1260 ambulans;
942 1200 971 1252 et
993 1193 1093 1253 omnia
1115 1193 1272 1272 participia
1294 1193 1325 1253 in
1347 1209 1401 1252 ans

104 1297 283 1365 desinentia,
315 1310 391 1371 quae
418 1310 537 1372 semper
564 1313 580 1352 a
611 1294 707 1371 prima
736 1293 943 1371 coniugatione
971 1295 1110 1365 ueniunt,
1140 1294 1228 1355 trium
1256 1310 1401 1372 generum

67 1413 93 1454 ro
106 1398 275 1459 communia
298 1403 376 1456 sunt.

189 1499 222 1560 ln
245 1517 294 1560 ars
316 1496 373 1560 dua
395 1515 505 1576 genera
527 1496 729 1566 inueniuntur,
752 1495 963 1566 masculinum,
988 1504 1020 1558 ut
1043 1497 1090 1558 hic
1113 1498 1191 1558 blars
1213 1497 1302 1558 huius
1323 1496 1400 1556 lilar-

105 1603 158 1671 tis;
186 1600 236 1661 hic
263 1608 360 1661 autem
383 1598 463 1660 llars
491 1605 574 1676 pater
596 1596 715 1658 Romuli
742 1596 838 1658 dictus
860 1609 918 1668 est,
949 1616 1035 1676 quem
1059 1599 1184 1659 llomani
1207 1599 1291 1677 qnasi
1314 1597 1400 1659 decim

104 1701 283 1771 adorabant;
307 1703 481 1763 lemininnm
503 1700 535 1759 in
558 1718 615 1767 ars,
640 1706 671 1759 ut
693 1698 765 1759 baec
787 1718 836 1760 ars
858 1699 945 1761 buius
967 1701 1048 1760 artis.

189 1804 223 1865 ln
239 1801 291 1864 abs
307 1801 363 1863 dua
378 1820 488 1880 genera
504 1802 713 1869 inueniuntur,
738 1799 794 1860 lroc
810 1808 857 1861 est
871 1801 1066 1863 masculinum
1083 1810 1112 1864 et
1127 1820 1300 1871 commune;
1324 1820 1402 1864 mas·

67 1926 93 1969 ao
105 1906 250 1983 culinum,
275 1913 307 1965 nt
328 1905 376 1964 hic
398 1901 482 1984 trabs
504 1901 592 1963 huius
607 1900 715 1963 trabis:
739 1903 986 1984 Hieronymus
1002 1903 1120 1965 ‘trabis'
1136 1904 1318 1964 nominatiuo
1333 1921 1402 1983 pro·

106 2009 267 2076 nuntiauit,
296 2009 373 2066 sicut
395 2007 431 2066 in
454 2002 649 2081 euangelio
672 2001 794 2081 legitur:
830 2015 864 2065 et
891 2023 975 2066 ecce
998 2004 1117 2066 trabis
1138 2007 1173 2066 iu
1196 2003 1307 2086 oculo
1329 2011 1401 2089 tuo.

106 2110 269 2173 Commune
291 2109 417 2180 duorum
440 2122 599 2183 generum,
622 2113 654 2166 ut
676 2105 724 2166 hic
747 2114 776 2166 et
799 2106 872 2167 haec
893 2104 988 2167 Arabs
1011 2107 1099 2169 huius
1113 2106 1232 2178 Arabis,
1256 2105 1334 2187 quod
1358 2113 1403 2168 est

105 2209 215 2292 gentile
237 2210 274 2274 de
297 2207 403 2270 Arabia
422 2206 589 2268 dirinatunr.

190 2313 223 2374 ln
238 2331 291 2373 arx
307 2329 396 2372 uncum
414 2328 523 2371 nomen
539 2309 724 2378 lemininum,
747 2317 780 2370 ut
802 2309 876 2370 llaec
898 2328 949 2370 arx
967 2310 1054 2371 lunius
1070 2312 1148 2371 arcis
1163 2311 1233 2371 lrnic
1248 2312 1310 2372 arci
1326 2308 1402 2370 lranc

67 2433 206 2479 marcent
228 2432 246 2474 o
269 2431 322 2474 arx
344 2411 381 2474 ab
405 2412 459 2472 hac
480 2428 549 2472 arce
571 2410 627 2471 bae
650 2429 734 2472 arces
762 2412 866 2472 harum
894 2414 1007 2473 arcium
1032 2412 1079 2473 lais
1102 2411 1221 2473 arcibus
1243 2413 1296 2475 has
1318 2430 1402 2472 arces

107 2537 125 2578 o
147 2535 230 2579 arces
254 2514 291 2578 ab
313 2514 360 2575 his
382 2511 510 2575 arcibus.

191 2619 224 2679 ln
248 2615 294 2678 uls
317 2633 407 2676 unum
431 2631 541 2675 nomeu
564 2615 753 2684 lemininum,
777 2623 809 2675 ut
832 2615 902 2677 lraec
925 2613 991 2695 puls
1013 2614 1112 2694 pultis.

182 2718 224 2799 ‚ln
248 2737 305 2779 anx
328 2733 421 2778 unum
444 2733 553 2776 nornen
576 2715 762 2785 lemininum,
793 2725 825 2778 ut
847 2717 920 2778 haec
942 2717 1009 2778 lanx
1031 2715 1120 2777 huius
1142 2714 1236 2777 laucis
1259 2723 1289 2776 et
1310 2733 1401 2775 uuum

108 2819 317 2888 masculinum,
341 2825 374 2879 ut
395 2815 444 2878 hic
466 2815 594 2896 phalanx
616 2815 704 2876 huius
726 2817 889 2897 phalangis.

68 2941 96 2984 as
191 2922 224 2983 ln
247 2940 307 2983 unx
323 2936 415 2983 unum
437 2935 543 2980 nomen
558 2935 726 2988 commune,
750 2927 782 2980 ut
796 2922 846 2982 bic
860 2928 889 2980 et
904 2921 976 2981 haec
999 2921 1127 2980 coniunx
1149 2920 1237 2980 huius
1259 2919 1401 2997 coniugis.

192 3023 224 3083 ln
247 3041 301 3084 ens
322 3029 395 3102 quot
417 3038 525 3100 genera
547 3020 762 3080 terminantur?
797 3023 860 3083 lloc
876 3029 919 3082 est
935 3029 1081 3102 quattuor,
1106 3020 1301 3083 masculinum
1317 3021 1402 3081 lemi-

107 3126 209 3186 ninnm
232 3141 391 3185 commune
414 3124 629 3202 promiscuum;
654 3121 857 3194 mascnlinum,
883 3124 977 3184 utlaio
994 3124 1170 3185 densbuius
1186 3121 1290 3183 dentis.
1329 3122 1402 3182 ltem

107 3228 276 3308 proprium,
309 3235 342 3286 ut
370 3225 417 3284 bic
445 3225 547 3292 erns:
584 3224 772 3293 lemininum,
802 3234 833 3286 ut
860 3225 933 3287 baec
961 3243 1045 3287 mens
1074 3226 1182 3286 mentis
1209 3242 1281 3303 gens
1308 3226 1403 3302 gentis

108 3328 213 3390 bidens
235 3327 372 3397 bidentis,
396 3324 474 3406 qnod
497 3344 584 3386 onem
607 3327 760 3403 significat,
784 3333 812 3385 et
835 3325 898 3388 lens
920 3327 1017 3396 lentis,
1041 3345 1136 3405 genus
1157 3327 1243 3404 panis
1264 3324 1403 3404 legumen

69 3438 169 3500 aoeat;
197 3431 267 3490 item
296 3428 360 3489 lens
388 3426 497 3496 lendis,
527 3427 634 3488 animal
664 3434 717 3488 est.
763 3429 924 3490 Commune
946 3431 1037 3491 trium
1059 3446 1218 3506 generum,
1248 3436 1280 3487 ut
1302 3427 1351 3488 hic
1375 3437 1405 3488 et

108 3531 182 3593 haec
210 3540 240 3592 et
266 3531 323 3592 boc
350 3529 443 3590 cliens
472 3530 559 3590 huius
586 3528 701 3590 clientis
729 3530 799 3593 huie
827 3529 926 3591 clienti
955 3531 1034 3591 lrnuc
1062 3536 1092 3590 et
1113 3528 1190 3589 hanc
1212 3528 1351 3589 clientem
1375 3536 1404 3587 et

107 3632 165 3694 hoc
192 3632 284 3693 cliens
312 3650 329 3691 o
358 3629 452 3692 cliens
479 3630 517 3691 ab
545 3631 600 3692 hoc
629 3640 657 3692 et
685 3632 722 3692 ab
751 3632 806 3692 bac
829 3640 858 3693 et
880 3632 917 3692 ab
941 3632 997 3693 hoc
1019 3630 1120 3692 clienti
1143 3639 1172 3691 et
1194 3629 1301 3711 plurali
1323 3630 1354 3690 hi
1376 3637 1405 3690 et

108 3735 164 3797 lrae
194 3732 318 3795 clientes
351 3743 381 3794 et
412 3734 485 3794 haec
514 3731 631 3793 clientia
660 3733 766 3795 horum
796 3743 825 3794 et
853 3734 956 3794 harum
986 3740 1015 3794 et
1043 3733 1149 3794 horum
1177 3732 1328 3793 clientium
1358 3730 1405 3792 his

109 3833 122 3917 ll
139 3836 158 3896 i.
178 3831 255 3896 108·
272 3831 283 3916 ΙΙ
305 3833 462 3896 clientibus
491 3835 546 3894 hos
574 3842 603 3896 et
631 3835 684 3896 has
711 3835 833 3897 clientes
861 3835 985 3897 ethaeo
1008 3835 1125 3896 clientia
1149 3853 1166 3894 o
1188 3834 1314 3894 clientes
1336 3841 1366 3893 et
1388 3853 1405 3893 o

69 3935 226 3999 ooclientia
249 3936 285 3998 ab
309 3936 356 3998 his
378 3935 551 3998 clientibus:
576 3938 619 3998 sic
641 3937 827 3998 declinantur
849 3936 981 4017 prudens
1004 3939 1110 4014 ingens
1130 3936 1273 4012 frequens
1288 3935 1406 4013 sapiens

110 4048 140 4099 et
161 4040 259 4099 omnia
282 4040 436 4118 participia
459 4040 624 4118 praesentis
648 4041 787 4119 temporis
809 4041 839 4100 in
863 4058 916 4100 ens
939 4040 1113 4107 desinentia,
1138 4056 1213 4117 quae
1236 4045 1304 4098 sunt
1326 4054 1406 4097 com·

110 4141 209 4201 munia
231 4140 320 4201 trium
344 4158 497 4218 generum.
536 4141 668 4201 Duorum
691 4159 835 4219 generum
858 4141 1035 4207 eommunia,
1060 4148 1092 4200 ut
1114 4139 1162 4198 hic
1185 4146 1214 4199 et
1232 4139 1305 4199 haec
1321 4135 1406 4199 libri·

109 4260 197 4321 peos,
221 4241 278 4304 hoo
302 4244 418 4320 estqui
442 4240 548 4303 libram
571 4241 684 4322 pendit.

179 4431 237 4480 lin
255 4429 308 4479 alce
360 4429 412 4479 calo
482 4429 671 4479 3inueni¹¹¹¹tur
722 4430 770 4478 trin
787 4430 878 4479 addidi
946 4429 1064 4478 ‘luntias
1151 4429 1181 4476 12
1199 4427 1289 4476 romoli
1357 4442 1408 4490 que

109 4498 210 4547 romani
280 4501 311 4549 13
329 4497 391 4546 haec
408 4513 450 4546 ars
468 4496 547 4546 laertia
635 4498 665 4547 lb
684 4497 839 4546 hieronimus
909 4492 1074 4561 erruangelio]
1094 4495 1187 4548 Macen.
1210 4494 1303 4544 Vlld
1375 4495 1407 4544 17

110 4564 274 4615 haeeurabiu
344 4567 375 4616 19
393 4581 450 4615 arce
469 4566 564 4614 utinm
583 4578 674 4613 nomen
727 4579 783 4613 arcs
852 4566 885 4614 20
902 4580 959 4614 eres
1011 4564 1121 4613 ortiuum
1196 4564 1228 4611 22
1246 4561 1305 4627 plne
1374 4563 1408 4611 24

109 4634 204 4698 palanx
257 4633 375 4699 palengis
443 4634 476 4683 25
494 4633 518 4680 in
539 4647 592 4680 unx
611 4643 638 4680 nt
655 4632 716 4682 lroec
734 4634 861 4682 corrinncx
912 4634 1038 4696 congngis
1094 4633 1127 4680 26
1145 4633 1213 4692 quod
1265 4631 1298 4679 28
1315 4628 1407 4679 hulcus

110 4702 143 4751 29
161 4701 274 4766 ligamen
304 4694 451 4751 'dolentis
469 4701 602 4749 oninralem
621 4702 750 4750 communi
819 4704 850 4751 31
869 4700 985 4750 otiantem
1054 4702 1087 4750 32
1104 4698 1185 4748 eliano
1237 4697 1324 4746 clienti
1374 4700 1407 4748 33

112 4768 142 4817 tre
192 4769 240 4818 hae
259 4770 358 4818 dioneia
413 4771 446 4820 36
465 4769 549 4817 omnin
567 4782 582 4816 a
599 4769 734 4836 partieipia
802 4770 836 4820 38
853 4767 942 4819 librem
960 4767 1054 4834 pendet
