<?xml version="1.0" encoding="UTF-8"?>
<!DOCTYPE html PUBLIC "-//W3C//DTD XHTML 1.0 Transitional//EN"
    "http://www.w3.org/TR/xhtml1/DTD/xhtml1-transitional.dtd">
<html xmlns="http://www.w3.org/1999/xhtml" xml:lang="en" lang="en">
 <head>
  <title>
</title>
<meta http-equiv="Content-Type" content="text/html;charset=utf-8" />
  <meta name='ocr-system' content='tesseract 3.04.00' />
  <meta name='ocr-capabilities' content='ocr_page ocr_carea ocr_par ocr_line ocrx_word'/>
</head>
<body>
  <div class='ocr_page' id='page_1' title='image "./grammaticilatin04keilgoog/grammaticilatin04keilgoog_0476.png"; bbox 0 0 3420 5378; ppageno 0'>
   <div class='ocr_carea' id='block_1_1' title="bbox 495 313 1382 378">
    <p class='ocr_par' dir='ltr' id='par_1_1' title="bbox 495 313 1382 378">
     <span class='ocr_line' id='line_1_1' title="bbox 495 313 1382 378; baseline 0.015 -12"><span class='ocrx_word' id='word_1_1' title='bbox 495 316 533 367; x_wconf 89' lang='lat' dir='ltr'><strong>m</strong></span> <span class='ocrx_word' id='word_1_2' title='bbox 553 313 635 366; x_wconf 84' lang='lat' dir='ltr'><strong>nou.</strong></span> <span class='ocrx_word' id='word_1_3' title='bbox 656 315 781 366; x_wconf 77' lang='lat' dir='ltr'><strong>neren</strong></span> <span class='ocrx_word' id='word_1_4' title='bbox 799 314 979 367; x_wconf 83' lang='lat' dir='ltr'><strong>mnonuu.</strong></span> <span class='ocrx_word' id='word_1_5' title='bbox 1321 313 1382 378; x_wconf 77' lang='lat'><strong>211</strong></span> 
     </span>
    </p>
   </div>
   <div class='ocr_carea' id='block_1_2' title="bbox 50 502 1514 3117">
    <p class='ocr_par' dir='ltr' id='par_1_2' title="bbox 50 502 1514 3117">
     <span class='ocr_line' id='line_1_2' title="bbox 89 502 1485 585; baseline -0.004 -22"><span class='ocrx_word' id='word_1_6' title='bbox 89 505 232 585; x_wconf 88' lang='lat' dir='ltr'><strong>temporis</strong></span> <span class='ocrx_word' id='word_1_7' title='bbox 255 512 284 580; x_wconf 81' lang='lat' dir='ltr'><strong>et</strong></span> <span class='ocrx_word' id='word_1_8' title='bbox 307 505 397 564; x_wconf 83' lang='lat' dir='ltr'><strong>‘sum&#39;</strong></span> <span class='ocrx_word' id='word_1_9' title='bbox 420 502 606 565; x_wconf 82' lang='lat' dir='ltr'><strong>substantioe</strong></span> <span class='ocrx_word' id='word_1_10' title='bbox 622 502 723 572; x_wconf 85' lang='lat' dir='ltr'><strong>uerbo,</strong></span> <span class='ocrx_word' id='word_1_11' title='bbox 748 512 780 563; x_wconf 91' lang='lat' dir='ltr'><strong>ut</strong></span> <span class='ocrx_word' id='word_1_12' title='bbox 794 502 889 563; x_wconf 88' lang='lat' dir='ltr'><strong>lectus</strong></span> <span class='ocrx_word' id='word_1_13' title='bbox 904 521 980 564; x_wconf 89' lang='lat' dir='ltr'><strong>snm.</strong></span> <span class='ocrx_word' id='word_1_14' title='bbox 1027 502 1254 583; x_wconf 87' lang='lat' dir='ltr'><strong>imperatiuo</strong></span> <span class='ocrx_word' id='word_1_15' title='bbox 1277 503 1382 564; x_wconf 90' lang='lat' dir='ltr'><strong>modo</strong></span> <span class='ocrx_word' id='word_1_16' title='bbox 1396 519 1445 565; x_wconf 79' lang='lat' dir='ltr'><strong>aar.</strong></span> <span class='ocrx_word' id='word_1_17' title='bbox 1459 519 1485 558; x_wconf 81' lang='lat' dir='ltr'><strong>re</strong></span> 
     </span>
     <span class='ocr_line' id='line_1_3' title="bbox 90 589 1482 685; baseline 0.001 -20"><span class='ocrx_word' id='word_1_18' title='bbox 90 589 235 683; x_wconf 79' lang='lat' dir='ltr'><strong>legere,</strong></span> <span class='ocrx_word' id='word_1_19' title='bbox 270 624 356 666; x_wconf 86' lang='lat' dir='ltr'><strong>ame</strong></span> <span class='ocrx_word' id='word_1_20' title='bbox 386 625 403 665; x_wconf 94' lang='lat' dir='ltr'><strong>o</strong></span> <span class='ocrx_word' id='word_1_21' title='bbox 432 602 550 681; x_wconf 61' lang='lat' dir='ltr'><strong>virgum</strong></span> <span class='ocrx_word' id='word_1_22' title='bbox 580 606 747 685; x_wconf 89' lang='lat' dir='ltr'><strong>optatiuo</strong></span> <span class='ocrx_word' id='word_1_23' title='bbox 781 604 884 665; x_wconf 91' lang='lat' dir='ltr'><strong>modo</strong></span> <span class='ocrx_word' id='word_1_24' title='bbox 918 606 1058 665; x_wconf 92' lang='lat' dir='ltr'><strong>utinam</strong></span> <span class='ocrx_word' id='word_1_25' title='bbox 1092 606 1259 683; x_wconf 82' lang='lat' dir='ltr'><strong>legerer,</strong></span> <span class='ocrx_word' id='word_1_26' title='bbox 1296 605 1482 668; x_wconf 62' lang='lat' dir='ltr'><strong>motorum</strong></span> 
     </span>
     <span class='ocr_line' id='line_1_4' title="bbox 89 705 1488 781; baseline 0 -14"><span class='ocrx_word' id='word_1_27' title='bbox 89 725 105 767; x_wconf 89' lang='lat' dir='ltr'><strong>a</strong></span> <span class='ocrx_word' id='word_1_28' title='bbox 129 715 159 768; x_wconf 86' lang='lat' dir='ltr'><strong>te</strong></span> <span class='ocrx_word' id='word_1_29' title='bbox 182 716 212 767; x_wconf 87' lang='lat' dir='ltr'><strong>et</strong></span> <span class='ocrx_word' id='word_1_30' title='bbox 235 707 313 767; x_wconf 82' lang='lat' dir='ltr'><strong>neri:</strong></span> <span class='ocrx_word' id='word_1_31' title='bbox 342 708 455 767; x_wconf 84' lang='lat' dir='ltr'><strong>utinam</strong></span> <span class='ocrx_word' id='word_1_32' title='bbox 484 705 577 767; x_wconf 84' lang='lat' dir='ltr'><strong>lectus</strong></span> <span class='ocrx_word' id='word_1_33' title='bbox 606 708 743 781; x_wconf 79' lang='lat' dir='ltr'><strong>fuissem,</strong></span> <span class='ocrx_word' id='word_1_34' title='bbox 771 706 835 768; x_wconf 80' lang='lat' dir='ltr'><strong>lteri</strong></span> <span class='ocrx_word' id='word_1_35' title='bbox 859 715 886 767; x_wconf 88' lang='lat' dir='ltr'><strong>et</strong></span> <span class='ocrx_word' id='word_1_36' title='bbox 910 715 978 767; x_wconf 85' lang='lat' dir='ltr'><strong>ante</strong></span> <span class='ocrx_word' id='word_1_37' title='bbox 1002 707 1051 767; x_wconf 88' lang='lat' dir='ltr'><strong>XV</strong></span> <span class='ocrx_word' id='word_1_38' title='bbox 1074 725 1176 766; x_wconf 87' lang='lat' dir='ltr'><strong>annos.</strong></span> <span class='ocrx_word' id='word_1_39' title='bbox 1222 708 1447 769; x_wconf 72' lang='lat' dir='ltr'><strong>eonion-³⁶1.</strong></span> <span class='ocrx_word' id='word_1_40' title='bbox 1462 721 1488 760; x_wconf 70' lang='grc' dir='ltr'><strong>ιι</strong></span> 
     </span>
     <span class='ocr_line' id='line_1_5' title="bbox 89 807 1486 886; baseline 0 -17"><span class='ocrx_word' id='word_1_41' title='bbox 89 810 192 869; x_wconf 85' lang='lat' dir='ltr'><strong>ctiuo</strong></span> <span class='ocrx_word' id='word_1_42' title='bbox 219 826 297 868; x_wconf 90' lang='lat' dir='ltr'><strong>cum</strong></span> <span class='ocrx_word' id='word_1_43' title='bbox 322 808 436 886; x_wconf 78' lang='lat' dir='ltr'><strong>legar,</strong></span> <span class='ocrx_word' id='word_1_44' title='bbox 461 811 608 875; x_wconf 79' lang='lat' dir='ltr'><strong>sustineo:</strong></span> <span class='ocrx_word' id='word_1_45' title='bbox 632 826 710 868; x_wconf 92' lang='lat' dir='ltr'><strong>cum</strong></span> <span class='ocrx_word' id='word_1_46' title='bbox 734 808 900 886; x_wconf 84' lang='lat' dir='ltr'><strong>legerer,</strong></span> <span class='ocrx_word' id='word_1_47' title='bbox 928 807 1127 874; x_wconf 84' lang='lat' dir='ltr'><strong>sustinebam:</strong></span> <span class='ocrx_word' id='word_1_48' title='bbox 1157 826 1233 868; x_wconf 90' lang='lat' dir='ltr'><strong>cum</strong></span> <span class='ocrx_word' id='word_1_49' title='bbox 1264 807 1486 871; x_wconf 64' lang='lat' dir='ltr'><strong>recensuero</strong></span> 
     </span>
     <span class='ocr_line' id='line_1_6' title="bbox 62 909 1387 980; baseline 0.001 -10"><span class='ocrx_word' id='word_1_50' title='bbox 62 912 156 980; x_wconf 52' lang='lat' dir='ltr'><strong>ssim</strong></span> <span class='ocrx_word' id='word_1_51' title='bbox 179 910 237 970; x_wconf 89' lang='lat' dir='ltr'><strong>uel</strong></span> <span class='ocrx_word' id='word_1_52' title='bbox 261 910 412 977; x_wconf 88' lang='lat' dir='ltr'><strong>luerim,</strong></span> <span class='ocrx_word' id='word_1_53' title='bbox 441 911 582 978; x_wconf 88' lang='lat' dir='ltr'><strong>sustinui;</strong></span> <span class='ocrx_word' id='word_1_54' title='bbox 612 928 690 969; x_wconf 89' lang='lat' dir='ltr'><strong>curn</strong></span> <span class='ocrx_word' id='word_1_55' title='bbox 720 910 838 970; x_wconf 86' lang='lat' dir='ltr'><strong>lectus</strong></span> <span class='ocrx_word' id='word_1_56' title='bbox 867 928 984 971; x_wconf 88' lang='lat' dir='ltr'><strong>essem</strong></span> <span class='ocrx_word' id='word_1_57' title='bbox 1014 910 1073 971; x_wconf 89' lang='lat' dir='ltr'><strong>uel</strong></span> <span class='ocrx_word' id='word_1_58' title='bbox 1100 909 1269 978; x_wconf 87' lang='lat' dir='ltr'><strong>inissem,</strong></span> <span class='ocrx_word' id='word_1_59' title='bbox 1299 912 1387 971; x_wconf 88' lang='lat' dir='ltr'><strong>susti-</strong></span> 
     </span>
     <span class='ocr_line' id='line_1_7' title="bbox 92 1008 1514 1085; baseline 0.001 -14"><span class='ocrx_word' id='word_1_60' title='bbox 92 1029 231 1078; x_wconf 81' lang='lat' dir='ltr'><strong>nueram:</strong></span> <span class='ocrx_word' id='word_1_61' title='bbox 262 1029 342 1072; x_wconf 88' lang='lat' dir='ltr'><strong>eum</strong></span> <span class='ocrx_word' id='word_1_62' title='bbox 365 1010 486 1072; x_wconf 85' lang='lat' dir='ltr'><strong>lectus</strong></span> <span class='ocrx_word' id='word_1_63' title='bbox 510 1029 572 1071; x_wconf 87' lang='lat' dir='ltr'><strong>ero</strong></span> <span class='ocrx_word' id='word_1_64' title='bbox 595 1008 654 1072; x_wconf 88' lang='lat' dir='ltr'><strong>uel</strong></span> <span class='ocrx_word' id='word_1_65' title='bbox 677 1012 797 1085; x_wconf 87' lang='lat' dir='ltr'><strong>luero,</strong></span> <span class='ocrx_word' id='word_1_66' title='bbox 829 1011 992 1072; x_wconf 78' lang='lat' dir='ltr'><strong>sustinebo.</strong></span> <span class='ocrx_word' id='word_1_67' title='bbox 1016 1045 1058 1055; x_wconf 95' lang='lat'><strong>—-</strong></span> <span class='ocrx_word' id='word_1_68' title='bbox 1081 1010 1245 1072; x_wconf 82' lang='lat' dir='ltr'><strong>lrrlruitiuus</strong></span> <span class='ocrx_word' id='word_1_69' title='bbox 1268 1011 1318 1072; x_wconf 85' lang='lat' dir='ltr'><strong>ubi</strong></span> <span class='ocrx_word' id='word_1_70' title='bbox 1343 1021 1514 1073; x_wconf 72' lang='lat' dir='ltr'><strong>estetooee</strong></span> 
     </span>
     <span class='ocr_line' id='line_1_8' title="bbox 90 1111 1387 1192; baseline 0.001 -19"><span class='ocrx_word' id='word_1_71' title='bbox 90 1115 237 1174; x_wconf 73' lang='lat' dir='ltr'><strong>infinitus?</strong></span> <span class='ocrx_word' id='word_1_72' title='bbox 282 1113 316 1173; x_wconf 93' lang='lat' dir='ltr'><strong>ln</strong></span> <span class='ocrx_word' id='word_1_73' title='bbox 346 1114 481 1173; x_wconf 89' lang='lat' dir='ltr'><strong>numeris</strong></span> <span class='ocrx_word' id='word_1_74' title='bbox 511 1119 540 1172; x_wconf 87' lang='lat' dir='ltr'><strong>et</strong></span> <span class='ocrx_word' id='word_1_75' title='bbox 565 1114 712 1190; x_wconf 87' lang='lat' dir='ltr'><strong>personis.</strong></span> <span class='ocrx_word' id='word_1_76' title='bbox 758 1113 820 1173; x_wconf 88' lang='lat' dir='ltr'><strong>lloc</strong></span> <span class='ocrx_word' id='word_1_77' title='bbox 848 1111 937 1174; x_wconf 80' lang='lat' dir='ltr'><strong>distat</strong></span> <span class='ocrx_word' id='word_1_78' title='bbox 964 1115 1043 1174; x_wconf 88' lang='lat' dir='ltr'><strong>inter</strong></span> <span class='ocrx_word' id='word_1_79' title='bbox 1071 1113 1248 1174; x_wconf 88' lang='grc' dir='ltr'>ιιιιιιιιιιιιιιιιι</span> <span class='ocrx_word' id='word_1_80' title='bbox 1277 1115 1387 1192; x_wconf 88' lang='lat' dir='ltr'><strong>imper-</strong></span> 
     </span>
     <span class='ocr_line' id='line_1_9' title="bbox 90 1212 1385 1293; baseline 0 -19"><span class='ocrx_word' id='word_1_81' title='bbox 90 1213 200 1275; x_wconf 93' lang='lat' dir='ltr'><strong>sonalis</strong></span> <span class='ocrx_word' id='word_1_82' title='bbox 227 1224 256 1274; x_wconf 84' lang='lat' dir='ltr'><strong>et</strong></span> <span class='ocrx_word' id='word_1_83' title='bbox 284 1215 409 1292; x_wconf 87' lang='lat' dir='ltr'><strong>passini,</strong></span> <span class='ocrx_word' id='word_1_84' title='bbox 445 1215 510 1291; x_wconf 87' lang='lat' dir='ltr'><strong>quia</strong></span> <span class='ocrx_word' id='word_1_85' title='bbox 539 1214 704 1275; x_wconf 82' lang='lat' dir='ltr'><strong>infinitiuus</strong></span> <span class='ocrx_word' id='word_1_86' title='bbox 737 1213 944 1293; x_wconf 84' lang='lat' dir='ltr'><strong>impersonalis</strong></span> <span class='ocrx_word' id='word_1_87' title='bbox 973 1233 1031 1274; x_wconf 92' lang='lat' dir='ltr'><strong>non</strong></span> <span class='ocrx_word' id='word_1_88' title='bbox 1065 1212 1160 1275; x_wconf 89' lang='lat' dir='ltr'><strong>solum</strong></span> <span class='ocrx_word' id='word_1_89' title='bbox 1188 1222 1255 1291; x_wconf 84' lang='lat' dir='ltr'><strong>eget</strong></span> <span class='ocrx_word' id='word_1_90' title='bbox 1283 1214 1385 1283; x_wconf 83' lang='lat' dir='ltr'><strong>uerbo,</strong></span> 
     </span>
     <span class='ocr_line' id='line_1_10' title="bbox 91 1313 1386 1394; baseline 0 -18"><span class='ocrx_word' id='word_1_91' title='bbox 91 1315 143 1376; x_wconf 86' lang='lat' dir='ltr'><strong>sed</strong></span> <span class='ocrx_word' id='word_1_92' title='bbox 174 1317 261 1376; x_wconf 88' lang='lat' dir='ltr'><strong>etiam</strong></span> <span class='ocrx_word' id='word_1_93' title='bbox 290 1313 419 1377; x_wconf 90' lang='lat' dir='ltr'><strong>ablatiuo</strong></span> <span class='ocrx_word' id='word_1_94' title='bbox 449 1316 647 1394; x_wconf 86' lang='lat' dir='ltr'><strong>pronominis,</strong></span> <span class='ocrx_word' id='word_1_95' title='bbox 677 1323 710 1376; x_wconf 88' lang='lat' dir='ltr'><strong>ut</strong></span> <span class='ocrx_word' id='word_1_96' title='bbox 731 1315 790 1394; x_wconf 81' lang='lat' dir='ltr'><strong>legi</strong></span> <span class='ocrx_word' id='word_1_97' title='bbox 812 1335 827 1375; x_wconf 92' lang='lat' dir='ltr'><strong>a</strong></span> <span class='ocrx_word' id='word_1_98' title='bbox 852 1333 899 1375; x_wconf 89' lang='lat' dir='ltr'><strong>me</strong></span> <span class='ocrx_word' id='word_1_99' title='bbox 922 1314 1005 1384; x_wconf 91' lang='lat' dir='ltr'><strong>uolo,</strong></span> <span class='ocrx_word' id='word_1_100' title='bbox 1037 1317 1076 1374; x_wconf 92' lang='lat' dir='ltr'><strong>·i·</strong></span> <span class='ocrx_word' id='word_1_101' title='bbox 1101 1314 1199 1393; x_wconf 85' lang='lat' dir='ltr'><strong>legere</strong></span> <span class='ocrx_word' id='word_1_102' title='bbox 1222 1315 1291 1376; x_wconf 93' lang='lat' dir='ltr'><strong>uolo</strong></span> <span class='ocrx_word' id='word_1_103' title='bbox 1313 1319 1386 1377; x_wconf 90' lang='lat' dir='ltr'><strong>acti·</strong></span> 
     </span>
     <span class='ocr_line' id='line_1_11' title="bbox 52 1415 1476 1497; baseline 0.001 -20"><span class='ocrx_word' id='word_1_104' title='bbox 52 1435 162 1483; x_wconf 61' lang='lat' dir='ltr'><strong>nouum</strong></span> <span class='ocrx_word' id='word_1_105' title='bbox 191 1415 281 1476; x_wconf 83' lang='lat' dir='ltr'><strong>hobel</strong></span> <span class='ocrx_word' id='word_1_106' title='bbox 308 1434 438 1477; x_wconf 90' lang='lat' dir='ltr'><strong>sensum.</strong></span> <span class='ocrx_word' id='word_1_107' title='bbox 492 1416 703 1476; x_wconf 83' lang='lat' dir='ltr'><strong>l&#39;raeterito</strong></span> <span class='ocrx_word' id='word_1_108' title='bbox 741 1418 908 1497; x_wconf 73' lang='lat' dir='ltr'><strong>periente</strong></span> <span class='ocrx_word' id='word_1_109' title='bbox 946 1426 982 1477; x_wconf 90' lang='lat' dir='ltr'><strong>et</strong></span> <span class='ocrx_word' id='word_1_110' title='bbox 1018 1416 1476 1497; x_wconf 60' lang='lat' dir='ltr'><strong>plusquamperfectum</strong></span> 
     </span>
     <span class='ocr_line' id='line_1_12' title="bbox 91 1516 1388 1585; baseline 0.003 -9"><span class='ocrx_word' id='word_1_111' title='bbox 91 1517 226 1579; x_wconf 88' lang='lat' dir='ltr'><strong>lectum</strong></span> <span class='ocrx_word' id='word_1_112' title='bbox 263 1536 347 1578; x_wconf 88' lang='lat' dir='ltr'><strong>esse</strong></span> <span class='ocrx_word' id='word_1_113' title='bbox 384 1516 442 1577; x_wconf 87' lang='lat' dir='ltr'><strong>uel</strong></span> <span class='ocrx_word' id='word_1_114' title='bbox 482 1516 611 1585; x_wconf 86' lang='lat' dir='ltr'><strong>luisse,</strong></span> <span class='ocrx_word' id='word_1_115' title='bbox 643 1536 657 1577; x_wconf 89' lang='lat' dir='ltr'><strong>a</strong></span> <span class='ocrx_word' id='word_1_116' title='bbox 688 1537 735 1578; x_wconf 91' lang='lat' dir='ltr'><strong>me</strong></span> <span class='ocrx_word' id='word_1_117' title='bbox 763 1518 842 1580; x_wconf 86' lang='lat' dir='ltr'><strong>uolui</strong></span> <span class='ocrx_word' id='word_1_118' title='bbox 880 1519 942 1578; x_wconf 87' lang='lat' dir='ltr'><strong>lreri</strong></span> <span class='ocrx_word' id='word_1_119' title='bbox 976 1517 1023 1578; x_wconf 91' lang='lat' dir='ltr'><strong>uel</strong></span> <span class='ocrx_word' id='word_1_120' title='bbox 1051 1526 1120 1578; x_wconf 86' lang='lat' dir='ltr'><strong>ante</strong></span> <span class='ocrx_word' id='word_1_121' title='bbox 1155 1519 1261 1580; x_wconf 88' lang='lat' dir='ltr'><strong>multos</strong></span> <span class='ocrx_word' id='word_1_122' title='bbox 1294 1538 1388 1581; x_wconf 88' lang='lat' dir='ltr'><strong>annos</strong></span> 
     </span>
     <span class='ocr_line' id='line_1_13' title="bbox 91 1617 1489 1696; baseline 0.002 -17"><span class='ocrx_word' id='word_1_123' title='bbox 91 1618 259 1687; x_wconf 87' lang='lat' dir='ltr'><strong>nolueram,</strong></span> <span class='ocrx_word' id='word_1_124' title='bbox 284 1621 313 1679; x_wconf 89' lang='lat' dir='ltr'><strong>·i·</strong></span> <span class='ocrx_word' id='word_1_125' title='bbox 330 1638 385 1696; x_wconf 79' lang='lat' dir='ltr'><strong>ego</strong></span> <span class='ocrx_word' id='word_1_126' title='bbox 409 1618 487 1679; x_wconf 85' lang='lat' dir='ltr'><strong>uolui</strong></span> <span class='ocrx_word' id='word_1_127' title='bbox 513 1618 576 1679; x_wconf 85' lang='lat' dir='ltr'><strong>lteri</strong></span> <span class='ocrx_word' id='word_1_128' title='bbox 598 1617 698 1696; x_wconf 81' lang='lat' dir='ltr'><strong>legere</strong></span> <span class='ocrx_word' id='word_1_129' title='bbox 722 1627 752 1679; x_wconf 89' lang='lat' dir='ltr'><strong>et</strong></span> <span class='ocrx_word' id='word_1_130' title='bbox 773 1618 926 1680; x_wconf 87' lang='lat' dir='ltr'><strong>nolueram</strong></span> <span class='ocrx_word' id='word_1_131' title='bbox 949 1629 1016 1682; x_wconf 87' lang='lat' dir='ltr'><strong>aute</strong></span> <span class='ocrx_word' id='word_1_132' title='bbox 1041 1618 1148 1680; x_wconf 86' lang='lat' dir='ltr'><strong>multos</strong></span> <span class='ocrx_word' id='word_1_133' title='bbox 1170 1638 1274 1681; x_wconf 91' lang='lat' dir='ltr'><strong>annos.</strong></span> <span class='ocrx_word' id='word_1_134' title='bbox 1318 1622 1386 1682; x_wconf 85' lang='lat' dir='ltr'><strong>Fu·</strong></span> <span class='ocrx_word' id='word_1_135' title='bbox 1400 1636 1449 1684; x_wconf 70' lang='grc' dir='ltr'>ιιι,</span> <span class='ocrx_word' id='word_1_136' title='bbox 1465 1639 1489 1675; x_wconf 84' lang='lat' dir='ltr'><strong>ro</strong></span> 
     </span>
     <span class='ocr_line' id='line_1_14' title="bbox 91 1719 1386 1801; baseline 0.002 -20"><span class='ocrx_word' id='word_1_137' title='bbox 91 1728 175 1781; x_wconf 84' lang='lat' dir='ltr'><strong>turo</strong></span> <span class='ocrx_word' id='word_1_138' title='bbox 197 1719 332 1780; x_wconf 89' lang='lat' dir='ltr'><strong>lectum</strong></span> <span class='ocrx_word' id='word_1_139' title='bbox 356 1722 425 1790; x_wconf 89' lang='lat' dir='ltr'><strong>ire,</strong></span> <span class='ocrx_word' id='word_1_140' title='bbox 450 1720 498 1780; x_wconf 89' lang='lat' dir='ltr'><strong>nel</strong></span> <span class='ocrx_word' id='word_1_141' title='bbox 522 1719 667 1781; x_wconf 89' lang='lat' dir='ltr'><strong>lecturum</strong></span> <span class='ocrx_word' id='word_1_142' title='bbox 692 1741 755 1782; x_wconf 86' lang='lat' dir='ltr'><strong>csse</strong></span> <span class='ocrx_word' id='word_1_143' title='bbox 772 1720 840 1781; x_wconf 87' lang='lat' dir='ltr'><strong>uolo</strong></span> <span class='ocrx_word' id='word_1_144' title='bbox 855 1741 871 1782; x_wconf 90' lang='lat' dir='ltr'><strong>a</strong></span> <span class='ocrx_word' id='word_1_145' title='bbox 888 1741 935 1782; x_wconf 90' lang='lat' dir='ltr'><strong>me</strong></span> <span class='ocrx_word' id='word_1_146' title='bbox 947 1725 1074 1782; x_wconf 90' lang='lat' dir='ltr'><strong>crastina</strong></span> <span class='ocrx_word' id='word_1_147' title='bbox 1091 1723 1148 1792; x_wconf 86' lang='lat' dir='ltr'><strong>die,</strong></span> <span class='ocrx_word' id='word_1_148' title='bbox 1174 1725 1204 1782; x_wconf 91' lang='lat' dir='ltr'><strong>·i·</strong></span> <span class='ocrx_word' id='word_1_149' title='bbox 1221 1740 1276 1800; x_wconf 81' lang='lat' dir='ltr'><strong>ego</strong></span> <span class='ocrx_word' id='word_1_150' title='bbox 1291 1724 1386 1801; x_wconf 80' lang='lat' dir='ltr'><strong>legam</strong></span> 
     </span>
     <span class='ocr_line' id='line_1_15' title="bbox 91 1821 1385 1902; baseline 0.002 -21"><span class='ocrx_word' id='word_1_151' title='bbox 91 1823 222 1881; x_wconf 86' lang='lat' dir='ltr'><strong>crastina</strong></span> <span class='ocrx_word' id='word_1_152' title='bbox 249 1821 307 1882; x_wconf 92' lang='lat' dir='ltr'><strong>die.</strong></span> <span class='ocrx_word' id='word_1_153' title='bbox 353 1821 466 1881; x_wconf 81' lang='lat' dir='ltr'><strong>l&#39;assiui</strong></span> <span class='ocrx_word' id='word_1_154' title='bbox 495 1840 568 1881; x_wconf 89' lang='lat' dir='ltr'><strong>uero</strong></span> <span class='ocrx_word' id='word_1_155' title='bbox 596 1823 762 1883; x_wconf 84' lang='lat' dir='ltr'><strong>infinitiuus</strong></span> <span class='ocrx_word' id='word_1_156' title='bbox 792 1821 855 1883; x_wconf 94' lang='lat' dir='ltr'><strong>solo</strong></span> <span class='ocrx_word' id='word_1_157' title='bbox 884 1823 977 1884; x_wconf 90' lang='lat' dir='ltr'><strong>uerbo</strong></span> <span class='ocrx_word' id='word_1_158' title='bbox 1007 1832 1086 1901; x_wconf 82' lang='lat' dir='ltr'><strong>eget,</strong></span> <span class='ocrx_word' id='word_1_159' title='bbox 1116 1831 1148 1884; x_wconf 89' lang='grc' dir='ltr'><strong>ιιι</strong></span> <span class='ocrx_word' id='word_1_160' title='bbox 1176 1822 1234 1902; x_wconf 80' lang='lat' dir='ltr'><strong>legi</strong></span> <span class='ocrx_word' id='word_1_161' title='bbox 1263 1825 1331 1885; x_wconf 89' lang='lat' dir='ltr'><strong>uolo</strong></span> <span class='ocrx_word' id='word_1_162' title='bbox 1356 1827 1385 1885; x_wconf 92' lang='lat' dir='ltr'><strong>·i·</strong></span> 
     </span>
     <span class='ocr_line' id='line_1_16' title="bbox 51 1921 1387 2005; baseline 0.003 -23"><span class='ocrx_word' id='word_1_163' title='bbox 51 1921 161 1989; x_wconf 55' lang='lat' dir='ltr'><strong>reuolo</strong></span> <span class='ocrx_word' id='word_1_164' title='bbox 189 1933 220 1983; x_wconf 92' lang='lat' dir='ltr'><strong>ut</strong></span> <span class='ocrx_word' id='word_1_165' title='bbox 247 1922 351 2000; x_wconf 81' lang='lat' dir='ltr'><strong>aliquis</strong></span> <span class='ocrx_word' id='word_1_166' title='bbox 381 1940 427 1982; x_wconf 91' lang='lat' dir='ltr'><strong>me</strong></span> <span class='ocrx_word' id='word_1_167' title='bbox 456 1923 543 2001; x_wconf 81' lang='lat' dir='ltr'><strong>legat.</strong></span> <span class='ocrx_word' id='word_1_168' title='bbox 587 1923 658 2001; x_wconf 81' lang='lat' dir='ltr'><strong>Legi</strong></span> <span class='ocrx_word' id='word_1_169' title='bbox 687 1932 716 1984; x_wconf 90' lang='lat' dir='ltr'><strong>et</strong></span> <span class='ocrx_word' id='word_1_170' title='bbox 744 1923 779 1984; x_wconf 90' lang='lat' dir='ltr'><strong>de</strong></span> <span class='ocrx_word' id='word_1_171' title='bbox 809 1926 958 2003; x_wconf 83' lang='lat' dir='ltr'><strong>praesenti</strong></span> <span class='ocrx_word' id='word_1_172' title='bbox 983 1933 1013 1984; x_wconf 86' lang='lat' dir='ltr'><strong>et</strong></span> <span class='ocrx_word' id='word_1_173' title='bbox 1036 1923 1072 1984; x_wconf 89' lang='lat' dir='ltr'><strong>de</strong></span> <span class='ocrx_word' id='word_1_174' title='bbox 1094 1927 1254 2004; x_wconf 87' lang='lat' dir='ltr'><strong>praeterito</strong></span> <span class='ocrx_word' id='word_1_175' title='bbox 1277 1927 1387 2005; x_wconf 86' lang='lat' dir='ltr'><strong>imper·</strong></span> 
     </span>
     <span class='ocr_line' id='line_1_17' title="bbox 90 2022 1387 2107; baseline 0.002 -23"><span class='ocrx_word' id='word_1_176' title='bbox 90 2023 169 2085; x_wconf 84' lang='lat' dir='ltr'><strong>lecto</strong></span> <span class='ocrx_word' id='word_1_177' title='bbox 191 2033 289 2103; x_wconf 89' lang='lat' dir='ltr'><strong>potest</strong></span> <span class='ocrx_word' id='word_1_178' title='bbox 311 2023 444 2102; x_wconf 82' lang='lat' dir='ltr'><strong>intelligi,</strong></span> <span class='ocrx_word' id='word_1_179' title='bbox 468 2033 501 2085; x_wconf 86' lang='lat' dir='ltr'><strong>ut</strong></span> <span class='ocrx_word' id='word_1_180' title='bbox 523 2022 581 2101; x_wconf 81' lang='lat' dir='ltr'><strong>legi</strong></span> <span class='ocrx_word' id='word_1_181' title='bbox 605 2023 672 2085; x_wconf 92' lang='lat' dir='ltr'><strong>nolo</strong></span> <span class='ocrx_word' id='word_1_182' title='bbox 695 2043 774 2094; x_wconf 84' lang='lat' dir='ltr'><strong>nunc</strong></span> <span class='ocrx_word' id='word_1_183' title='bbox 798 2035 826 2085; x_wconf 88' lang='lat' dir='ltr'><strong>et</strong></span> <span class='ocrx_word' id='word_1_184' title='bbox 848 2026 907 2103; x_wconf 87' lang='lat' dir='ltr'><strong>legi</strong></span> <span class='ocrx_word' id='word_1_185' title='bbox 932 2024 1067 2086; x_wconf 87' lang='lat' dir='ltr'><strong>uolebam</strong></span> <span class='ocrx_word' id='word_1_186' title='bbox 1090 2026 1161 2095; x_wconf 87' lang='lat' dir='ltr'><strong>heri,</strong></span> <span class='ocrx_word' id='word_1_187' title='bbox 1188 2029 1217 2086; x_wconf 92' lang='lat' dir='ltr'><strong>·i·</strong></span> <span class='ocrx_word' id='word_1_188' title='bbox 1235 2036 1266 2088; x_wconf 94' lang='grc' dir='ltr'><strong>ιιι</strong></span> <span class='ocrx_word' id='word_1_189' title='bbox 1282 2027 1387 2107; x_wconf 84' lang='lat' dir='ltr'><strong>aliquis</strong></span> 
     </span>
     <span class='ocr_line' id='line_1_18' title="bbox 92 2123 1386 2208; baseline 0.002 -22"><span class='ocrx_word' id='word_1_190' title='bbox 92 2144 139 2186; x_wconf 90' lang='lat' dir='ltr'><strong>me</strong></span> <span class='ocrx_word' id='word_1_191' title='bbox 168 2124 289 2202; x_wconf 78' lang='lat' dir='ltr'><strong>legeret.</strong></span> <span class='ocrx_word' id='word_1_192' title='bbox 341 2126 464 2187; x_wconf 85' lang='lat' dir='ltr'><strong>Lectum</strong></span> <span class='ocrx_word' id='word_1_193' title='bbox 495 2144 558 2187; x_wconf 88' lang='lat' dir='ltr'><strong>esse</strong></span> <span class='ocrx_word' id='word_1_194' title='bbox 587 2127 634 2187; x_wconf 90' lang='lat' dir='ltr'><strong>uel</strong></span> <span class='ocrx_word' id='word_1_195' title='bbox 663 2127 753 2187; x_wconf 85' lang='lat' dir='ltr'><strong>luisse</strong></span> <span class='ocrx_word' id='word_1_196' title='bbox 775 2124 786 2207; x_wconf 74' lang='lat' dir='ltr'><strong>ll</strong></span> <span class='ocrx_word' id='word_1_197' title='bbox 803 2146 830 2206; x_wconf 91' lang='lat' dir='ltr'><strong>p.</strong></span> <span class='ocrx_word' id='word_1_198' title='bbox 851 2123 910 2187; x_wconf 79' lang='lat'><strong>126</strong></span> <span class='ocrx_word' id='word_1_199' title='bbox 926 2124 937 2208; x_wconf 74' lang='lat' dir='ltr'><strong>ll</strong></span> <span class='ocrx_word' id='word_1_200' title='bbox 961 2125 1041 2188; x_wconf 90' lang='lat' dir='ltr'><strong>uolui</strong></span> <span class='ocrx_word' id='word_1_201' title='bbox 1064 2125 1128 2186; x_wconf 88' lang='lat' dir='ltr'><strong>lreri</strong></span> <span class='ocrx_word' id='word_1_202' title='bbox 1156 2128 1204 2188; x_wconf 89' lang='lat' dir='ltr'><strong>uel</strong></span> <span class='ocrx_word' id='word_1_203' title='bbox 1235 2127 1386 2190; x_wconf 85' lang='lat' dir='ltr'><strong>nolueram</strong></span> 
     </span>
     <span class='ocr_line' id='line_1_19' title="bbox 91 2227 1388 2310; baseline 0.003 -24"><span class='ocrx_word' id='word_1_204' title='bbox 91 2235 159 2287; x_wconf 90' lang='lat' dir='ltr'><strong>aute</strong></span> <span class='ocrx_word' id='word_1_205' title='bbox 181 2228 391 2306; x_wconf 81' lang='lat' dir='ltr'><strong>quinquaginta</strong></span> <span class='ocrx_word' id='word_1_206' title='bbox 415 2246 509 2288; x_wconf 89' lang='lat' dir='ltr'><strong>annos</strong></span> <span class='ocrx_word' id='word_1_207' title='bbox 531 2227 568 2288; x_wconf 90' lang='lat' dir='ltr'><strong>de</strong></span> <span class='ocrx_word' id='word_1_208' title='bbox 592 2230 752 2306; x_wconf 88' lang='lat' dir='ltr'><strong>praeterito</strong></span> <span class='ocrx_word' id='word_1_209' title='bbox 775 2229 907 2308; x_wconf 87' lang='lat' dir='ltr'><strong>perlecto</strong></span> <span class='ocrx_word' id='word_1_210' title='bbox 930 2236 959 2288; x_wconf 85' lang='lat' dir='ltr'><strong>et</strong></span> <span class='ocrx_word' id='word_1_211' title='bbox 982 2227 1273 2308; x_wconf 78' lang='lat' dir='ltr'><strong>plusquamperfecto</strong></span> <span class='ocrx_word' id='word_1_212' title='bbox 1289 2238 1388 2310; x_wconf 90' lang='lat' dir='ltr'><strong>potest</strong></span> 
     </span>
     <span class='ocr_line' id='line_1_20' title="bbox 91 2328 1386 2408; baseline 0.003 -19"><span class='ocrx_word' id='word_1_213' title='bbox 91 2329 195 2406; x_wconf 85' lang='lat' dir='ltr'><strong>accipi,</strong></span> <span class='ocrx_word' id='word_1_214' title='bbox 223 2329 252 2388; x_wconf 91' lang='lat' dir='ltr'><strong>·i·</strong></span> <span class='ocrx_word' id='word_1_215' title='bbox 277 2337 310 2390; x_wconf 93' lang='grc' dir='ltr'><strong>ιιι</strong></span> <span class='ocrx_word' id='word_1_216' title='bbox 332 2328 437 2408; x_wconf 88' lang='lat' dir='ltr'><strong>aliquis</strong></span> <span class='ocrx_word' id='word_1_217' title='bbox 460 2347 506 2389; x_wconf 92' lang='lat' dir='ltr'><strong>me</strong></span> <span class='ocrx_word' id='word_1_218' title='bbox 530 2329 651 2407; x_wconf 84' lang='lat' dir='ltr'><strong>legisset</strong></span> <span class='ocrx_word' id='word_1_219' title='bbox 674 2337 702 2389; x_wconf 86' lang='lat' dir='ltr'><strong>et</strong></span> <span class='ocrx_word' id='word_1_220' title='bbox 724 2328 845 2407; x_wconf 80' lang='lat' dir='ltr'><strong>legeret.</strong></span> <span class='ocrx_word' id='word_1_221' title='bbox 891 2330 1004 2391; x_wconf 86' lang='lat' dir='ltr'><strong>Futuro</strong></span> <span class='ocrx_word' id='word_1_222' title='bbox 1028 2331 1137 2392; x_wconf 82' lang='lat' dir='ltr'><strong>lectum</strong></span> <span class='ocrx_word' id='word_1_223' title='bbox 1160 2332 1196 2391; x_wconf 90' lang='lat' dir='ltr'><strong>iri</strong></span> <span class='ocrx_word' id='word_1_224' title='bbox 1219 2332 1287 2392; x_wconf 89' lang='lat' dir='ltr'><strong>nolo</strong></span> <span class='ocrx_word' id='word_1_225' title='bbox 1310 2350 1386 2399; x_wconf 88' lang='lat' dir='ltr'><strong>cras,</strong></span> 
     </span>
     <span class='ocr_line' id='line_1_21' title="bbox 50 2429 1388 2512; baseline -0.001 -18"><span class='ocrx_word' id='word_1_226' title='bbox 50 2456 78 2495; x_wconf 76' lang='lat' dir='ltr'><strong>eo</strong></span> <span class='ocrx_word' id='word_1_227' title='bbox 92 2431 122 2490; x_wconf 87' lang='lat' dir='ltr'><strong>·i·</strong></span> <span class='ocrx_word' id='word_1_228' title='bbox 146 2447 202 2508; x_wconf 81' lang='lat' dir='ltr'><strong>ego</strong></span> <span class='ocrx_word' id='word_1_229' title='bbox 224 2429 301 2499; x_wconf 87' lang='lat' dir='ltr'><strong>uolo,</strong></span> <span class='ocrx_word' id='word_1_230' title='bbox 326 2439 357 2490; x_wconf 93' lang='grc' dir='ltr'><strong>ιιι</strong></span> <span class='ocrx_word' id='word_1_231' title='bbox 379 2430 461 2507; x_wconf 76' lang='lat' dir='ltr'><strong>legar</strong></span> <span class='ocrx_word' id='word_1_232' title='bbox 483 2433 610 2491; x_wconf 87' lang='lat' dir='ltr'><strong>crastina</strong></span> <span class='ocrx_word' id='word_1_233' title='bbox 634 2431 696 2499; x_wconf 86' lang='lat' dir='ltr'><strong>die,</strong></span> <span class='ocrx_word' id='word_1_234' title='bbox 714 2429 855 2491; x_wconf 85' lang='lat' dir='ltr'><strong>uidelicet</strong></span> <span class='ocrx_word' id='word_1_235' title='bbox 877 2439 909 2490; x_wconf 94' lang='grc' dir='ltr'><strong>ιιι</strong></span> <span class='ocrx_word' id='word_1_236' title='bbox 930 2430 1036 2510; x_wconf 81' lang='lat' dir='ltr'><strong>aliquis</strong></span> <span class='ocrx_word' id='word_1_237' title='bbox 1059 2451 1123 2493; x_wconf 81' lang='lat' dir='ltr'><strong>ntea</strong></span> <span class='ocrx_word' id='word_1_238' title='bbox 1147 2433 1224 2493; x_wconf 90' lang='lat' dir='ltr'><strong>dieta</strong></span> <span class='ocrx_word' id='word_1_239' title='bbox 1249 2433 1333 2512; x_wconf 84' lang='lat' dir='ltr'><strong>legat,</strong></span> <span class='ocrx_word' id='word_1_240' title='bbox 1358 2440 1388 2494; x_wconf 90' lang='lat' dir='ltr'><strong>et</strong></span> 
     </span>
     <span class='ocr_line' id='line_1_22' title="bbox 92 2532 1386 2614; baseline 0.003 -23"><span class='ocrx_word' id='word_1_241' title='bbox 92 2540 136 2592; x_wconf 88' lang='lat' dir='ltr'><strong>est</strong></span> <span class='ocrx_word' id='word_1_242' title='bbox 164 2533 358 2611; x_wconf 87' lang='lat' dir='ltr'><strong>compositum</strong></span> <span class='ocrx_word' id='word_1_243' title='bbox 388 2551 402 2590; x_wconf 87' lang='lat' dir='ltr'><strong>a</strong></span> <span class='ocrx_word' id='word_1_244' title='bbox 433 2533 589 2611; x_wconf 84' lang='lat' dir='ltr'><strong>participio</strong></span> <span class='ocrx_word' id='word_1_245' title='bbox 617 2532 769 2610; x_wconf 84' lang='lat' dir='ltr'><strong>praeteriti</strong></span> <span class='ocrx_word' id='word_1_246' title='bbox 798 2534 940 2611; x_wconf 89' lang='lat' dir='ltr'><strong>temporis</strong></span> <span class='ocrx_word' id='word_1_247' title='bbox 963 2542 992 2592; x_wconf 86' lang='lat' dir='ltr'><strong>et</strong></span> <span class='ocrx_word' id='word_1_248' title='bbox 1013 2535 1051 2593; x_wconf 90' lang='lat' dir='ltr'><strong>iri</strong></span> <span class='ocrx_word' id='word_1_249' title='bbox 1074 2536 1239 2604; x_wconf 81' lang='lat' dir='ltr'><strong>inimitiuo,</strong></span> <span class='ocrx_word' id='word_1_250' title='bbox 1269 2535 1386 2614; x_wconf 86' lang='lat' dir='ltr'><strong>quoda</strong></span> 
     </span>
     <span class='ocr_line' id='line_1_23' title="bbox 93 2631 1488 2714; baseline -0.003 -20"><span class='ocrx_word' id='word_1_251' title='bbox 93 2631 186 2694; x_wconf 87' lang='lat' dir='ltr'><strong>norbo</strong></span> <span class='ocrx_word' id='word_1_252' title='bbox 208 2652 260 2693; x_wconf 89' lang='lat' dir='ltr'><strong>eor</strong></span> <span class='ocrx_word' id='word_1_253' title='bbox 284 2634 378 2702; x_wconf 85' lang='lat' dir='ltr'><strong>uenit,</strong></span> <span class='ocrx_word' id='word_1_254' title='bbox 403 2634 453 2694; x_wconf 91' lang='lat' dir='ltr'><strong>sed</strong></span> <span class='ocrx_word' id='word_1_255' title='bbox 478 2635 508 2693; x_wconf 92' lang='lat' dir='ltr'><strong>in</strong></span> <span class='ocrx_word' id='word_1_256' title='bbox 532 2652 585 2694; x_wconf 88' lang='lat' dir='ltr'><strong>usn</strong></span> <span class='ocrx_word' id='word_1_257' title='bbox 610 2643 744 2694; x_wconf 83' lang='lat' dir='ltr'><strong>nonest.</strong></span> <span class='ocrx_word' id='word_1_258' title='bbox 791 2633 998 2711; x_wconf 80' lang='lat' dir='ltr'><strong>legendus.</strong></span> <span class='ocrx_word' id='word_1_259' title='bbox 1024 2634 1059 2694; x_wconf 89' lang='lat' dir='ltr'><strong>da</strong></span> <span class='ocrx_word' id='word_1_260' title='bbox 1084 2634 1163 2695; x_wconf 91' lang='lat' dir='ltr'><strong>dnm.</strong></span> <span class='ocrx_word' id='word_1_261' title='bbox 1201 2635 1279 2695; x_wconf 88' lang='lat' dir='ltr'><strong>llaec</strong></span> <span class='ocrx_word' id='word_1_262' title='bbox 1295 2637 1385 2714; x_wconf 91' lang='lat' dir='ltr'><strong>parti·</strong></span> <span class='ocrx_word' id='word_1_263' title='bbox 1400 2651 1449 2699; x_wconf 82' lang='lat' dir='ltr'><strong>ase,</strong></span> <span class='ocrx_word' id='word_1_264' title='bbox 1466 2653 1488 2690; x_wconf 75' lang='grc' dir='ltr'><strong>ιι</strong></span> 
     </span>
     <span class='ocr_line' id='line_1_24' title="bbox 92 2734 1385 2816; baseline 0.006 -21"><span class='ocrx_word' id='word_1_265' title='bbox 92 2736 182 2816; x_wconf 82' lang='lat' dir='ltr'><strong>cipio,</strong></span> <span class='ocrx_word' id='word_1_266' title='bbox 206 2753 281 2814; x_wconf 85' lang='lat' dir='ltr'><strong>quae</strong></span> <span class='ocrx_word' id='word_1_267' title='bbox 304 2736 334 2795; x_wconf 93' lang='lat' dir='ltr'><strong>in</strong></span> <span class='ocrx_word' id='word_1_268' title='bbox 357 2735 413 2796; x_wconf 77' lang='lat' dir='ltr'><strong>clus</strong></span> <span class='ocrx_word' id='word_1_269' title='bbox 435 2734 588 2804; x_wconf 85' lang='lat' dir='ltr'><strong>desinunt,</strong></span> <span class='ocrx_word' id='word_1_270' title='bbox 612 2753 678 2795; x_wconf 90' lang='lat' dir='ltr'><strong>cum</strong></span> <span class='ocrx_word' id='word_1_271' title='bbox 703 2743 835 2813; x_wconf 88' lang='lat' dir='ltr'><strong>tempora</strong></span> <span class='ocrx_word' id='word_1_272' title='bbox 859 2734 1002 2814; x_wconf 86' lang='lat' dir='ltr'><strong>perdunt,</strong></span> <span class='ocrx_word' id='word_1_273' title='bbox 1026 2738 1055 2795; x_wconf 94' lang='grc' dir='ltr'><strong>ιιι</strong></span> <span class='ocrx_word' id='word_1_274' title='bbox 1081 2738 1199 2796; x_wconf 87' lang='lat' dir='ltr'><strong>nomina</strong></span> <span class='ocrx_word' id='word_1_275' title='bbox 1222 2744 1385 2802; x_wconf 78' lang='lat' dir='ltr'><strong>transeunt.</strong></span> 
     </span>
     <span class='ocr_line' id='line_1_25' title="bbox 93 2835 1388 2917; baseline 0.002 -21"><span class='ocrx_word' id='word_1_276' title='bbox 93 2844 125 2897; x_wconf 88' lang='lat' dir='ltr'><strong>ut</strong></span> <span class='ocrx_word' id='word_1_277' title='bbox 152 2835 329 2917; x_wconf 75' lang='lat' dir='ltr'><strong>‘loquendus</strong></span> <span class='ocrx_word' id='word_1_278' title='bbox 357 2845 402 2898; x_wconf 89' lang='lat' dir='ltr'><strong>est</strong></span> <span class='ocrx_word' id='word_1_279' title='bbox 431 2839 509 2905; x_wconf 89' lang='lat' dir='ltr'><strong>iste&#39;,</strong></span> <span class='ocrx_word' id='word_1_280' title='bbox 540 2839 569 2896; x_wconf 91' lang='lat' dir='ltr'><strong>·i·</strong></span> <span class='ocrx_word' id='word_1_281' title='bbox 593 2836 699 2915; x_wconf 84' lang='lat' dir='ltr'><strong>dignus</strong></span> <span class='ocrx_word' id='word_1_282' title='bbox 727 2837 764 2897; x_wconf 87' lang='lat' dir='ltr'><strong>de</strong></span> <span class='ocrx_word' id='word_1_283' title='bbox 789 2856 848 2916; x_wconf 84' lang='lat' dir='ltr'><strong>quo</strong></span> <span class='ocrx_word' id='word_1_284' title='bbox 872 2835 1031 2914; x_wconf 79' lang='lat' dir='ltr'><strong>loquantur</strong></span> <span class='ocrx_word' id='word_1_285' title='bbox 1054 2835 1202 2904; x_wconf 61' lang='lat' dir='ltr'><strong>huminem</strong></span> <span class='ocrx_word' id='word_1_286' title='bbox 1233 2837 1388 2898; x_wconf 83' lang='lat' dir='ltr'><strong>‘amandus</strong></span> 
     </span>
     <span class='ocr_line' id='line_1_26' title="bbox 50 2937 1386 3018; baseline -0.003 -15"><span class='ocrx_word' id='word_1_287' title='bbox 50 2963 79 3003; x_wconf 72' lang='lat' dir='ltr'><strong>aa</strong></span> <span class='ocrx_word' id='word_1_288' title='bbox 93 2941 158 3007; x_wconf 87' lang='lat' dir='ltr'><strong>est&#39;,</strong></span> <span class='ocrx_word' id='word_1_289' title='bbox 188 2939 217 2996; x_wconf 93' lang='lat' dir='ltr'><strong>·i·</strong></span> <span class='ocrx_word' id='word_1_290' title='bbox 241 2937 360 3017; x_wconf 78' lang='lat' dir='ltr'><strong>dignus,</strong></span> <span class='ocrx_word' id='word_1_291' title='bbox 386 2946 416 2999; x_wconf 91' lang='lat' dir='ltr'><strong>ut</strong></span> <span class='ocrx_word' id='word_1_292' title='bbox 438 2946 554 2999; x_wconf 88' lang='lat' dir='ltr'><strong>ametur</strong></span> <span class='ocrx_word' id='word_1_293' title='bbox 577 2958 593 2999; x_wconf 87' lang='lat' dir='ltr'><strong>a</strong></span> <span class='ocrx_word' id='word_1_294' title='bbox 616 2956 664 2998; x_wconf 91' lang='lat' dir='ltr'><strong>me</strong></span> <span class='ocrx_word' id='word_1_295' title='bbox 687 2940 747 3006; x_wconf 90' lang='lat' dir='ltr'><strong>uir;</strong></span> <span class='ocrx_word' id='word_1_296' title='bbox 776 2937 932 3014; x_wconf 76' lang='lat' dir='ltr'><strong>‘legendus</strong></span> <span class='ocrx_word' id='word_1_297' title='bbox 954 2948 998 2999; x_wconf 87' lang='lat' dir='ltr'><strong>est</strong></span> <span class='ocrx_word' id='word_1_298' title='bbox 1020 2940 1076 3000; x_wconf 86' lang='lat' dir='ltr'><strong>iste</strong></span> <span class='ocrx_word' id='word_1_299' title='bbox 1099 2937 1198 3009; x_wconf 86' lang='lat' dir='ltr'><strong>liber’,</strong></span> <span class='ocrx_word' id='word_1_300' title='bbox 1217 2941 1245 2999; x_wconf 82' lang='grc' dir='ltr'><strong>ι·</strong></span> <span class='ocrx_word' id='word_1_301' title='bbox 1269 2939 1386 3018; x_wconf 83' lang='lat' dir='ltr'><strong>dignus,</strong></span> 
     </span>
     <span class='ocr_line' id='line_1_27' title="bbox 93 3037 272 3117; baseline 0 -17"><span class='ocrx_word' id='word_1_302' title='bbox 93 3047 126 3100; x_wconf 91' lang='lat' dir='ltr'><strong>ut</strong></span> <span class='ocrx_word' id='word_1_303' title='bbox 148 3037 272 3117; x_wconf 81' lang='lat' dir='ltr'><strong>legatur.</strong></span> 
     </span>
    </p>
   </div>
   <div class='ocr_carea' id='block_1_3' title="bbox 607 3208 874 3271">
    <p class='ocr_par' dir='ltr' id='par_1_3' title="bbox 607 3208 874 3271">
     <span class='ocr_line' id='line_1_28' title="bbox 607 3208 874 3271; baseline 0.004 -1"><span class='ocrx_word' id='word_1_304' title='bbox 607 3209 655 3270; x_wconf 86' lang='lat' dir='ltr'><strong>DE</strong></span> <span class='ocrx_word' id='word_1_305' title='bbox 677 3208 874 3271; x_wconf 74' lang='lat' dir='ltr'><strong>ADVERBlO.</strong></span> 
     </span>
    </p>
   </div>
   <div class='ocr_carea' id='block_1_4' title="bbox 52 3342 1542 4533">
    <p class='ocr_par' dir='ltr' id='par_1_4' title="bbox 52 3342 1542 4533">
     <span class='ocr_line' id='line_1_29' title="bbox 175 3342 1387 3427; baseline 0.002 -22"><span class='ocrx_word' id='word_1_306' title='bbox 175 3343 366 3413; x_wconf 79' lang='lat' dir='ltr'><strong>Aduerbium</strong></span> <span class='ocrx_word' id='word_1_307' title='bbox 391 3346 469 3422; x_wconf 88' lang='lat' dir='ltr'><strong>quod</strong></span> <span class='ocrx_word' id='word_1_308' title='bbox 486 3345 598 3406; x_wconf 79' lang='lat' dir='ltr'><strong>Graece</strong></span> <span class='ocrx_word' id='word_1_309' title='bbox 615 3342 781 3427; x_wconf 74' lang='grc' dir='ltr'><strong><em>ἐπίρῥημα</em></strong></span> <span class='ocrx_word' id='word_1_310' title='bbox 798 3345 916 3418; x_wconf 78' lang='lat' dir='ltr'><strong>(licitur,</strong></span> <span class='ocrx_word' id='word_1_311' title='bbox 942 3343 1008 3404; x_wconf 90' lang='lat' dir='ltr'><strong>ideo</strong></span> <span class='ocrx_word' id='word_1_312' title='bbox 1031 3344 1086 3403; x_wconf 86' lang='lat' dir='ltr'><strong>sibi</strong></span> <span class='ocrx_word' id='word_1_313' title='bbox 1111 3344 1166 3405; x_wconf 85' lang='lat' dir='ltr'><strong>lroc</strong></span> <span class='ocrx_word' id='word_1_314' title='bbox 1190 3365 1298 3406; x_wconf 86' lang='lat' dir='ltr'><strong>nomen</strong></span> <span class='ocrx_word' id='word_1_315' title='bbox 1323 3347 1387 3407; x_wconf 92' lang='lat' dir='ltr'><strong>uin-</strong></span> 
     </span>
     <span class='ocr_line' id='line_1_30' title="bbox 93 3445 1386 3525; baseline 0.001 -19"><span class='ocrx_word' id='word_1_316' title='bbox 93 3446 185 3516; x_wconf 82' lang='lat' dir='ltr'><strong>dicat,</strong></span> <span class='ocrx_word' id='word_1_317' title='bbox 210 3447 346 3525; x_wconf 89' lang='lat' dir='ltr'><strong>eoquod</strong></span> <span class='ocrx_word' id='word_1_318' title='bbox 369 3447 408 3506; x_wconf 88' lang='lat' dir='ltr'><strong>sit</strong></span> <span class='ocrx_word' id='word_1_319' title='bbox 429 3447 509 3507; x_wconf 87' lang='lat' dir='ltr'><strong>iuxta</strong></span> <span class='ocrx_word' id='word_1_320' title='bbox 533 3446 658 3508; x_wconf 90' lang='lat' dir='ltr'><strong>uerbum</strong></span> <span class='ocrx_word' id='word_1_321' title='bbox 681 3465 740 3507; x_wconf 88' lang='lat' dir='ltr'><strong>non</strong></span> <span class='ocrx_word' id='word_1_322' title='bbox 765 3456 876 3508; x_wconf 89' lang='lat' dir='ltr'><strong>tantum</strong></span> <span class='ocrx_word' id='word_1_323' title='bbox 900 3449 929 3506; x_wconf 93' lang='lat' dir='ltr'><strong>in</strong></span> <span class='ocrx_word' id='word_1_324' title='bbox 953 3445 1056 3505; x_wconf 85' lang='lat' dir='ltr'><strong>ordine</strong></span> <span class='ocrx_word' id='word_1_325' title='bbox 1080 3449 1222 3525; x_wconf 88' lang='lat' dir='ltr'><strong>partium,</strong></span> <span class='ocrx_word' id='word_1_326' title='bbox 1247 3455 1386 3523; x_wconf 81' lang='lat' dir='ltr'><strong>qnantum</strong></span> 
     </span>
     <span class='ocr_line' id='line_1_31' title="bbox 52 3547 1387 3627; baseline 0 -18"><span class='ocrx_word' id='word_1_327' title='bbox 52 3550 251 3616; x_wconf 73' lang='lat' dir='ltr'><strong>minnostra</strong></span> <span class='ocrx_word' id='word_1_328' title='bbox 281 3550 431 3609; x_wconf 89' lang='lat' dir='ltr'><strong>communi</strong></span> <span class='ocrx_word' id='word_1_329' title='bbox 460 3547 623 3621; x_wconf 88' lang='lat' dir='ltr'><strong>locutione,</strong></span> <span class='ocrx_word' id='word_1_330' title='bbox 655 3556 686 3608; x_wconf 94' lang='grc' dir='ltr'><strong>ιιι</strong></span> <span class='ocrx_word' id='word_1_331' title='bbox 713 3549 802 3610; x_wconf 74' lang='lat' dir='ltr'><strong>‘bene</strong></span> <span class='ocrx_word' id='word_1_332' title='bbox 831 3549 920 3627; x_wconf 84' lang='lat' dir='ltr'><strong>loge’.</strong></span> <span class='ocrx_word' id='word_1_333' title='bbox 966 3548 1032 3608; x_wconf 76' lang='lat' dir='ltr'><strong>‘Ad&#39;</strong></span> <span class='ocrx_word' id='word_1_334' title='bbox 1062 3566 1116 3625; x_wconf 89' lang='lat' dir='ltr'><strong>pro</strong></span> <span class='ocrx_word' id='word_1_335' title='bbox 1139 3549 1242 3608; x_wconf 79' lang='lat' dir='ltr'><strong>‘iuxta&#39;</strong></span> <span class='ocrx_word' id='word_1_336' title='bbox 1268 3550 1387 3625; x_wconf 86' lang='lat' dir='ltr'><strong>ponitur</strong></span> 
     </span>
     <span class='ocr_line' id='line_1_32' title="bbox 93 3648 1387 3729; baseline 0 -20"><span class='ocrx_word' id='word_1_337' title='bbox 93 3657 123 3709; x_wconf 88' lang='lat' dir='ltr'><strong>ct</strong></span> <span class='ocrx_word' id='word_1_338' title='bbox 145 3659 191 3710; x_wconf 82' lang='lat' dir='ltr'><strong>est</strong></span> <span class='ocrx_word' id='word_1_339' title='bbox 213 3650 410 3712; x_wconf 81' lang='lat' dir='ltr'><strong>‘adnerbium&#39;</strong></span> <span class='ocrx_word' id='word_1_340' title='bbox 433 3649 611 3710; x_wconf 87' lang='lat' dir='ltr'><strong>adiectiuum</strong></span> <span class='ocrx_word' id='word_1_341' title='bbox 636 3649 731 3709; x_wconf 85' lang='lat' dir='ltr'><strong>uerbi.</strong></span> <span class='ocrx_word' id='word_1_342' title='bbox 777 3651 858 3711; x_wconf 88' lang='lat' dir='ltr'><strong>Sicut</strong></span> <span class='ocrx_word' id='word_1_343' title='bbox 881 3650 958 3709; x_wconf 87' lang='lat' dir='ltr'><strong>enim</strong></span> <span class='ocrx_word' id='word_1_344' title='bbox 983 3648 1058 3709; x_wconf 90' lang='lat' dir='ltr'><strong>dieis</strong></span> <span class='ocrx_word' id='word_1_345' title='bbox 1082 3648 1188 3710; x_wconf 71' lang='lat' dir='ltr'><strong>‘lienus</strong></span> <span class='ocrx_word' id='word_1_346' title='bbox 1211 3650 1322 3729; x_wconf 81' lang='lat' dir='ltr'><strong>lronro&#39;.</strong></span> <span class='ocrx_word' id='word_1_347' title='bbox 1348 3652 1387 3709; x_wconf 90' lang='lat' dir='ltr'><strong>ita</strong></span> 
     </span>
     <span class='ocr_line' id='line_1_33' title="bbox 93 3749 1388 3830; baseline -0.002 -18"><span class='ocrx_word' id='word_1_348' title='bbox 93 3749 167 3812; x_wconf 87' lang='lat' dir='ltr'><strong>dicis</strong></span> <span class='ocrx_word' id='word_1_349' title='bbox 189 3750 276 3812; x_wconf 80' lang='lat' dir='ltr'><strong>‘bene</strong></span> <span class='ocrx_word' id='word_1_350' title='bbox 297 3751 420 3813; x_wconf 80' lang='lat' dir='ltr'><strong>studet’.</strong></span> <span class='ocrx_word' id='word_1_351' title='bbox 465 3752 537 3813; x_wconf 90' lang='lat' dir='ltr'><strong>Nam</strong></span> <span class='ocrx_word' id='word_1_352' title='bbox 567 3750 693 3830; x_wconf 79' lang='lat' dir='ltr'><strong>qualitas</strong></span> <span class='ocrx_word' id='word_1_353' title='bbox 721 3750 805 3811; x_wconf 90' lang='lat' dir='ltr'><strong>uerbi</strong></span> <span class='ocrx_word' id='word_1_354' title='bbox 833 3769 885 3829; x_wconf 89' lang='lat' dir='ltr'><strong>per</strong></span> <span class='ocrx_word' id='word_1_355' title='bbox 912 3768 944 3810; x_wconf 91' lang='lat' dir='ltr'><strong>so</strong></span> <span class='ocrx_word' id='word_1_356' title='bbox 972 3752 1124 3827; x_wconf 83' lang='lat' dir='ltr'><strong>ignoratur</strong></span> <span class='ocrx_word' id='word_1_357' title='bbox 1147 3753 1212 3811; x_wconf 91' lang='lat' dir='ltr'><strong>sine</strong></span> <span class='ocrx_word' id='word_1_358' title='bbox 1235 3749 1388 3812; x_wconf 87' lang='lat' dir='ltr'><strong>aduerbio.</strong></span> 
     </span>
     <span class='ocr_line' id='line_1_34' title="bbox 92 3850 1542 3932; baseline -0.003 -19"><span class='ocrx_word' id='word_1_359' title='bbox 92 3852 438 3930; x_wconf 83' lang='lat' dir='ltr'><strong>Signilieationem,</strong></span> <span class='ocrx_word' id='word_1_360' title='bbox 464 3856 493 3912; x_wconf 92' lang='lat' dir='ltr'><strong>·i·</strong></span> <span class='ocrx_word' id='word_1_361' title='bbox 517 3872 636 3914; x_wconf 89' lang='lat' dir='ltr'><strong>sensnm</strong></span> <span class='ocrx_word' id='word_1_362' title='bbox 652 3862 683 3913; x_wconf 89' lang='lat' dir='ltr'><strong>et</strong></span> <span class='ocrx_word' id='word_1_363' title='bbox 698 3851 889 3912; x_wconf 89' lang='lat' dir='ltr'><strong>intellectum.</strong></span> <span class='ocrx_word' id='word_1_364' title='bbox 935 3850 1129 3932; x_wconf 81' lang='lat' dir='ltr'><strong>Explanat,</strong></span> <span class='ocrx_word' id='word_1_365' title='bbox 1147 3852 1282 3914; x_wconf 88' lang='lat' dir='ltr'><strong>elucidat.</strong></span> <span class='ocrx_word' id='word_1_366' title='bbox 1320 3853 1451 3917; x_wconf 72' lang='lat' dir='ltr'><strong>lin-eor,</strong></span> <span class='ocrx_word' id='word_1_367' title='bbox 1467 3872 1497 3910; x_wconf 80' lang='grc' dir='ltr'><strong>ιι.</strong></span> <span class='ocrx_word' id='word_1_368' title='bbox 1519 3872 1542 3909; x_wconf 84' lang='lat' dir='ltr'><strong>m</strong></span> 
     </span>
     <span class='ocr_line' id='line_1_35' title="bbox 92 3951 1385 4034; baseline 0 -20"><span class='ocrx_word' id='word_1_369' title='bbox 92 3951 183 4034; x_wconf 84' lang='lat' dir='ltr'><strong>plet,</strong></span> <span class='ocrx_word' id='word_1_370' title='bbox 207 3963 295 4032; x_wconf 81' lang='lat' dir='ltr'><strong>auget</strong></span> <span class='ocrx_word' id='word_1_371' title='bbox 317 3955 441 4033; x_wconf 87' lang='lat' dir='ltr'><strong>perficit.</strong></span> <span class='ocrx_word' id='word_1_372' title='bbox 487 3954 646 4015; x_wconf 88' lang='lat' dir='ltr'><strong>Sciendum</strong></span> <span class='ocrx_word' id='word_1_373' title='bbox 668 3962 727 4023; x_wconf 89' lang='lat' dir='ltr'><strong>est,</strong></span> <span class='ocrx_word' id='word_1_374' title='bbox 752 3954 819 4032; x_wconf 89' lang='lat' dir='ltr'><strong>quia</strong></span> <span class='ocrx_word' id='word_1_375' title='bbox 843 3953 1057 4014; x_wconf 89' lang='lat' dir='ltr'><strong>Priscianus</strong></span> <span class='ocrx_word' id='word_1_376' title='bbox 1080 3957 1331 4033; x_wconf 86' lang='lat' dir='ltr'><strong>comparationem</strong></span> <span class='ocrx_word' id='word_1_377' title='bbox 1355 3956 1385 4014; x_wconf 91' lang='lat' dir='ltr'><strong>in</strong></span> 
     </span>
     <span class='ocr_line' id='line_1_36' title="bbox 52 4054 1388 4135; baseline -0.001 -19"><span class='ocrx_word' id='word_1_378' title='bbox 52 4075 80 4116; x_wconf 82' lang='lat' dir='ltr'><strong>as</strong></span> <span class='ocrx_word' id='word_1_379' title='bbox 93 4054 236 4117; x_wconf 88' lang='lat' dir='ltr'><strong>aduerbio</strong></span> <span class='ocrx_word' id='word_1_380' title='bbox 252 4074 311 4116; x_wconf 91' lang='lat' dir='ltr'><strong>non</strong></span> <span class='ocrx_word' id='word_1_381' title='bbox 326 4058 423 4135; x_wconf 90' lang='lat' dir='ltr'><strong>ponit,</strong></span> <span class='ocrx_word' id='word_1_382' title='bbox 441 4057 509 4135; x_wconf 86' lang='lat' dir='ltr'><strong>qnia</strong></span> <span class='ocrx_word' id='word_1_383' title='bbox 526 4074 584 4115; x_wconf 92' lang='lat' dir='ltr'><strong>non</strong></span> <span class='ocrx_word' id='word_1_384' title='bbox 601 4066 645 4117; x_wconf 89' lang='lat' dir='ltr'><strong>est</strong></span> <span class='ocrx_word' id='word_1_385' title='bbox 667 4054 805 4133; x_wconf 80' lang='lat' dir='ltr'><strong>generale</strong></span> <span class='ocrx_word' id='word_1_386' title='bbox 827 4054 979 4123; x_wconf 85' lang='lat' dir='ltr'><strong>accidens,</strong></span> <span class='ocrx_word' id='word_1_387' title='bbox 1003 4055 1054 4114; x_wconf 88' lang='lat' dir='ltr'><strong>sed</strong></span> <span class='ocrx_word' id='word_1_388' title='bbox 1078 4058 1208 4134; x_wconf 89' lang='lat' dir='ltr'><strong>speciem</strong></span> <span class='ocrx_word' id='word_1_389' title='bbox 1232 4074 1286 4134; x_wconf 90' lang='lat' dir='ltr'><strong>pro</strong></span> <span class='ocrx_word' id='word_1_390' title='bbox 1309 4074 1388 4115; x_wconf 90' lang='lat' dir='ltr'><strong>com·</strong></span> 
     </span>
     <span class='ocr_line' id='line_1_37' title="bbox 92 4156 1389 4236; baseline -0.002 -19"><span class='ocrx_word' id='word_1_391' title='bbox 92 4158 246 4236; x_wconf 88' lang='lat' dir='ltr'><strong>paratione</strong></span> <span class='ocrx_word' id='word_1_392' title='bbox 279 4159 367 4218; x_wconf 90' lang='lat' dir='ltr'><strong>misit.</strong></span> <span class='ocrx_word' id='word_1_393' title='bbox 417 4157 521 4217; x_wconf 86' lang='lat' dir='ltr'><strong>Omnia</strong></span> <span class='ocrx_word' id='word_1_394' title='bbox 551 4159 628 4217; x_wconf 90' lang='lat' dir='ltr'><strong>enim</strong></span> <span class='ocrx_word' id='word_1_395' title='bbox 658 4156 798 4217; x_wconf 86' lang='lat' dir='ltr'><strong>adnerhia</strong></span> <span class='ocrx_word' id='word_1_396' title='bbox 828 4164 880 4216; x_wconf 91' lang='lat' dir='ltr'><strong>ant</strong></span> <span class='ocrx_word' id='word_1_397' title='bbox 906 4158 1075 4235; x_wconf 87' lang='lat' dir='ltr'><strong>primitiuac</strong></span> <span class='ocrx_word' id='word_1_398' title='bbox 1103 4158 1213 4236; x_wconf 87' lang='lat' dir='ltr'><strong>speciei</strong></span> <span class='ocrx_word' id='word_1_399' title='bbox 1241 4165 1312 4221; x_wconf 83' lang='lat' dir='ltr'><strong>snnt</strong></span> <span class='ocrx_word' id='word_1_400' title='bbox 1338 4169 1389 4217; x_wconf 85' lang='lat' dir='ltr'><strong>aut</strong></span> 
     </span>
     <span class='ocr_line' id='line_1_38' title="bbox 93 4257 1491 4336; baseline -0.003 -18"><span class='ocrx_word' id='word_1_401' title='bbox 93 4259 277 4320; x_wconf 84' lang='lat' dir='ltr'><strong>diriuatiuae.</strong></span> <span class='ocrx_word' id='word_1_402' title='bbox 323 4259 524 4336; x_wconf 84' lang='lat' dir='ltr'><strong>Omagister,</strong></span> <span class='ocrx_word' id='word_1_403' title='bbox 555 4259 595 4318; x_wconf 89' lang='lat' dir='ltr'><strong>da</strong></span> <span class='ocrx_word' id='word_1_404' title='bbox 626 4258 712 4318; x_wconf 87' lang='lat' dir='ltr'><strong>milri</strong></span> <span class='ocrx_word' id='word_1_405' title='bbox 739 4257 917 4318; x_wconf 77' lang='lat' dir='ltr'><strong>aduerlria</strong></span> <span class='ocrx_word' id='word_1_406' title='bbox 948 4259 1036 4327; x_wconf 89' lang='lat' dir='ltr'><strong>loci,</strong></span> <span class='ocrx_word' id='word_1_407' title='bbox 1067 4260 1096 4318; x_wconf 91' lang='lat' dir='ltr'><strong>·i·</strong></span> <span class='ocrx_word' id='word_1_408' title='bbox 1121 4259 1167 4318; x_wconf 88' lang='lat' dir='ltr'><strong>die</strong></span> <span class='ocrx_word' id='word_1_409' title='bbox 1195 4258 1284 4328; x_wconf 84' lang='lat' dir='ltr'><strong>milri,</strong></span> <span class='ocrx_word' id='word_1_410' title='bbox 1314 4277 1491 4336; x_wconf 60' lang='lat' dir='ltr'><strong>quaestura</strong></span> 
     </span>
     <span class='ocr_line' id='line_1_39' title="bbox 93 4358 1491 4437; baseline -0.005 -16"><span class='ocrx_word' id='word_1_411' title='bbox 93 4358 235 4421; x_wconf 81' lang='lat' dir='ltr'><strong>aduerlria</strong></span> <span class='ocrx_word' id='word_1_412' title='bbox 259 4363 287 4420; x_wconf 93' lang='lat' dir='ltr'><strong>in</strong></span> <span class='ocrx_word' id='word_1_413' title='bbox 312 4360 376 4419; x_wconf 92' lang='lat' dir='ltr'><strong>loco</strong></span> <span class='ocrx_word' id='word_1_414' title='bbox 399 4379 463 4421; x_wconf 83' lang='lat' dir='ltr'><strong>esse</strong></span> <span class='ocrx_word' id='word_1_415' title='bbox 486 4361 659 4437; x_wconf 80' lang='lat' dir='ltr'><strong>significant.</strong></span> <span class='ocrx_word' id='word_1_416' title='bbox 707 4359 780 4426; x_wconf 90' lang='lat' dir='ltr'><strong>llic,</strong></span> <span class='ocrx_word' id='word_1_417' title='bbox 805 4380 838 4419; x_wconf 89' lang='lat' dir='ltr'><strong>·s·</strong></span> <span class='ocrx_word' id='word_1_418' title='bbox 856 4360 1003 4421; x_wconf 84' lang='lat' dir='ltr'><strong>sedemus.</strong></span> <span class='ocrx_word' id='word_1_419' title='bbox 1050 4359 1119 4428; x_wconf 89' lang='lat' dir='ltr'><strong>lbi,</strong></span> <span class='ocrx_word' id='word_1_420' title='bbox 1145 4379 1179 4419; x_wconf 91' lang='lat' dir='ltr'><strong>·s·</strong></span> <span class='ocrx_word' id='word_1_421' title='bbox 1204 4359 1309 4420; x_wconf 86' lang='lat' dir='ltr'><strong>sedent</strong></span> <span class='ocrx_word' id='word_1_422' title='bbox 1331 4359 1388 4419; x_wconf 86' lang='lat' dir='ltr'><strong>elii.</strong></span> <span class='ocrx_word' id='word_1_423' title='bbox 1403 4378 1451 4424; x_wconf 76' lang='lat' dir='ltr'><strong>oce,</strong></span> <span class='ocrx_word' id='word_1_424' title='bbox 1466 4378 1491 4415; x_wconf 72' lang='grc' dir='ltr'><strong>ιι</strong></span> 
     </span>
     <span class='ocr_line' id='line_1_40' title="bbox 93 4459 1389 4533; baseline -0.001 -12"><span class='ocrx_word' id='word_1_425' title='bbox 93 4461 105 4521; x_wconf 98' lang='lat' dir='ltr'><strong>l</strong></span> <span class='ocrx_word' id='word_1_426' title='bbox 112 4469 205 4533; x_wconf 86' lang='lat' dir='ltr'><strong>ntus,</strong></span> <span class='ocrx_word' id='word_1_427' title='bbox 224 4481 258 4522; x_wconf 90' lang='lat' dir='ltr'><strong>·s·</strong></span> <span class='ocrx_word' id='word_1_428' title='bbox 274 4479 386 4522; x_wconf 90' lang='lat' dir='ltr'><strong>sumus.</strong></span> <span class='ocrx_word' id='word_1_429' title='bbox 411 4463 522 4530; x_wconf 82' lang='lat' dir='ltr'><strong>Foris,</strong></span> <span class='ocrx_word' id='word_1_430' title='bbox 539 4470 608 4521; x_wconf 91' lang='lat' dir='ltr'><strong>sunt</strong></span> <span class='ocrx_word' id='word_1_431' title='bbox 623 4459 674 4520; x_wconf 88' lang='lat' dir='ltr'><strong>illi.</strong></span> <span class='ocrx_word' id='word_1_432' title='bbox 691 4460 770 4520; x_wconf 74' lang='lat' dir='ltr'><strong>‘llic&#39;</strong></span> <span class='ocrx_word' id='word_1_433' title='bbox 786 4469 816 4521; x_wconf 90' lang='lat' dir='ltr'><strong>et</strong></span> <span class='ocrx_word' id='word_1_434' title='bbox 832 4464 945 4533; x_wconf 85' lang='lat' dir='ltr'><strong>‘intus&#39;,</strong></span> <span class='ocrx_word' id='word_1_435' title='bbox 957 4461 1023 4521; x_wconf 76' lang='lat' dir='ltr'><strong>‘ini’</strong></span> <span class='ocrx_word' id='word_1_436' title='bbox 1040 4471 1069 4522; x_wconf 90' lang='lat' dir='ltr'><strong>ot</strong></span> <span class='ocrx_word' id='word_1_437' title='bbox 1084 4462 1181 4521; x_wconf 81' lang='lat' dir='ltr'><strong>‘loris&#39;</strong></span> <span class='ocrx_word' id='word_1_438' title='bbox 1197 4463 1226 4520; x_wconf 91' lang='lat' dir='ltr'><strong>in</strong></span> <span class='ocrx_word' id='word_1_439' title='bbox 1242 4461 1307 4521; x_wconf 92' lang='lat' dir='ltr'><strong>loco</strong></span> <span class='ocrx_word' id='word_1_440' title='bbox 1323 4479 1389 4521; x_wconf 85' lang='lat' dir='ltr'><strong>esse</strong></span> 
     </span>
    </p>
   </div>
   <div class='ocr_carea' id='block_1_5' title="bbox 92 4644 1391 4851">
    <p class='ocr_par' dir='ltr' id='par_1_5' title="bbox 92 4644 1391 4851">
     <span class='ocr_line' id='line_1_41' title="bbox 163 4644 1387 4712; baseline -0.002 -14"><span class='ocrx_word' id='word_1_441' title='bbox 163 4651 193 4699; x_wconf 82' lang='lat'><strong>13</strong></span> <span class='ocrx_word' id='word_1_442' title='bbox 211 4648 303 4698; x_wconf 84' lang='lat' dir='ltr'><strong>lectum</strong></span> <span class='ocrx_word' id='word_1_443' title='bbox 322 4650 358 4697; x_wconf 85' lang='lat' dir='ltr'><strong>irc</strong></span> <span class='ocrx_word' id='word_1_444' title='bbox 377 4647 416 4696; x_wconf 89' lang='lat' dir='ltr'><strong>uel</strong></span> <span class='ocrx_word' id='word_1_445' title='bbox 435 4648 555 4696; x_wconf 86' lang='lat' dir='ltr'><strong>lecturum</strong></span> <span class='ocrx_word' id='word_1_446' title='bbox 575 4644 659 4710; x_wconf 86' lang='lat' dir='ltr'><strong>essse]</strong></span> <span class='ocrx_word' id='word_1_447' title='bbox 684 4647 805 4709; x_wconf 77' lang='lat' dir='ltr'><strong>Consedit</strong></span> <span class='ocrx_word' id='word_1_448' title='bbox 823 4651 936 4712; x_wconf 81' lang='lat' dir='ltr'><strong>scriptor</strong></span> <span class='ocrx_word' id='word_1_449' title='bbox 952 4651 1079 4712; x_wconf 69' lang='lat' dir='ltr'><strong>passionen</strong></span> <span class='ocrx_word' id='word_1_450' title='bbox 1095 4650 1205 4709; x_wconf 78' lang='lat' dir='ltr'><strong>sororem</strong></span> <span class='ocrx_word' id='word_1_451' title='bbox 1222 4663 1275 4694; x_wconf 86' lang='lat' dir='ltr'><strong>rum</strong></span> <span class='ocrx_word' id='word_1_452' title='bbox 1293 4649 1387 4706; x_wconf 80' lang='lat' dir='ltr'><strong>nelina,</strong></span> 
     </span>
     <span class='ocr_line' id='line_1_42' title="bbox 92 4711 1391 4782; baseline -0.003 -16"><span class='ocrx_word' id='word_1_453' title='bbox 92 4717 127 4780; x_wconf 74' lang='lat' dir='ltr'><strong>es.</strong></span> <span class='ocrx_word' id='word_1_454' title='bbox 147 4718 212 4769; x_wconf 83' lang='lat' dir='ltr'><strong>Deo.</strong></span> <span class='ocrx_word' id='word_1_455' title='bbox 229 4734 256 4782; x_wconf 83' lang='lat' dir='ltr'><strong>p.</strong></span> <span class='ocrx_word' id='word_1_456' title='bbox 277 4720 372 4779; x_wconf 61' lang='lat' dir='ltr'><strong>tone</strong></span> <span class='ocrx_word' id='word_1_457' title='bbox 458 4716 491 4765; x_wconf 77' lang='lat'><strong>28</strong></span> <span class='ocrx_word' id='word_1_458' title='bbox 509 4730 583 4780; x_wconf 81' lang='lat' dir='ltr'><strong>grece</strong></span> <span class='ocrx_word' id='word_1_459' title='bbox 599 4711 759 4766; x_wconf 86' lang='grc' dir='ltr'>ΕΠΙΡΗΜΑ</span> <span class='ocrx_word' id='word_1_460' title='bbox 847 4720 879 4766; x_wconf 82' lang='grc'><strong>33</strong></span> <span class='ocrx_word' id='word_1_461' title='bbox 899 4712 1053 4781; x_wconf 86' lang='lat' dir='ltr'><strong>l’riseimms]</strong></span> <span class='ocrx_word' id='word_1_462' title='bbox 1075 4716 1108 4764; x_wconf 92' lang='grc' dir='ltr'><strong>ΙΙ</strong></span> <span class='ocrx_word' id='word_1_463' title='bbox 1125 4733 1152 4780; x_wconf 89' lang='lat' dir='ltr'><strong>p.</strong></span> <span class='ocrx_word' id='word_1_464' title='bbox 1172 4719 1214 4772; x_wconf 79' lang='lat'><strong>03,</strong></span> <span class='ocrx_word' id='word_1_465' title='bbox 1234 4720 1262 4767; x_wconf 79' lang='lat' dir='ltr'><strong>d:</strong></span> <span class='ocrx_word' id='word_1_466' title='bbox 1291 4715 1391 4764; x_wconf 76' lang='lat' dir='ltr'><strong>Accidit</strong></span> 
     </span>
     <span class='ocr_line' id='line_1_43' title="bbox 92 4783 709 4851; baseline -0.003 -17"><span class='ocrx_word' id='word_1_467' title='bbox 92 4794 176 4834; x_wconf 84' lang='lat' dir='ltr'><strong>autem</strong></span> <span class='ocrx_word' id='word_1_468' title='bbox 195 4784 317 4834; x_wconf 86' lang='lat' dir='ltr'><strong>aduerbio</strong></span> <span class='ocrx_word' id='word_1_469' title='bbox 336 4786 435 4851; x_wconf 84' lang='lat' dir='ltr'><strong>speeies</strong></span> <span class='ocrx_word' id='word_1_470' title='bbox 453 4783 607 4848; x_wconf 83' lang='lat' dir='ltr'><strong>signilleetio</strong></span> <span class='ocrx_word' id='word_1_471' title='bbox 626 4783 709 4849; x_wconf 82' lang='lat' dir='ltr'><strong>ligura</strong></span> 
     </span>
    </p>
   </div>
   <div class='ocr_carea' id='block_1_6' title="bbox 1129 4865 1184 4917">
    <p class='ocr_par' dir='ltr' id='par_1_6' title="bbox 1129 4865 1184 4917">
     <span class='ocr_line' id='line_1_44' title="bbox 1129 4865 1184 4917; baseline 0 0"><span class='ocrx_word' id='word_1_472' title='bbox 1129 4865 1184 4917; x_wconf 75' lang='lat'><strong>14*</strong></span> 
     </span>
    </p>
   </div>
   <div class='ocr_carea' id='block_1_7' title="bbox 0 0 1716 5378">
    <p class='ocr_par' dir='ltr' id='par_1_7' title="bbox 0 0 1716 5378">
     <span class='ocr_line' id='line_1_45' title="bbox 0 0 1716 5378; baseline 0 0"><span class='ocrx_word' id='word_1_473' title='bbox 0 0 1716 5378; x_wconf 95' lang='lat' dir='ltr'><strong> </strong></span> 
     </span>
    </p>
   </div>
  </div>
 </body>
</html>
