3420 5378
700 307 750 358 DE
769 304 955 359 sutanum
972 307 1078 358 ARTE.
1398 317 1530 369 COXHII

236 502 454 557 conuertuntur
481 495 615 557 Launmii
650 494 707 556 boc
739 495 840 555 modo:
874 493 1025 556 Altimirus
1053 492 1227 555 Gildimirus
1254 493 1414 555 lliciuiirus
1441 493 1529 554 flain-

236 582 333 642 mirus
356 580 535 660 (ranimirus)
557 579 752 642 Vuadamirus
768 578 994 658 Vuiglimundus
1016 578 1212 640 Ricimundus
1227 577 1436 639 Rademundus
1452 578 1529 639 Vuil·

236 665 366 726 mundus
389 674 418 726 et
440 666 559 735 similia,
582 666 660 726 sicut
680 668 713 725 in
735 663 937 726 Hebraeorum
953 662 1125 724 nominibus
1147 663 1291 724 aLatiiiis
1314 664 1422 724 factum
1445 666 1529 724 uide·

236 766 313 811 mus.
352 748 424 811 liam
448 749 484 811 de
507 749 674 811 llabrabam
698 749 910 818 Habraliamus
935 748 971 809 de
994 747 1080 809 lacob
1102 747 1226 809 lacobus
1242 756 1271 808 et
1287 749 1323 808 de
1339 748 1408 809 Saul
1424 748 1530 809 Saulus

237 830 287 916 {li
306 831 364 894 llfb
380 832 392 915 ΙΙ
409 843 439 895 et
461 834 497 895 de
520 835 626 915 loseph
650 836 750 916 (iosap)
774 833 916 914 loseplius
938 836 1079 913 (ioscpus)
1101 833 1199 894 Latini
1222 833 1370 895 dixerunt.

320 917 436 980 bl.assm
455 940 484 999 p.
500 916 577 982 390.
600 922 804 1000 patronomica
848 918 1000 998 helpericb
1045 927 1093 1000 art
1109 918 1220 980 artricb
1236 919 1351 979 ainliart
1408 921 1531 979 stainart

234 1001 351 1066 ricbrat
413 1004 550 1066 tancrabt
571 1004 696 1067 fastrabt
718 1004 838 1082 gotrabt
858 1002 995 1064 rabtman
1018 986 1156 1082 gobtman
1186 1004 1326 1064 aralunan
1354 1004 1487 1064 ricbman

237 1090 372 1150 uuizman
452 1091 548 1151 ainart
604 1087 743 1151 stainlart
799 1089 911 1150 riclirat
968 1089 1101 1150 rainbart
1134 1089 1260 1150 nitidum
1289 1089 1443 1150 consilium
1473 1107 1528 1150 om.

236 1172 356 1235 arci-abt
420 1194 447 1253 p.
470 1172 531 1236 391
556 1175 692 1249 tancrabt
741 1176 858 1254 gotralit
907 1173 1047 1251 gotbman
1096 1184 1211 1235 artman
1268 1174 1402 1235 rilicman
1425 1183 1530 1253 potens

235 1257 326 1321 bomo
348 1259 484 1320 uuizman
507 1258 651 1322 candidus
673 1259 772 1321 bomo.

320 1378 392 1439 Post
414 1383 544 1438 ‘umatus
565 1380 661 1440 borno'
684 1397 825 1470 secuntur
846 1380 938 1440 baec:

217 1562 221 1568 ,
320 1495 358 1557 Et
385 1498 441 1556 ista
471 1497 569 1557 omnia
597 1515 664 1557 cum
696 1496 814 1557 Latinas
847 1498 1017 1578 acceperint
1051 1494 1178 1577 syllabas
1207 1496 1296 1575 (ps),
1335 1499 1365 1556 in
1401 1496 1530 1574 linguam

237 1590 454 1642 conuertuntur
475 1581 609 1642 Latinam
633 1581 689 1642 boc
712 1581 812 1642 modo:
836 1581 1011 1661 Helpericus
1032 1580 1178 1643 Ainardus
1198 1581 1342 1642 Ricardus
1358 1581 1531 1643 Stainardus

236 1664 403 1728 llicrbadus
438 1665 608 1727 llianbadus
636 1666 806 1727 Arcbradus
840 1666 987 1728 Fulradus
1015 1662 1185 1727 Tancradus
1213 1666 1372 1727 Fastradus
1401 1665 1480 1746 (da)
1505 1675 1534 1726 et

237 1750 356 1830 similia.
402 1751 477 1813 Sunt
498 1768 627 1828 namque
649 1751 854 1830 principaliter
883 1762 912 1812 ct
939 1754 969 1811 in
993 1751 1037 1811 liis
1060 1751 1138 1831 (biis)
1163 1751 1332 1813 nominibus
1355 1750 1531 1830 dissyllabae
1645 1796 1647 1801 -

238 1834 452 1916 (dispsyllabe)‚
486 1836 593 1915 quibus
627 1835 836 1915 monosyllabis
872 1837 1036 1916 (monops-)
1075 1835 1184 1897 additis
1213 1836 1330 1897 diuersa
1360 1837 1529 1898 efficiuntur

238 1923 367 1982 nomina.
412 1920 488 1981 Sunt
510 1924 589 1981 enirn
613 1921 700 1981 baec.
724 1920 838 1982 belmus
860 1921 938 1982 ulfus
961 1929 1016 1982 etc.

322 2006 439 2066 blassm.
456 2025 485 2085 p.
500 2003 562 2067 391
586 2014 616 2066 ct
629 2005 755 2085 plurima
771 2007 849 2079 talia,
874 2006 990 2087 quibus,
1016 2016 1047 2066 ut
1069 2005 1203 2074 (linimus,
1227 2005 1333 2066 additis
1356 2003 1530 2084 monosylla-

238 2089 285 2151 bis
307 2089 434 2171 plurima
457 2100 677 2171 componuntur
699 2091 756 2151 boc
779 2091 866 2152 modo
890 2094 1022 2152 nomina:
1048 2089 1236 2168 Vuigbelmus
1259 2099 1315 2150 etc.
1339 2089 1532 2168 gauzbefmus

281 2174 420 2237 elmulfus
470 2175 595 2236 siculfus
644 2174 796 2237 leutardus
828 2177 998 2236 mainardus
1020 2174 1179 2253 aginardus
1201 2175 1354 2237 uuiiardus
1382 2174 1532 2235 ricbertus

239 2258 408 2322 rambertus
445 2261 616 2322 frotberdus
653 2260 835 2322 mainfredus
892 2261 1067 2339 gontfredus
1131 2263 1303 2340 gontiuarus
1368 2270 1532 2322 teutmarus

238 2343 372 2425 oclingus
395 2345 551 2424 deotingus
594 2345 734 2423 redingus
756 2347 897 2406 teotricus
941 2347 1079 2407 ainricus.

322 2466 394 2526 Post
416 2466 591 2526 ‘roi'nri'cua'
614 2472 756 2525 secuntur
777 2465 869 2526 berec:

324 2591 354 2643 et
374 2582 603 2645 innumerabilia
627 2583 703 2643 talia.
748 2583 821 2644 Nam
844 2592 873 2642 ct
894 2585 1020 2645 istorum
1037 2584 1188 2643 nominum
1204 2582 1330 2662 syllabae
1346 2585 1531 2662 praepositae

239 2670 388 2747 repositae
412 2668 501 2730 multa
524 2669 685 2730 conticium
700 2670 830 2733 nomina.
854 2677 886 2729 ut
901 2667 1066 2728 Frodaldus
1081 2667 1257 2728 Aldefrcdus
1273 2677 1328 2728 etc.
1343 2667 1388 2740 cf.
1408 2669 1530 2727 Mosam.

233 2770 270 2830 p.
295 2760 352 2813 392
395 2752 563 2814 fo'rcbertus
588 2753 775 2815 bertefredus
798 2751 967 2813 richbertus
990 2751 1154 2812 bertericus
1177 2751 1334 2812 ratberdiis
1358 2751 1533 2812 licitoradus

239 2838 429 2899 maurbcrtus
452 2837 638 2900 liertemariis
660 2837 836 2916 gauzbertus
860 2836 1064 2915 bertegaudus.

325 2959 442 3033 Cetera,
466 2975 545 3032 quac
567 2959 652 3034 capud
673 2959 899 3018 Massmunuum
922 2962 1039 3033 extant,
1063 2976 1103 3017 eac
1118 2960 1179 3017 alio
1194 2957 1323 3030 quodum
1339 2955 1449 3033 capite,
1475 2976 1533 3032 quo

240 3060 280 3121 de
298 3058 459 3135 generibus
487 3060 645 3134 agebatur,
673 3057 770 3136 petito
796 3066 875 3119 sulit.
920 3058 1001 3118 Nam
1028 3058 1061 3119 i'ri
1078 3059 1257 3135 fragmento
1280 3057 1431 3119 Beraeasr'
1459 3056 1536 3119 illud

240 3160 340 3238 ipsum
361 3164 399 3222 de
415 3159 640 3239 patronomieis
660 3167 754 3237 caput
775 3158 808 3219 in
830 3161 906 3220 boec
927 3163 1023 3221 aerbo
1044 3161 1146 3222 statim
1168 3161 1296 3222 desinit:

327 3289 356 3341 et
378 3279 602 3341 innumerabilia
625 3279 691 3349 alia,
715 3296 789 3358 quae
812 3278 853 3337 sic
876 3290 1104 3358 componuntur.

325 3399 470 3477 Sequitur
491 3408 585 3475 caput
607 3396 813 3460 undecimum:

286 3588 334 3649 lle
357 3587 503 3648 mediae
526 3586 833 3663 significationis
857 3595 892 3645 et
914 3583 1116 3664 qualitatis
1139 3594 1175 3646 et
1198 3588 1420 3663 quantitatis
1442 3586 1497 3646 Xl.

327 3706 441 3767 Mediae
463 3706 684 3783 significationis
708 3701 754 3764 uel
778 3703 922 3764 adiectiua
946 3705 1116 3766 nominibus
1131 3705 1234 3766 Latine
1250 3706 1389 3768 dicuutur
1404 3706 1532 3775 uomina,

243 3807 318 3868 quae
341 3798 371 3850 et
392 3791 505 3851 Graece
528 3791 655 3869 epitheta
678 3799 832 3857 uocantur,
865 3807 940 3868 quae
964 3791 991 3849 in
1015 3788 1178 3851 meditullio
1201 3793 1292 3871 posita
1316 3790 1352 3851 ad
1375 3800 1534 3867 utrumque

242 3893 326 3936 suam
350 3876 515 3937 necessarie
538 3882 719 3935 conuertunt
741 3875 995 3952 significationem,
1019 3873 1097 3934 idest
1119 3873 1155 3935 ad
1178 3876 1287 3937 bonurn
1312 3882 1341 3934 et
1363 3875 1399 3935 ad
1416 3872 1533 3942 linaium,

215 3968 273 4020 aet
301 3959 456 4038 aliquoties
489 3957 647 4028 laudantis,
682 3957 836 4035 aliquoties
868 3960 1062 4038 uituperautis
1102 3961 1260 4021 ostendunt
1293 3962 1441 4023 allectum.
1491 3960 1533 4019 Ei

243 4042 353 4124 quibus
375 4056 443 4105 sunt
466 4043 551 4104 baec:
576 4060 702 4122 magnus
724 4044 836 4121 grande
858 4044 934 4104 forte
957 4042 1012 4103 lata
1036 4043 1123 4123 longa
1145 4054 1244 4124 aperta
1262 4044 1376 4105 occulta
1392 4054 1421 4104 ot
1435 4051 1533 4103 cetera

243 4128 321 4191 talia.
360 4128 495 4207 ‘Magnus
510 4130 681 4209 imperator'
707 4128 830 4189 dicimus
846 4127 999 4197 laudantis,
1024 4139 1053 4189 et
1074 4133 1207 4208 ‘magnus
1223 4128 1308 4189 latrn’
1330 4131 1534 4207 uituperantis,

243 4213 369 4293 ‘grande
398 4215 520 4274 malum’
550 4220 579 4274 et
606 4213 731 4291 ‘grande
761 4212 893 4280 bouum'‚
923 4214 993 4274 ‘lata
1021 4222 1052 4274 et
1073 4217 1197 4294 spatiosa
1221 4214 1320 4274 lectio’
1344 4223 1373 4273 et
1395 4215 1534 4293 ‘spatiosa

243 4300 290 4361 uia
315 4317 390 4377 quae
413 4300 495 4359 ducit
517 4297 552 4359 ad
576 4300 724 4371 mortem'‚
749 4297 847 4374 ‘longa
870 4302 937 4377 pai'
961 4308 990 4357 et
1012 4299 1112 4378 ‘longa
1135 4299 1303 4368 discordia,
1334 4300 1447 4378 ‘aperta
1471 4299 1533 4359 lau·

204 4400 229 4439 io
243 4383 334 4446 datio’
359 4394 387 4445 ct
409 4387 522 4464 ‘aperta
543 4384 744 4462 uituperatio'.
790 4382 838 4442 Sic
861 4391 889 4441 et
912 4381 1036 4463 reliqua.

441 4501 487 4563 Ile
511 4500 706 4579 qualitatis
729 4509 762 4560 et
784 4503 1003 4580 quantitatis
1027 4502 1091 4562 xii
1109 4500 1114 4584 Ι
1131 4507 1183 4576 tiri.
1203 4503 1262 4576 fol.
1288 4504 1346 4564 IV.

312 4791 440 4850 inette,
459 4791 497 4841 bis
564 4795 672 4856 3grece
690 4792 783 4857 eniteas
851 4791 1017 4855 aspectam,
1037 4791 1076 4841 bia
1144 4790 1286 4857 illongua,
1304 4791 1343 4842 bia

330 4899 333 4905 .
1297 4880 1332 4943 qt
