3420 5378
297 269 340 317 01,
636 253 686 303 DE
705 250 1027 304 aasumrlconvnt
1045 245 1252 302 cananeum

382 444 461 504 Ilaec
482 444 623 516 catalogo
637 442 745 500 I’etrus
759 441 868 501 Daniel
876 447 986 517 postea
1001 437 1124 501 addidit
1140 440 1233 500 baec:
1260 436 1375 498 Veliam
1399 436 1533 516 Longum
1557 435 1595 497 de

297 544 507 625 orthographia
527 539 533 624 Ι
553 552 582 603 et
604 541 810 602 adamantium
834 541 1004 620 Martyrium
1032 540 1069 601 de
1092 560 1109 600 v
1132 548 1162 601 et
1184 539 1202 600 b
1225 542 1359 617 integros
1381 541 1514 619 repperit
1537 541 1595 600 Ve-

298 649 385 708 netiis
407 645 449 707 cl.
472 645 629 705 Puteanus.
654 641 824 706 Posteriori
845 646 936 704 etiam
958 616 1092 720 tempore
1113 644 1159 703 bis
1174 645 1238 702 alia
1253 659 1346 703 manu
1367 644 1516 704 adactum
1529 651 1595 704 est:

299 749 504 810 Adamantium
527 748 591 808 siue
614 745 786 824 Martyrium
809 745 845 806 de
868 745 891 806 B
914 755 994 806 muta
1018 757 1047 806 et
1070 746 1092 805 V
1116 745 1221 805 uocali.

382 852 415 911 Is
437 852 531 924 initia
550 850 819 924 prammaticorum
840 847 1046 927 catalopm*)‚
1069 864 1155 923 quem
1177 864 1218 907 ea
1239 854 1339 908 uetere
1360 848 1465 908 codiee
1478 846 1596 909 descri-

295 962 382 1030 ptum
404 969 467 1012 esse
489 953 612 1012 notulae
633 952 705 1010 illae
720 951 758 1009 ab
773 951 838 1026 ipso
853 951 944 1011 Petro
958 951 1086 1010 Daniele
1099 952 1234 1024 margini
1247 950 1389 1026 adpictae
1401 948 1597 1024 ‘manifestis-

297 1060 370 1116 sime
391 1054 589 1131 conprobant,
614 1054 822 1128 maximopere
842 1049 982 1126 conprua‘t
1003 1068 1071 1112 cum
1094 1051 1289 1126 Bononiensi,
1315 1049 1368 1128 qai
1389 1060 1433 1113 cst
1454 1054 1521 1113 bic:
1559 1054 1560 1057 ’

384 1155 422 1217 ΙΝ
447 1154 549 1216 aaut
575 1151 751 1233 FUERUNT
780 1152 910 1213 Donatus
939 1153 1107 1213 Priscianus
1137 1153 1304 1213 Victorinus
1328 1152 1478 1214 Fotbioius
1501 1153 1597 1230 (Euti-

300 1259 373 1333 eius)
398 1256 558 1318 Flauianus
580 1263 610 1315 et
632 1255 865 1315 comminianus.
911 1254 942 1314 In
966 1254 1074 1333 Spania
1091 1254 1186 1334 Caper
1201 1256 1385 1337 etOgretius
1408 1256 1596 1334 (Agroetius).

223 1404 228 1413 .
300 1359 332 1420 ln
361 1359 538 1436 Carthagine
567 1356 725 1436 Pompeius
755 1356 909 1417 iiisidorus
936 1357 1077 1433 Serogius
1105 1364 1247 1418 tractator
1278 1367 1307 1417 et
1328 1358 1515 1436 Augustinus.
1563 1357 1598 1418 In

301 1459 400 1521 Sicilia
423 1460 593 1521 Honoratus
615 1467 645 1519 et
672 1456 746 1519 aiter
769 1457 890 1535 Sergius
914 1455 1005 1537 (corr.
1028 1457 1178 1536 Seregius)
1207 1459 1353 1521 Maximus
1375 1469 1405 1521 et
1426 1460 1596 1522 Metrorius.

384 1564 453 1623 Iam
475 1564 557 1638 quod
577 1568 718 1638 quattuor
732 1558 846 1622 Donati
866 1561 940 1621 libri
959 1576 1023 1620 esse
1044 1562 1198 1636 dicuntur,
1223 1564 1267 1622 ita
1289 1565 1356 1639 quis
1376 1565 1595 1638 enucleauerit,

301 1673 334 1726 ut
355 1672 516 1725 tractatum
540 1665 578 1723 de
598 1660 716 1736 littera,
746 1664 785 1723 de
805 1662 923 1738 syllaba
944 1669 1001 1723 etc.
1030 1680 1093 1722 aaa
1114 1680 1182 1723 cum
1204 1671 1272 1724 arte
1293 1667 1408 1726 minore
1429 1673 1459 1725 et
1479 1667 1598 1727 maiore

302 1776 392 1843 atque
413 1766 600 1840 barbarismo
622 1763 728 1841 quarti
749 1762 824 1826 libri
843 1766 960 1825 nomine
981 1764 1114 1850 lubitum
1142 1781 1205 1824 csse
1226 1763 1326 1841 ἀέσαι,
1357 1784 1539 1843 quamquam
1561 1785 1598 1828 eo

303 1887 420 1946 qaoque
448 1868 616 1942 confregere
640 1880 816 1943 possumus,
846 1874 893 1940 ut,
924 1869 978 1941 qai
1004 1867 1106 1927 Seruii
1131 1870 1251 1928 nomine
1278 1870 1316 1929 de
1343 1871 1454 1930 ultimis
1474 1869 1600 1946 syllabis

305 1978 456 2032 tractatas
483 1987 503 2029 a
532 1970 673 2031 Patrobio
694 1966 801 2045 priori
825 1970 890 2029 loco
914 1986 946 2044 p.
974 1973 1174 2027 trba—rste
1193 1971 1292 2031 editas
1313 1979 1370 2044 cst,
1399 1979 1509 2045 quarto
1529 1973 1599 2032 ioco

303 2072 441 2147 intellcpi
459 2070 664 2146 suspicemur:
685 2072 735 2131 Iric
755 2073 833 2131 caira
853 2071 970 2131 libellas
985 2071 1105 2131 Donato
1120 2072 1261 2132 tribuitur
1281 2080 1310 2130 et
1324 2088 1344 2130 a
1358 2072 1480 2133 Iuliano
1493 2090 1598 2149 pram-

303 2177 415 2235 matico
436 2181 465 2233 ct
485 2176 596 2249 lenitur
618 2175 699 2233 inter
720 2172 836 2233 Donati
854 2175 970 2247 scripta
992 2175 1024 2234 in
1045 2170 1150 2233 codice
1173 2172 1325 2234 Berncnsi
1343 2180 1408 2249 207,
1432 2173 1476 2248 cf.
1500 2165 1600 2252 supra

300 2295 333 2354 p.
349 2276 478 2336 XVIII.
516 2276 633 2335 Deinde
647 2275 797 2334 Honorati
817 2276 950 2348 nominc,
974 2274 1008 2333 id
1022 2275 1103 2349 quod
1118 2273 1251 2335 Maximi
1273 2273 1460 2356 l'ietorini*)
1483 2285 1512 2336 et
1533 2277 1598 2336 Me·

304 2381 393 2439 trorii
413 2379 557 2438 societate
577 2373 739 2450 caineitur,
763 2375 866 2437 Seruii
886 2383 1036 2437 tractatus
1056 2379 1205 2452 metricos,
1230 2375 1371 2453 inprimis
1392 2381 1600 2440 centimetrum

304 2481 440 2555 catalupi
460 2485 569 2539 auctor
591 2479 774 2538 intellexisse
796 2479 935 2547 uidetur;
957 2484 986 2538 ct
1007 2479 1089 2552 quod
1109 2480 1152 2538 ad
1166 2481 1303 2554 alterum,
1328 2482 1381 2555 pai
1400 2489 1529 2542 amatur
1543 2482 1600 2541 boc

304 2586 379 2652 loco,
404 2581 518 2643 Donati
538 2576 719 2654 ancipitum
741 2581 849 2641 attinet
869 2580 1025 2657 Samium,
1054 2581 1092 2640 de
1119 2582 1220 2640 littera
1243 2583 1281 2641 de
1309 2583 1427 2657 syllaba
1449 2583 1487 2643 de
1509 2584 1599 2658 pedi-

304 2687 357 2747 bus
383 2691 438 2745 etc.
465 2684 573 2744 librum
604 2683 668 2742 dici
693 2684 802 2757 optimc
831 2683 946 2742 Keilius
974 2679 1053 2742 uidit
1076 2700 1109 2757 p.
1140 2689 1187 2746 27.
1238 2685 1370 2743 Alterius
1398 2702 1470 2745 uero
1497 2685 1604 2760 Sergii

304 2789 396 2849 libros
419 2802 524 2846 nouem
547 2785 597 2843 ‘de
617 2786 719 2844 lr'ttera
740 2791 770 2843 ct
790 2786 828 2844 de
849 2780 1051 2844 barbarismo'
1074 2786 1118 2842 ad
1134 2783 1245 2844 bonati
1264 2783 1495 2847 commentarios
1516 2786 1600 2859 resc-

305 2892 414 2949 rcndos
435 2904 498 2948 esse
513 2893 610 2963 patet,
635 2902 826 2963 anteaquam,
851 2888 926 2962 quid
946 2886 985 2945 de
1000 2888 1165 2947 rrouenario
1186 2884 1332 2947 librorum
1347 2905 1471 2948 numero
1486 2889 1598 2964 dicam,

306 3008 366 3052 non
387 2992 460 3049 satis
481 2995 606 3062 constat,
632 2985 694 3048 nisi
706 2988 789 3062 quod
802 2985 875 3048 inde
895 2988 1040 3063 efficitur,
1064 2990 1116 3049 sub
1131 2989 1235 3064 Sergii
1247 2990 1368 3049 nomine
1389 2992 1603 3066 multoplures

306 3093 534 3155 commentarios
548 3086 642 3149 medii
664 3090 735 3149 aeui
748 3090 929 3165 temporibus
944 3089 1136 3151 circumlatus
1155 3090 1262 3165 saissa,
1287 3108 1377 3165 quam
1398 3094 1482 3152 trabis
1497 3094 1602 3154 adbuc

222 3225 224 3228 >
307 3199 510 3256 innotuerunt.
554 3191 662 3266 ltaque
684 3208 745 3252 non
767 3192 879 3266 dubito,
904 3195 976 3267 quin
999 3200 1028 3251 et
1042 3194 1094 3251 ille
1107 3192 1209 3267 Serpit
1229 3200 1388 3267 tractatas,
1412 3210 1496 3269 qaam
1511 3195 1603 3255 baius

306 3299 377 3359 libri
394 3314 428 3371 p.
454 3300 623 3353 143-158
643 3296 774 3368 primum
796 3295 893 3369 edidi,
924 3304 1015 3368 alatae
1041 3295 1081 3365 is,
1112 3297 1197 3354 cuias
1222 3294 1400 3370 [rnamenta
1427 3314 1467 3356 ca
1488 3298 1603 3358 codicis

311 3406 364 3458 123
385 3404 450 3456 arte
470 3398 565 3472 petita
587 3394 674 3468 infra
695 3397 797 3471 capite
826 3397 872 3456 VI
885 3397 1098 3471 propositurus
1118 3413 1198 3469 sam,
1229 3398 1272 3455 ad
1292 3400 1489 3458 uenenarium
1510 3395 1602 3458 istum

307 3516 462 3561 numerum
478 3499 694 3574 pertinuerint.
737 3497 891 3558 Prisciani
910 3513 983 3557 uero
1004 3498 1076 3556 libri
1096 3500 1207 3572 uiginti
1231 3515 1267 3558 co
1288 3501 1392 3575 effecti
1410 3516 1473 3558 csse
1494 3497 1602 3560 uiden·

307 3609 366 3670 tur,
389 3601 470 3677 quod
490 3601 535 3659 ad
555 3596 865 3693 duodeuipinti'artis
884 3602 1106 3674 prammaticac
1133 3600 1227 3660 libros
1254 3609 1444 3661 accesserunt
1464 3602 1542 3661 liber
1563 3601 1603 3661 de

308 3704 467 3763 duodecim
503 3701 629 3774 l'arpilii
661 3701 808 3760 Aerreidos
834 3703 945 3776 primis
978 3700 1113 3762 uersibus
1145 3710 1235 3778 atque
1267 3703 1305 3761 de
1337 3700 1458 3763 nomine
1484 3719 1600 3779 prona·

308 3808 388 3865 minc
407 3813 462 3865 etc.
485 3803 610 3862 libellus.

402 3907 505 3964 l'tnrm
532 3912 632 3965 autem
660 3906 808 3980 Asperum
834 3903 1020 3966 intellexerit
1051 3904 1189 3981 catalani
1214 3909 1374 3983 scriptam·
1396 3907 1600 3982 Iunioremnc,

309 4007 363 4084 arri
385 4006 512 4078 dicitur,
538 4023 579 4066 an
600 4023 684 4075 eum,
713 4023 798 4081 qucm
826 4007 926 4067 lotar
939 4006 1012 4068 libri
1028 4025 1063 4083 p.
1087 4014 1204 4067 bil—bt
1225 4007 1312 4069 edidi
1317 4055 1324 4078 ,
1347 4011 1459 4068 certius
1481 4011 1605 4078 definiri

309 4112 420 4184 recanat
465 4111 563 4183 Atque
590 4110 762 4184 Pompeium
790 4126 849 4183 quo
875 4106 943 4169 iare
970 4109 1083 4182 Afrum
1111 4112 1240 4184 dicerit,
1272 4109 1334 4172 iam
1363 4109 1482 4171 [Icilius
1501 4129 1538 4186 p.
1565 4118 1602 4170 27
1644 4127 1646 4131 ¹

364 4279 535 4287 ...μ-...-

379 4395 405 4458 *l
428 4396 561 4460 Perperene
585 4398 652 4443 enirn
676 4395 800 4443 &ruerus
824 4395 883 4444 olim
907 4397 979 4445 catal.
1000 4413 1076 4450 mser.
1095 4398 1168 4450 Bern.
1190 4400 1197 4447 Ι
1217 4414 1243 4463 ρ,
1261 4401 1311 4448 422
1329 4414 1381 4447 reni
1402 4400 1435 4446 ita
1453 4399 1602 4464 explieauit,

311 4477 337 4513 ut
356 4480 443 4513 omnes
466 4465 529 4512 ieros
554 4463 631 4512 libros
656 4464 755 4512 Petrum
781 4463 908 4512 iiarrieiern
933 4465 1052 4514 habuisse
1070 4467 1147 4528 idque
1164 4467 1214 4515 iilis
1234 4467 1317 4515 uerbis
1336 4471 1472 4515 ‘uenerunt
1489 4467 1521 4516 ad
1541 4473 1602 4517 nos’

309 4535 395 4599 ipsum
419 4544 537 4580 testatum
560 4548 617 4581 esse
639 4533 742 4581 diceret.
779 4533 872 4582 Eodem
898 4535 959 4583 uitio
983 4534 1071 4599 lapsus
1098 4546 1138 4583 est
1160 4533 1309 4584 Streuberus
1334 4534 1461 4600 Plriiologi
1484 4548 1544 4588 tom.
1569 4536 1601 4585 ΙΙΙ

330 4637 336 4648 .
356 4603 415 4650 372.

312 4618 326 4663 p
379 4666 423 4728 ss)
443 4669 501 4716 iride
519 4669 588 4732 quod
608 4669 628 4716 is
649 4683 697 4716 uon
719 4669 845 4718 Maximus
863 4669 1011 4719 Victorinus
1031 4670 1105 4734 [niceno
1126 4670 1243 4726 nornine,
1272 4671 1315 4717 secl
1336 4671 1462 4718 Maximus
1487 4683 1601 4730 noemur,

312 4735 434 4799 explicari
453 4747 548 4799 potest,
567 4736 610 4799 qui
629 4736 721 4785 iactum
741 4739 787 4796 sit,
808 4751 833 4786 nt
852 4737 918 4786 medi
937 4739 1002 4786 urnii
1022 4739 1137 4786 immines
1157 4738 1335 4786 ‘niaximum‘
1357 4755 1447 4787 nornen
1469 4738 1601 4803 lingerent.
