3420 5378
171 283 212 349 74
691 282 758 336 Ans
778 282 953 336 ANONYMA

170 476 252 545 uiua,
282 474 368 535 luceo
392 473 512 535 lucerna
537 472 584 534 uel
607 471 719 544 lucina,
749 473 826 536 cubo
848 472 1030 547 concubina,
1057 476 1142 556 rapio
1164 477 1277 556 rapina.
1322 474 1356 535 ln
1380 492 1411 544 e,
1437 480 1469 534 ut

168 575 247 638 cubo
270 576 377 648 cubile,
401 575 491 638 sedeo
515 573 621 644 sedile:
645 577 675 636 in
697 594 723 646 o,
746 583 779 636 ut
801 576 878 637 lateo
901 577 985 650 latro,
1007 580 1096 660 cupio
1118 576 1236 659 cupido,
1259 574 1339 638 libco
1362 573 1467 642 libido:

169 681 198 741 in
222 698 282 749 um,
306 687 338 740 ut
360 678 462 760 scalpo
484 677 643 758 scalprum,
667 675 756 739 lulcio
779 677 916 751 fulcrum,
940 682 1031 760 iungo
1053 682 1172 759 iugum;
1195 681 1226 740 iu
1243 680 1314 748 ium,
1338 686 1372 739 ut
1388 675 1468 756 litigo

168 780 310 862 litigium,
346 769 463 843 mercor
491 779 718 849 commercium,
753 778 903 859 obsequor
931 780 1120 862 obsequium,
1156 781 1280 859 eloquor
1307 779 1467 858 eloquium,

168 884 283 962 nestigo
307 885 480 962 uestigium,
509 880 632 942 aedifico
655 881 835 952 aedilicium,
859 884 993 945 sacrifico
1016 884 1208 952 sacrificium,
1231 883 1380 963 participo
1401 895 1494 961 par-⁵

170 986 319 1066 ticipium,
343 985 489 1047 conuiuor
511 983 700 1054 conuiuium,
724 985 856 1063 prandeo
879 986 1051 1064 prandium,
1071 985 1186 1065 gaudeo
1201 985 1358 1064 gaudium,
1384 980 1469 1044 exulo

169 1085 293 1149 consulo
317 1106 335 1148 u
358 1085 538 1167 paenultima
562 1086 592 1146 in
615 1086 625 1146 i
647 1104 792 1147 conuersa
821 1087 940 1149 exilium
970 1089 1140 1156 consilium;
1168 1087 1199 1147 in
1223 1085 1341 1155 bulum,
1371 1092 1404 1146 nt
1425 1091 1471 1146 sto

168 1197 230 1250 stas
252 1186 415 1258 stabulum,
440 1207 515 1250 uoco
539 1205 628 1249 uocas
649 1187 845 1258 uocabulum,
869 1199 955 1270 pateo
978 1197 1062 1270 pates
1084 1187 1263 1269 patibulum;
1293 1190 1325 1248 in
1347 1185 1470 1256 iculum.

170 1298 201 1352 ut
222 1290 307 1353 rideo
330 1288 502 1361 ridiculum,
526 1298 630 1352 euerto
653 1291 863 1362 cuerticulum,
889 1291 1012 1353 deuerto
1035 1289 1265 1361 deuerticulum,
1290 1289 1370 1351 ucho
1386 1287 1472 1351 uehi·

170 1391 285 1463 culum,
314 1410 406 1473 pereo
429 1392 610 1472 periculum:
639 1391 750 1471 absque
772 1395 795 1464 i,
825 1401 857 1454 ut
880 1395 978 1455 uincio
1003 1393 1169 1462 uinculum,
1194 1394 1281 1471 cingo
1303 1389 1510 1471 cingulorum

171 1497 202 1556 in
231 1495 325 1564 lmen,
355 1500 387 1555 ut
415 1513 487 1573 rego
514 1497 663 1574 regimen,
693 1502 760 1575 tego
790 1496 933 1574 tegimcn;
965 1497 1006 1561 in,
1025 1515 1072 1566 or,
1102 1502 1134 1556 ut
1162 1493 1237 1556 sudo
1265 1492 1373 1563 sudor,
1404 1509 1472 1554 emo

171 1615 268 1665 amor,
304 1595 398 1659 clamo
428 1595 552 1666 clamor,
582 1615 650 1658 erro
678 1615 777 1666 error,
806 1597 919 1659 candeo
947 1597 1073 1668 candor,
1104 1599 1194 1658 timeo
1224 1598 1329 1665 timor,
1359 1594 1473 1655 horreo

171 1699 293 1769 borror,
322 1700 426 1761 lorueo
454 1699 571 1770 feruor,
599 1698 710 1759 strideo
740 1696 787 1760 nel
814 1698 908 1760 strido
934 1698 1058 1769 stridor,
1087 1706 1183 1760 tremo
1206 1709 1334 1767 tremor,
1363 1703 1473 1776 stupeo

170 1807 291 1882 stupor,
320 1803 405 1881 sopio
427 1818 531 1881 sopor:
560 1802 590 1860 in
614 1818 660 1868 es,
690 1808 723 1860 ut
745 1809 812 1878 tego
835 1809 931 1879 teges,
956 1819 1059 1880 mergo
1082 1816 1214 1878 merges,
1237 1797 1331 1860 caedo
1353 1798 1473 1866 caedes,

170 1902 220 1967 luo
248 1902 328 1974 lues,
358 1912 442 1965 struo
465 1910 575 1970 struem
604 1904 635 1962 in
658 1901 738 1972 bilis,
769 1909 801 1963 ut
824 1902 916 1963 doceo
940 1901 1089 1972 docibilis,
1119 1903 1198 1964 nubo
1220 1898 1346 1969 nubilis,
1378 1901 1511 1960 sentinas

170 2005 335 2074 sensibilis;
365 2003 482 2074 initis,
510 2010 543 2064 ut
565 2003 640 2065 lacio
663 2002 773 2072 facilis,
799 2010 865 2065 utor
889 2003 981 2074 utilis,
1006 2005 1106 2065 ellntio
1130 2002 1263 2071 ellutilis;
1291 2002 1321 2064 in
1343 2019 1417 2072 uus,
1440 2009 1475 2062 ut

171 2107 275 2169 occido
303 2106 457 2174 occiduus,
491 2106 639 2186 perspicio
667 2107 858 2186 perspicuus,
894 2105 995 2168 diuido
1025 2104 1181 2172 diuiduos:
1215 2106 1246 2166 in
1275 2102 1410 2175 bundus,
1440 2110 1475 2164 ut

171 2227 240 2271 erro
263 2227 346 2269 erras
369 2206 571 2281 errabundus,
592 2207 664 2270 ludo
684 2206 762 2269 ludis
778 2206 972 2278 ludibundus,
996 2209 1108 2269 morior
1122 2209 1249 2268 moreris
1264 2204 1472 2275 moribundus,

171 2311 238 2372 luno
266 2309 341 2370 luris
364 2308 557 2377 lunibundns;
588 2311 619 2369 in
647 2308 728 2378 idne,
758 2316 789 2369 ut
817 2309 921 2371 madeo
944 2309 1093 2378 madidus,
1116 2308 1261 2388 splendeo
1284 2306 1472 2387 splendidus,

170 2411 279 2473 sordeo
302 2410 453 2482 sordidus,
479 2411 573 2489 inigeo
597 2410 736 2489 frigidus,
762 2409 844 2472 caleo
866 2411 993 2482 calidus,
1018 2413 1108 2472 timeo
1132 2409 1265 2480 timidus,
1290 2416 1379 2490 tepeo
1395 2411 1509 2490 topi-{so

170 2513 241 2584 dus,
264 2513 347 2593 napio
369 2512 505 2592 rapidus,
530 2513 617 2592 cupio
640 2511 781 2592 cupidns;
805 2514 835 2574 in
858 2513 940 2584 ulus,
964 2520 996 2575 ut
1017 2512 1088 2575 bibo
1111 2510 1240 2583 bibulus,
1264 2510 1382 2591 pendeo
1398 2529 1472 2592 peu·

170 2615 273 2686 dulus,
297 2613 387 2676 credo
404 2611 415 2697 ΙΙ
431 2614 451 2675 l.
469 2610 525 2677 85·
541 2612 553 2696 ΙΙ
570 2613 724 2685 credulus,
747 2631 820 2693 gero
843 2615 977 2693 gerulus,
1001 2633 1111 2695 queror
1133 2613 1294 2694 querulus;
1317 2614 1349 2674 in
1365 2630 1418 2682 ax,
1440 2619 1475 2676 ot

169 2718 265 2782 audeo
288 2716 397 2786 audax,
422 2725 522 2778 tumeo
544 2724 659 2785 tumax,
684 2725 842 2778 contumeo
864 2725 1036 2787 contumax,
1060 2718 1145 2796 capio
1161 2734 1268 2795 capax,
1292 2715 1391 2777 cilicio
1408 2713 1472 2776 elti-

169 2840 250 2890 cax,⁸
263 2818 333 2881 lallo
355 2818 459 2890 fallax,
483 2820 565 2899 sagio
586 2836 690 2898 sagax,
714 2819 792 2880 unde
807 2820 961 2900 praesagio
977 2837 1152 2899 praesagax,
1177 2816 1250 2879 salio
1264 2805 1362 2885 s'atax,
1387 2834 1472 2879 meu·

170 2924 228 2984 tior
251 2921 394 2990 mendax;
428 2923 533 2993 inex,
570 2928 602 2982 ut
622 2922 734 3001 aspicio
757 2939 881 3001 auspex,
911 2920 989 2982 lateo
1011 2920 1103 2991 latex,
1134 2931 1218 2983 uento
1241 2926 1364 2989 uertex,
1394 2917 1508 2979 lacioxs

170 3025 292 3092 artilex,
320 3022 397 3084 idest
425 3031 488 3084 arte
516 3024 640 3092 iaciens,
670 3023 783 3107 opiter,
814 3022 890 3082 idest
919 3041 993 3102 opns
1022 3024 1147 3093 iaciens;
1177 3024 1207 3082 in
1231 3039 1300 3100 eps,
1329 3026 1364 3081 ot
1384 3021 1471 3100 capio

68 3164 72 3171 ·
170 3127 338 3204 municeps.
368 3122 444 3185 idest
470 3143 576 3185 munus
604 3126 738 3205 capiens,
766 3126 879 3204 partior
906 3125 1069 3204 particeps:
1098 3126 1128 3185 in
1152 3143 1222 3192 cen,
1251 3131 1284 3183 ut
1305 3139 1381 3184 cano
1404 3140 1472 3183 cor·

169 3231 271 3296 nicen,
295 3226 373 3289 idest
395 3243 489 3288 cornu
512 3245 634 3296 canens,
663 3225 777 3295 liticen,
805 3226 881 3287 idest
901 3226 973 3286 lituo
996 3244 1119 3293 caricns3
1149 3225 1272 3294 lidicen,
1299 3224 1379 3284 idest
1407 3222 1472 3285 lidi·

171 3329 226 3391 bus
248 3347 373 3397 cantens,
398 3327 533 3397 tubicen,
558 3327 634 3388 idest
656 3326 725 3388 tuba
747 3346 869 3398 canens,
895 3327 1020 3396 tibicen,
1044 3327 1119 3388 idest
1140 3326 1211 3388 tibia
1227 3343 1355 3395 canens;
1379 3326 1412 3388 in
1428 3344 1471 3395 os,

170 3442 202 3494 ut
223 3450 241 3493 a
263 3449 341 3513 pono
364 3448 491 3510 conpos,
515 3429 591 3491 idest
613 3435 797 3509 conpotator.
835 3431 1034 3509 Apracterito
1057 3447 1174 3508 quoque
1194 3429 1327 3509 perlecto
1344 3429 1470 3489 ueniunt
1483 3448 1508 3489 oo

170 3532 312 3595 uerbialia
342 3534 477 3601 nomina,
507 3539 539 3592 ut
565 3532 628 3593 rexi
654 3550 722 3601 rex,
752 3529 820 3592 duxi
843 3530 918 3611 dux,
948 3532 1008 3592 luxi
1031 3530 1096 3598 lux,
1125 3532 1193 3612 rupi
1215 3548 1320 3609 rupes,
1350 3527 1471 3608 ambegi

169 3634 317 3714 ambages.
354 3631 398 3694 Ab
413 3633 560 3695 intinitiuo
581 3633 683 3694 lutuno
706 3631 880 3694 deriuantur
903 3631 1042 3693 uerbialia
1066 3635 1200 3693 nornina:
1223 3629 1381 3711 generales
1404 3632 1471 3711 qul·

170 3738 237 3799 dem
262 3736 486 3796 terminationes
509 3735 565 3797 bae
593 3743 662 3797 sunt
683 3734 736 3796 Xl:
765 3736 796 3794 in
818 3733 932 3802 culum,
961 3736 991 3794 in
1015 3743 1162 3804 mentum,
1190 3737 1221 3796 iu
1245 3752 1329 3803 men,
1359 3734 1391 3794 in
1415 3733 1469 3802 sio,

169 3840 200 3899 iu
222 3839 273 3907 tio,
296 3838 327 3898 in
350 3846 406 3906 tor,
430 3838 461 3897 in
484 3838 557 3904 trix,
580 3839 610 3898 in
632 3855 696 3906 sor,
720 3838 750 3897 ln
774 3836 854 3906 bilis,
879 3837 910 3896 iu
934 3837 1025 3905 tinus,
1048 3837 1078 3897 in
1101 3839 1184 3897 icius.
1227 3836 1265 3896 Et
1287 3842 1357 3897 ante
1380 3834 1471 3896 ‘tum’

170 3938 291 4019 quidem
321 3939 458 4000 infinitiui
487 3939 583 4018 posita
611 3937 722 4000 uocalis
749 3935 797 3998 uel
826 3956 991 3999 consonans
1019 3949 1158 4000 seruatur
1187 3939 1274 3999 etiam
1303 3941 1334 3999 in
1356 3937 1508 3999 dirim-sa

238 4159 337 4209 llucic
356 4159 460 4209 lucesnu
529 4157 626 4207 eliber
643 4158 720 4207 libido
789 4159 929 4223 dhingum
991 4156 1215 4220 icumurerticum
1272 4157 1397 4209 bedidco
1416 4159 1471 4208 edi-

170 4228 250 4277 tltium
320 4227 455 4292 participio
541 4225 715 4290 tiprundenm
793 4228 867 4276 'isto
885 4226 1011 4276 stabulum
1081 4227 1189 4292 8pntco
1208 4237 1281 4291 pater
1350 4227 1469 4276 enideo

169 4294 309 4345 rediculum
362 4295 443 4344 uerbo
462 4292 621 4344 uecbieulum
673 4295 705 4342 10
723 4295 798 4342 runco
816 4293 944 4343 uinculum
997 4296 1026 4344 11
1046 4297 1071 4342 in
1091 4310 1147 4343 men
1207 4298 1237 4344 13
1255 4293 1343 4343 lcrueo
1361 4293 1437 4343 leruo

170 4375 265 4412 tremeo
319 4364 351 4412 ll
368 4365 457 4428 sopior
510 4363 542 4412 ld
565 4362 632 4409 nubo
651 4376 698 4412 on.
733 4364 816 4410 sentio
835 4378 882 4415 cnr.
936 4364 967 4412 16
985 4362 1047 4411 intio
1083 4362 1307 4427 etlrrgioeliugilis
1362 4362 1394 4412 17
1414 4377 1472 4427 pcr-

169 4432 242 4497 spico
295 4440 406 4480 utterro
477 4431 508 4481 18
527 4429 673 4479 erabnndns
724 4430 806 4479 morio
824 4430 991 4480 moribundus
1064 4432 1093 4481 to
1111 4430 1177 4479 turio
1213 4429 1367 4480 furibundas
1437 4431 1471 4480 20

169 4499 260 4548 sordeo
313 4499 382 4563 tipeo
401 4498 496 4564 tipidus
565 4499 597 4547 22
616 4496 640 4545 ln
659 4511 694 4545 ax
711 4497 793 4546 uudeo
853 4499 886 4548 23
904 4497 983 4548 elusio
1043 4501 1076 4547 ‘24
1094 4499 1159 4548 solio
1178 4498 1253 4547 solox
1322 4498 1356 4548 26
1374 4498 1472 4562 aspicio

204 4580 275 4616 ncrtn
295 4576 382 4615 rrertex
400 4566 424 4614 in
443 4582 489 4631 eps
508 4565 574 4613 lucio
592 4563 684 4614 artilex
703 4565 729 4613 id
746 4578 800 4614 arte
819 4564 913 4614 iaciens
933 4566 1019 4631 opifex
1038 4566 1062 4613 id
1083 4582 1149 4630 opus
1172 4566 1269 4616 iaciens
1288 4566 1365 4630 capio
1384 4566 1471 4616 mnni-

169 4650 229 4700 ccps
247 4642 297 4690 etc,
378 4635 410 4684 ‘d'l
429 4634 453 4683 id
473 4649 564 4682 xrumus
633 4635 666 4683 29
687 4647 784 4682 correns
854 4634 950 4682 tubicen
969 4634 1036 4683 idest
1054 4634 1113 4681 tibin
1183 4638 1216 4683 :m
1234 4649 1336 4698 conpns
1407 4648 1470 4683 con·

171 4698 283 4766 protatur]
308 4701 381 4761 Quod
397 4703 507 4751 sirecte
524 4701 668 4759 emendarat,
691 4715 740 4763 pro
759 4714 828 4764 pono
846 4700 1004 4751 scribendum
1023 4714 1096 4765 poto:
1121 4718 1177 4749 unm
1200 4716 1300 4766 conpos
1325 4702 1362 4751 od
1382 4707 1472 4766 petron

169 4771 298 4821 nomme
315 4769 617 4832 xideturprmatr'eus.
687 4769 718 4817 st
737 4767 840 4831 embagi
908 4770 941 4818 38
960 4767 1021 4816 baec
1038 4780 1098 4816 sunt
1171 4771 1204 4818 34
1222 4771 1247 4817 in
1267 4768 1308 4818 lor
1343 4770 1387 4835 ⁶in
1407 4769 1472 4818 tuus
