3420 5378
522 291 561 343 IN
579 291 665 346 DON.
684 291 810 343 ARTEM
827 291 1005 345 ultonem.
1349 290 1414 356 229

118 489 211 543 unum
233 490 388 543 accentum
411 478 519 541 habeat
541 489 571 542 et
592 483 713 542 ‘senos'
736 479 878 551 alterum,
907 499 974 543 com
1004 482 1103 562 potius
1130 481 1185 542 sub
1209 498 1267 542 uno
1289 489 1412 544 accentu

116 583 370 663 pronuntiandum
397 585 449 652 eit;
478 581 546 644 ‘uel
568 583 780 661 pronuntiandi
802 584 906 658 ratio’,
936 585 976 644 ·i·
1001 582 1189 653 enuntiandi,
1219 583 1337 664 quando
1360 583 1411 645 ali·

117 686 183 762 quis
205 684 344 764 pharetra
367 693 397 746 et
425 684 566 746 tenebrae
594 693 624 746 et
650 683 758 746 similia
787 684 896 746 dixerit
922 692 1009 746 acuto
1037 687 1067 745 in
1096 683 1276 765 paenultima
1304 687 1410 766 posito,

116 805 184 848 curo
206 788 236 846 in
261 785 509 864 antepaeuoltima
532 784 688 866 ponendus
709 787 760 855 sit,
784 787 832 848 uel
856 788 943 848 etiarn
966 784 1160 864 sequentibus
1181 793 1321 866 quattuor
1342 806 1410 866 par·

89 889 231 958 aticulis,
254 888 274 947 i·
298 906 335 948 ue
357 905 394 948 ne
416 905 451 947 ce
473 907 547 967 que,
572 896 711 949 accentus
732 889 762 948 in
789 886 892 948 ultimo
914 889 1078 968 improprie
1101 888 1233 967 ponitur,
1258 897 1289 948 ut
1311 887 1410 949 ‘dirit-

115 993 192 1071 que'
220 989 380 1068 ‘putasne'
409 988 578 1050 ‘uerboue’
606 988 780 1059 ‘huiusce’;
809 989 876 1051 ‘uel
898 989 1113 1051 discernendae
1136 989 1366 1065 ambipuitotis',
1390 991 1409 1048 i·

115 1090 318 1170 segregandae
340 1089 515 1161 dubietatis,
546 1090 684 1151 uidelicet
711 1090 780 1150 duni
810 1093 995 1152 necessitatis
1017 1108 1105 1151 causa
1129 1093 1248 1171 ponitur
1271 1098 1411 1152 accentus

113 1195 144 1254 in
159 1192 262 1254 ultimo
278 1193 360 1259 loco,
382 1192 460 1252 siout
481 1193 511 1252 io
535 1191 677 1253 aduerbio
701 1194 814 1270 ‘poue',
838 1211 876 1252 ne
899 1198 1018 1269 putetur
1041 1190 1168 1252 uerbum
1193 1210 1258 1253 esse
1279 1193 1409 1271 impera·

113 1296 168 1355 tiui
190 1302 221 1355 et
242 1295 272 1354 in
304 1291 501 1374 paenultima,
535 1295 613 1355 sicut
642 1294 672 1352 in
702 1294 837 1362 nornine,
872 1293 950 1372 quod
980 1302 1025 1353 est
1054 1296 1217 1373 ‘persone’.
1269 1294 1549 1362 Graecanuaea

76 1415 102 1453 so
116 1396 243 1466 uerba,
268 1415 292 1455 s·
316 1413 392 1474 quae
415 1396 453 1455 ita
477 1402 547 1454 sunt
569 1394 739 1464 uobiscum,
767 1396 844 1455 sicut
865 1394 942 1473 apud
965 1395 1109 1462 Graecos,
1139 1395 1202 1455 sine
1224 1395 1320 1475 aliqua
1343 1413 1409 1456 rnu-

114 1499 240 1564 tation'e,
264 1505 296 1557 ut
310 1495 463 1556 Themisto
479 1493 611 1575 Calypso.
656 1495 806 1565 Melius,
831 1494 982 1556 honestius
998 1494 1159 1575 pulchrius.
1199 1495 1550 1566 effectuosiorem

117 1599 354 1678 pronuntiamus.
399 1596 733 1665 discretionis,
771 1599 797 1657 i·
827 1599 1022 1676 separationis
1044 1597 1206 1659 diuisiouis.
1252 1598 1364 1667 Pone,
1388 1601 1548 1666 i·p·1u‚ae

114 1702 209 1768 iuxta,
239 1701 269 1759 in
293 1717 352 1778 quo
374 1705 504 1759 moutur
528 1704 557 1758 et
578 1704 718 1759 accentus
741 1705 770 1758 et
792 1697 883 1759 locus.
929 1697 1037 1777 Ergo,
1067 1707 1099 1759 ut
1125 1699 1270 1779 quidem
1294 1698 1407 1769 uolunt,
1423 1727 1444 1767 p.
1458 1717 1509 1766 eu,
1524 1718 1549 1758 eo

114 1818 233 1861 musam
255 1801 413 1878 significat,
443 1807 476 1860 ut
497 1805 581 1878 ‘ergo
604 1799 683 1860 illius
705 1800 797 1868 ueni’,
820 1801 839 1859 i·
864 1817 951 1860 causa
974 1819 998 1860 s·
1021 1797 1113 1874 illios,
1137 1820 1153 1861 a
1176 1801 1306 1872 nomine,
1330 1801 1409 1879 quod

76 1902 227 1981 uentiqui
248 1898 401 1963 habebant
423 1906 541 1979 ‘ergum
565 1901 651 1978 ergi',
675 1901 699 1959 i·
724 1918 827 1970 causa,
851 1903 937 1961 cuius
964 1899 1110 1963 ablatione
1137 1903 1167 1962 in
1191 1921 1245 1963 usu
1268 1905 1411 1969 remansit

114 2002 191 2083 apud
221 2021 274 2064 nos
308 2010 338 2062 et
371 2005 402 2063 in
436 2004 493 2064 llne
526 2001 781 2063 circumflectitur.
832 2000 906 2072 Sed,
938 2008 971 2062 ut
999 2003 1153 2082 Sergius
1185 2003 1271 2074 dicit,
1301 2005 1408 2066 melius

114 2104 259 2183 significat
274 2108 432 2184 ‘propter’.
477 2104 526 2164 Sic
542 2105 620 2164 enim
644 2102 779 2164 resoluit:
804 2103 895 2182 ‘Ergo
915 2102 994 2165 illius
1016 2105 1107 2176 ueni'‚
1131 2107 1151 2165 i·
1167 2115 1290 2186 propter
1312 2105 1405 2168 illum.

518 2287 566 2349 DE
587 2287 737 2351 FlGVlllS
759 2287 995 2351 ACCENTVVM.

126 2449 129 2454 -
197 2408 271 2469 Per
301 2406 551 2488 obliquum,
581 2427 610 2468 s·
640 2408 749 2469 iteri·
781 2414 957 2469 tortuosum.
1007 2409 1242 2481 decendens,
1266 2411 1338 2472 iens.
1383 2415 1559 2480 Apamense

73 2528 267 2580 eosumnrn,
296 2510 320 2569 i·
345 2508 381 2570 ab
404 2509 474 2570 alto.
520 2508 775 2578 Descendens,
806 2512 829 2569 i·
860 2528 959 2570 ruens.
1005 2511 1130 2589 Longa
1159 2512 1273 2581 linea,
1302 2531 1327 2572 s·
1358 2497 1547 2598 acfflff

111 2618 215 2672 centus
237 2617 292 2672 est.
331 2607 453 2691 ll206ll
476 2609 697 2689 Aequaliter
730 2610 854 2679 ducta,
886 2612 997 2680 ita-,
1033 2611 1070 2671 de
1099 2628 1157 2688 qua
1188 2610 1317 2691 syllabae
1346 2612 1405 2673 duo

112 2719 245 2793 tempora
268 2711 412 2773 babentes
435 2711 636 2791 designantur,
665 2718 698 2772 ut
720 2712 751 2772 in
773 2709 900 2790 pedibus
922 2730 1011 2791 supra
1040 2712 1149 2773 dicturo
1173 2720 1228 2773 est.
1272 2712 1405 2774 Breuis

112 2812 274 2892 uirgula‚
304 2832 327 2874 s·
357 2820 497 2874 accentus
526 2819 577 2874 eet.
624 2812 757 2879 Panda.
786 2831 876 2873 curua
906 2810 1022 2872 obunca
1050 2811 1197 2873 inclinata.
1248 2812 1402 2875 Contra·

110 2915 223 2985 ctior,
246 2915 265 2975 i·
292 2914 412 2975 breuior
434 2915 472 2975 ite
495 2947 525 2974 υ.
569 2913 627 2974 lsta
655 2917 734 2974 enirn
764 2912 867 2975 breuis
894 2911 1009 2991 uirgula
1038 2930 1098 2974 uon
1126 2914 1165 2974 ita
1193 2914 1320 2975 rotunda
1349 2922 1403 2984 est,
1429 2897 1432 2902 ¹

71 3023 143 3079 eeut
165 3014 385 3085 semicirculos,
409 3014 461 3076 sed
484 3012 599 3093 uirgula
624 3025 668 3076 est
690 3017 828 3094 superlus
851 3034 956 3085 curua,
980 3032 1036 3093 qua
1054 3012 1160 3075 breuis·
1176 3013 1288 3095 syllaba
1311 3034 1403 3079 urium

10 3158 13 3167 ,
110 3126 229 3195 tempus
256 3116 369 3179 habens
397 3117 573 3178 ostenditur.
619 3116 669 3178 lsti
692 3135 763 3195 ergo
788 3115 846 3176 duo
869 3125 1023 3186 accentus,
1052 3115 1160 3196 longus
1182 3123 1211 3179 et
1234 3116 1349 3187 breuis,
1372 3120 1402 3179 in

109 3218 281 3280 ostensione
309 3226 477 3298 temporum
504 3226 711 3298 supponuntur
739 3215 866 3297 syllabis.
913 3217 1028 3298 Hylen
1058 3217 1223 3295 uirgula,
1252 3239 1276 3280 s·
1300 3238 1529 3299 parua.p.ere,e

109 3317 303 3388 Subiecta,
326 3321 346 3378 i·
370 3320 522 3398 supposita
552 3319 707 3380 submissa.
752 3319 900 3388 Versui,
925 3322 945 3379 i·
970 3327 1065 3380 metro
1094 3319 1142 3380 uel
1171 3338 1286 3400 prosae.
1331 3321 1403 3382 Hac

109 3427 209 3490 nota,
241 3421 259 3480 i·
290 3421 392 3498 ligura.
444 3420 723 3500 subterposito,
754 3422 774 3480 i·
804 3421 935 3482 subiecta
969 3420 1073 3482 subtus
1106 3421 1205 3481 missa.
1261 3421 1528 3499 belgicensis

71 3523 128 3586 eoi·
152 3523 277 3601 requirit
299 3521 457 3602 compellit.
503 3516 744 3592 anteuolans,
767 3523 785 3581 i·
812 3538 1020 3600 praecurrens.
1065 3520 1097 3581 ln
1118 3521 1181 3583 istis
1196 3522 1285 3601 igitur
1301 3520 1403 3585 uerbis
1417 3554 1438 3594 ρ.
1451 3544 1529 3593 area

108 3641 146 3685 ne
169 3630 249 3684 erret
270 3641 343 3704 puer
366 3622 496 3700 putando
519 3622 592 3683 duas
615 3641 678 3683 esse
700 3630 814 3702 partes,
839 3621 943 3683 subtus
965 3624 1086 3702 ponitur
1107 3621 1196 3702 hylen
1219 3623 1402 3702 coniungens

108 3723 166 3783 duo
189 3725 219 3783 iu
242 3741 342 3784 unum.
387 3724 440 3784 Est
462 3731 560 3785 eutem
583 3723 731 3785 Graecum
754 3743 872 3793 nornen,
895 3723 1000 3785 Latine
1015 3734 1101 3786 sonat
1116 3724 1294 3787 coniunctio.
1324 3725 1400 3787 Con-

107 3825 201 3903 iungit
229 3825 307 3886 enirn
337 3822 413 3885 male
442 3831 577 3905 separata
606 3833 635 3886 et
662 3828 877 3905 interpretetur
906 3827 1058 3904 supposita
1091 3827 1272 3887 coniunctio.
1317 3825 1527 3886 Dia-r·³⁷⁹‚⁵

106 3924 219 3996 stole,
249 3945 272 3985 s·
303 3934 442 3988 accentus
469 3925 620 3988 dissimilis
648 3925 752 4006 hylen,
781 3928 863 4006 quia,
894 3927 972 3987 siout
998 3925 1048 3988 ille
1077 3928 1244 4005 coniungit,
1277 3928 1317 3987 ita
1345 3928 1401 3989 iste

107 4095 320 4104 ‚.....——--—-..

173 4212 335 4278 3pbaretre‚
354 4211 472 4261 tenebrae
489 4212 587 4262 amuda
604 4220 750 4263 accentuum
766 4213 846 4277 sigula
898 4211 1038 4276 penultima
1099 4211 1333 4276 taoiepenutuma
1385 4215 1401 4262 6

105 4280 279 4345 ambiguitatis
297 4281 388 4330 addidi
472 4280 645 4344 9penultim'o
714 4294 789 4345 greca
858 4280 891 4329 10
908 4293 999 4343 grecos
1078 4280 1108 4327 11
1127 4277 1226 4344 calipeo
1296 4276 1399 4346 melios]

105 4350 140 4410 cs.
160 4350 225 4397 Dan.
244 4364 270 4410 p.
292 4350 352 4408 371,
371 4350 405 4396 27
422 4363 476 4397 cum
493 4349 580 4398 adnot.
599 4347 680 4397 Keilii
760 4350 791 4397 13
811 4344 970 4410 etquidem]
991 4349 1025 4409 rs.
1044 4346 1131 4411 Serpit
1147 4348 1179 4396 de
1197 4347 1343 4397 accentibus
1362 4345 1400 4412 [ia

106 4412 242 4478 Donatum]
262 4431 290 4478 p.
302 4415 425 4476 48⁴‚9K
478 4417 508 4464 14
527 4430 588 4479 ergo
607 4412 687 4481 illiue]
707 4415 769 4463 utin
779 4413 909 4477 Vergilio:
928 4414 1030 4463 ‘illiue
1049 4428 1125 4479 ergo
1144 4416 1299 4464 uenimue’
1319 4415 1398 4474 (Aen.

110 4482 152 4532 VI
164 4485 224 4544 670)
237 4482 342 4546 Sergius
411 4483 443 4531 16
463 4493 489 4529 ut
506 4480 612 4547 Sergios
630 4479 702 4545 dicit]
724 4482 781 4532 Non
800 4488 837 4530 est
854 4482 910 4545 ipse
922 4483 963 4531 bic
975 4481 1088 4544 Saepius,
1108 4497 1179 4548 quem
1196 4484 1269 4534 moda
1286 4484 1399 4546 laudaui,

107 4552 200 4614 quiippe
219 4552 262 4615 qui
279 4548 373 4613 ‘erpo’
392 4551 457 4599 idem
474 4565 530 4600 esee
548 4551 616 4615 quad
633 4551 743 4612 ‘caeoea',
766 4551 876 4599 uoluerit
892 4566 918 4613 p.
939 4552 1003 4612 484,
1023 4552 1052 4609 9;
1074 4551 1123 4599 red
1136 4550 1251 4613 sartam
1269 4552 1304 4611 te,
1328 4564 1398 4616 queen

110 4617 166 4668 Vct.
187 4617 234 4667 IV
248 4634 275 4682 p.
290 4619 341 4668 186
352 4633 406 4682 seq.
424 4617 505 4666 edidit
517 4618 553 4668 H.
563 4617 673 4680 Keiliue,
691 4618 735 4682 qui
751 4619 849 4683 quidem
866 4631 897 4666 eo
914 4617 970 4682 ipro
988 4621 1053 4681 loca,
1066 4633 1116 4683 qua
1127 4618 1160 4668 de
1174 4621 1258 4682 ‘erpa'
1271 4625 1296 4668 et
1308 4621 1398 4683 ‘pone’

105 4687 191 4749 apitur
206 4701 233 4749 p.
253 4687 312 4743 525,
332 4688 373 4734 12.
392 4687 437 4747 13,
455 4686 569 4735 umnam
584 4699 677 4749 pareus
694 4691 732 4736 eet
750 4686 776 4734 in
794 4685 922 4735 codicibus
990 4687 1023 4737 at
1041 4683 1100 4749 ylen
1168 4685 1202 4735 28
1219 4700 1297 4751 prose
1365 4687 1397 4737 et

105 4751 166 4815 ylen
234 4754 387 4817 aegrorum
456 4753 490 4802 34
507 4751 566 4817 ylen
