3420 5378
705 260 911 316 excurras.
1392 260 1454 327 199

152 461 270 524 est-ut
292 450 465 533 ‘quondam’
488 468 524 512 ex
547 450 691 532 quodam,
716 449 834 512 ‘ollim'
858 469 892 511 ει
917 449 990 522 ollo,
1016 451 1172 519 ‘cuiatim',
1197 469 1232 510 ex
1255 449 1337 520 culo,
1361 452 1453 513 ‘urea-

151 556 219 616 tim’
243 572 277 615 ex
302 571 376 614 meo.
420 553 601 614 Homerus
623 553 654 612 in
676 551 805 632 quodam
829 571 918 613 uersu
939 553 1060 632 scripsit
1082 553 1194 633 ‘ipsim'
1218 551 1255 612 ab
1277 553 1351 632 ipso.

230 668 246 756 ΙΙ
266 672 285 732 ι.
301 668 360 733 27·
380 667 392 753 ΙΙ
414 668 614 749 Virgilius:
643 670 696 731 Est
718 671 806 731 otiam
830 670 955 732 uerbum
980 680 1010 733 ει
1031 670 1205 732 aduerbium
1227 670 1322 731 isdem
1345 670 1453 733 litteris

152 774 311 837 charaxari
332 773 432 843 solita,
456 779 489 832 ut
510 773 614 833 ‘esto’:
637 790 705 832 nam
729 774 829 832 ‘esto'
852 770 995 833 neutralis
1018 771 1104 833 uerbi
1127 773 1321 850 imperatiuus
1344 772 1451 835 modus

125 883 289 956 :tempora
317 875 418 936 iuturo
445 880 505 948 εει,
539 874 622 933 cuius
643 872 753 954 syllaba
776 875 858 953 prior
887 875 952 934 acui
981 873 1086 936 debet:
1120 875 1143 933 si
1173 893 1246 934 uero
1275 874 1450 936 aduerhium

150 977 244 1039 luerit
272 978 381 1046 ‘esto’,
412 978 507 1054 prima
535 972 646 1055 syllaba
675 983 810 1054 correpta
841 976 990 1055 posterior
1025 977 1195 1037 necessario
1222 983 1355 1039 acuetur.
1401 976 1452 1037 Est

151 1082 243 1141 ctiam
266 1095 372 1140 seusus
395 1074 483 1137 huius
505 1075 640 1137 aduerbii
663 1078 772 1145 ‘esto',
796 1076 853 1137 lroc
876 1086 921 1137 est
944 1079 1062 1138 ‘recto'
1085 1076 1249 1138 secuudum
1273 1076 1343 1138 illud
1367 1077 1450 1138 Gal·

151 1181 281 1260 buugi:
304 1178 407 1248 Esto,
431 1179 535 1256 inquit,
552 1179 688 1239 uiuunt
711 1185 740 1238 ει
755 1177 877 1257 reliqua,
895 1177 951 1238 ltoc
967 1186 1013 1239 εει
1028 1179 1122 1240 ‘recte
1138 1179 1268 1240 uiuunt'
1291 1179 1344 1240 Est
1358 1181 1447 1241 etiam

151 1283 255 1353 ‘asto',
278 1279 357 1361 quod
380 1298 435 1359 pro
458 1280 607 1340 ‘forsitan’
631 1282 726 1359 arcipi
749 1278 839 1340 solet:
862 1278 1050 1360 †etherio
1073 1282 1131 1341 cui
1154 1290 1256 1343 tante
1279 1290 1359 1342 esto
1382 1281 1449 1342 llo·

111 1384 249 1446 romani
271 1383 426 1444 uincere
449 1390 603 1460 postero
626 1380 778 1441 ualeant
807 1391 988 1460 tempore,
1013 1381 1069 1441 ltoc
1092 1390 1136 1444 εει
1159 1386 1247 1443 ‘osto’
1272 1401 1326 1461 pro
1350 1384 1449 1444 ‘lorsi-

151 1486 216 1548 tau’
231 1485 340 1566 posuit.
372 1482 566 1561 Virgilius:
590 1481 673 1543 llulti
696 1482 839 1544 aduorlria
862 1482 899 1542 dc
923 1484 1150 1545 coniunctatiuis
1165 1484 1287 1551 iaciunt,
1306 1493 1338 1546 ut
1352 1484 1448 1563 ‘ergo'

151 1605 207 1669 pro
228 1585 354 1664 ‘saepe’
378 1591 503 1665 ponant,
527 1587 663 1644 ‘tamen’
688 1602 743 1662 pro
766 1583 881 1654 ‘inde',
913 1586 993 1645 iuxta
1016 1583 1087 1645 illud
1123 1585 1272 1663 Virgilii
1305 1587 1447 1648 Asiani:

150 1689 247 1767 Ergo
269 1688 461 1768 sapientes
482 1684 612 1763 legunt
634 1694 693 1745 tua
716 1688 873 1766 scripta,
898 1705 916 1745 o
939 1686 1042 1761 Cato,
1073 1685 1129 1748 lroo
1152 1695 1197 1747 est
1218 1686 1319 1748 dicore
1342 1688 1448 1769 ‘saepe

150 1789 276 1871 legunt',
300 1798 329 1850 ει
344 1787 527 1867 ipseCato:
551 1785 699 1857 Tamen,
724 1789 830 1866 inquit,
853 1789 1000 1849 reuersi
1022 1788 1168 1849 Romam
1193 1791 1366 1857 ueniunt,
1392 1789 1448 1849 lton

111 1908 137 1950 ιι
150 1900 197 1955 εει
218 1890 299 1952 ‘iude
321 1890 459 1951 reuersi'.

236 2011 317 2072 ibid.
357 2007 559 2084 Virgilius:
593 2006 775 2069 Aduerbium
798 2016 843 2068 εει
866 2017 968 2087 quarta
997 2009 1142 2069 orationis
1169 2008 1329 2088 particula,
1360 2028 1446 2089 qtrae,

150 2112 220 2193 quia
243 2110 337 2173 uerbo
361 2108 517 2176 adhaeret,
547 2107 723 2171 aducrbium
753 2117 956 2189 nuncupatur:
985 2109 1037 2171 sed
1066 2109 1114 2169 ltic
1142 2112 1275 2189 quaestio
1303 2112 1445 2189 adcurrit,

150 2232 209 2294 quo
237 2212 356 2274 nomine
383 2211 572 2272 uocabuntur
598 2210 741 2272 aduerbia
770 2212 989 2290 corporationis
1012 2211 1060 2272 uel
1089 2211 1236 2288 qualitatis
1259 2213 1306 2273 uol
1329 2217 1445 2294 quanti-

150 2317 234 2384 tatis,
266 2332 343 2392 quae
367 2331 424 2372 nou
453 2311 546 2373 uerbo
575 2319 703 2382 tantum,
738 2312 790 2374 sad
814 2313 878 2374 aliis
901 2311 1035 2393 partibus
1057 2312 1266 2392 adiunguntur.
1312 2315 1444 2378 Dicimus

109 2418 245 2479 monim:
270 2421 388 2493 ‘magna
412 2413 497 2474 ualde
522 2417 605 2476 uenit
627 2414 735 2484 turba'.
760 2413 886 2476 dicimus
909 2417 1012 2477 etiam:
1037 2418 1109 2476 ‘tarn
1125 2415 1204 2475 docti
1221 2426 1278 2477 tam
1303 2417 1443 2479 uolocea’.

149 2516 232 2579 Vnde
255 2525 285 2577 et
307 2517 353 2594 iri,
384 2517 434 2592 qui
463 2535 521 2576 uon
545 2522 626 2584 octo,
656 2516 707 2576 sod
737 2515 837 2596 plures
860 2519 1001 2577 orationis
1024 2524 1124 2595 partes
1146 2527 1305 2581 munerant
1326 2522 1446 2581 odorer-

147 2622 229 2683 ln‘um
251 2622 283 2680 in
306 2619 510 2693 comportes
531 2620 687 2694 (linitione,
716 2637 804 2679 unam
827 2629 970 2680 uocantes
994 2621 1093 2698 prisco
1116 2621 1236 2680 nomine
1257 2619 1444 2690 aduerbium,

148 2721 228 2800 quod
245 2719 385 2780 adltacrot
408 2718 510 2788 uerbo,
534 2719 657 2780 alteram
682 2720 900 2800 expressorium
924 2721 1091 2788 nominant:
1116 2723 1225 2781 etenim
1249 2737 1325 2798 quae
1348 2724 1443 2783 nomi·

148 2821 237 2883 nibus
259 2820 306 2882 uel
329 2820 393 2881 aliis
415 2820 567 2882 aduerbiis
590 2819 785 2901 applicamus,
809 2840 867 2882 nou
886 2830 943 2882 tam
959 2820 1179 2882 adiunctionem
1204 2821 1328 2891 solitam,
1353 2840 1440 2900 quatu

108 2942 289 2986 assensuum
320 2924 541 3002 expressionem
570 2925 746 3001 significant.
793 2924 986 2998 Virgilius:
1025 2923 1099 2984 Sunt
1121 2923 1277 2994 aduerlria,
1307 2943 1382 3004 quae
1406 2945 1441 2986 ex

149 3044 209 3106 quo
232 3031 390 3086 nascantur
414 3023 585 3101 ambiguum
602 3034 661 3095 εει,
685 3033 717 3086 ιιι
732 3025 866 3085 ‘trustra’
884 3025 1089 3104 ‘nequiquam'
1105 3028 1281 3103 ‘nequiter’;
1306 3026 1442 3089 ‘frustra’

147 3128 227 3189 eninr
250 3136 351 3188 utrum
374 3145 409 3185 ex
432 3124 569 3203 originali
592 3128 725 3194 nomine,
749 3143 786 3185 an
802 3144 837 3186 ex
854 3126 1020 3205 inparatiuo
1037 3125 1122 3189 uerbi
1144 3130 1310 3190 communis
1332 3133 1442 3200 ueniat,

146 3316 375 3326 —--——-

217 3449 342 3501 icuotim
410 3446 581 3513 2llomerus]
607 3449 727 3498 Eiusdem
745 3464 835 3499 ιιενειιε
852 3450 953 3514 quidum
969 3448 1133 3513 apocryphus
1150 3451 1244 3499 citatur
1259 3467 1287 3516 p.
1306 3454 1358 3502 139
1376 3453 1442 3507 Mai.

178 3514 268 3584 ipsim]
287 3519 344 3582 ipse
357 3533 396 3572 uo.
410 3533 478 3570 corr.
489 3517 581 3567 Petrus
594 3519 686 3567 Daniel
753 3515 918 3581 3Virgiiiue]
936 3534 964 3581 p.
975 3519 1008 3566 11
1021 3517 1078 3566 Mai
1129 3518 1243 3567 ιιειιιὶιιιιι
1312 3522 1441 3569 4craxuri

142 3589 206 3638 lut
222 3597 277 3635 esto
295 3584 450 3635 estoMaiaa
501 3585 655 3650 imperatiuo
675 3586 751 3634 modo
765 3584 850 3635 Maius
904 3587 1081 3635 diaecessnria
1133 3597 1173 3634 εει
1189 3587 1374 3638 ιιιιιειιιΜαιιιε
1426 3590 1442 3638 8

143 3654 236 3705 uiuunt
252 3654 314 3716 qnia
331 3652 418 3703 rnundi
438 3652 568 3702 llaccidam
581 3652 706 3702 luxuriam
719 3663 912 3718 contempnunt,
924 3653 971 3704 lroc
984 3664 1023 3703 est
1034 3664 1101 3703 reete
1113 3654 1204 3702 uiuunt
1215 3655 1302 3705 Maius
1353 3656 1442 3718 inquid

143 3738 169 3786 q:
189 3733 235 3771 unt
285 3730 351 3771 recte
363 3736 404 3783 eq;
417 3730 463 3770 unt
514 3723 529 3771 9
547 3721 627 3786 accipi
641 3721 706 3770 solet
718 3731 742 3770 ει
754 3721 813 3770 irinc
825 3720 866 3770 liic
878 3734 933 3771 esto
946 3736 993 3787 pro
1006 3720 1113 3770 iorsitou
1128 3724 1216 3786 posuit
1227 3722 1314 3772 Maius
1325 3726 1442 3789 exemplo

143 3792 236 3842 emim
289 3784 468 3854 llVirgilins]
487 3805 513 3854 p.
525 3791 574 3839 146
585 3789 641 3839 Mat
675 3788 942 3840 coniunctinislllaiua
986 3789 1090 3848 iaciunt,
1105 3801 1132 3837 ιιι
1143 3801 1225 3839 tamen
1239 3805 1286 3855 pro
1300 3791 1366 3852 iude,
1380 3808 1441 3856 ergo

144 3873 193 3925 pro
210 3871 297 3921 saepe.
315 3856 362 3908 Vt:
381 3871 443 3920 orgo
461 3856 548 3921 legunt
565 3858 693 3922 sopientes
713 3868 754 3906 tna
773 3859 877 3922 scriptu,
891 3872 905 3907 o
920 3854 992 3917 Cato,
1013 3857 1060 3906 lroc
1079 3868 1118 3906 est
1134 3858 1218 3906 dicere
1235 3859 1322 3908 Maius
1374 3861 1406 3909 14
1418 3870 1441 3909 et

145 3926 208 3977 Cato
226 3925 290 3975 dicit
308 3924 394 3974 illatus
475 3926 506 3973 16
523 3922 659 3990 Virgilius]
679 3942 706 3988 p.
724 3929 757 3975 68
774 3925 831 3975 Mat
881 3940 942 3990 ergo
960 3935 1000 3975 εει
1017 3924 1103 3975 llloiur
1173 3927 1204 3976 17
1221 3927 1325 3975 atllreret
1376 3942 1441 3976 nuu-

143 4007 262 4060 cupamr,
281 3994 347 4042 sieut
364 4006 504 4057 pronomen
524 4007 556 4041 ex
575 3994 683 4043 nominis
702 3994 881 4042 communione
899 4003 1013 4046 uocatur.
1049 3991 1100 4042 Sed
1118 3991 1168 4041 lmc
1185 3994 1301 4054 qrmostio
1320 3994 1440 4046 adcurrit.

146 4062 219 4111 Forte
237 4060 305 4110 enim
323 4061 416 4123 aliquis
434 4061 555 4123 inquirat,
573 4061 642 4121 qnod
661 4076 712 4109 non
731 4061 819 4110 dubito
837 4071 996 4117 pitantiarum,
1015 4062 1036 4110 si
1050 4071 1186 4126 propterea
1197 4061 1346 4110 aduerbium
1366 4077 1441 4112 uoca-

145 4140 199 4194 tur,
222 4130 283 4191 quia
305 4128 383 4179 uerbo
406 4144 508 4194 semper
529 4129 688 4194 adiungitur,
714 4143 765 4191 quo
789 4129 892 4178 nominc
914 4130 1072 4178 uocabantur
1093 4128 1213 4178 uduerbia
1231 4130 1397 4194 comparandi
1417 4142 1442 4180 et

144 4195 275 4259 qualitatis
293 4207 317 4246 et
335 4197 484 4260 quantitatis
503 4196 589 4246 Maior
692 4199 723 4248 19
741 4211 932 4258 nonnumquam
953 4211 1003 4245 non
1020 4197 1098 4245 uerbo
1119 4205 1216 4245 tautum
1235 4196 1322 4247 Maius
1407 4202 1440 4250 20

143 4264 227 4314 turba.
246 4263 447 4327 Numquidnam
465 4265 562 4330 poteris
580 4266 615 4313 ita
632 4279 798 4329 componere:
823 4266 893 4313 uenit
910 4264 1000 4315 ualde?
1019 4264 1147 4326 alioquin,
1166 4264 1296 4325 quomodo
1314 4269 1440 4315 sententia

144 4331 321 4397 intellegetur?
341 4332 453 4383 Dicimus
472 4333 547 4382 etiam
566 4345 618 4381 tant
635 4332 703 4382 docti
722 4342 815 4382 ettam
835 4332 934 4382 uelocos
946 4333 1033 4383 Maius
1083 4330 1193 4380 dicimus
1206 4333 1273 4380 eninr
1342 4336 1374 4383 et
1393 4349 1439 4383 au·

144 4413 278 4450 numerare
295 4400 385 4451 uolunt
403 4402 488 4452 dicias
538 4400 687 4450 aduerbium
705 4401 733 4449 in
752 4399 816 4450 diros
835 4412 920 4465 portes
938 4400 1056 4450 diuidunt
1068 4401 1168 4462 desunt,
1179 4402 1298 4464 suppleti
1308 4417 1344 4451 ea:
1357 4402 1437 4456 Maio.

143 4467 177 4519 22
195 4469 281 4534 prisco
300 4469 403 4518 nomine
420 4469 570 4519 adnerbium
589 4480 712 4518 uocantes
731 4467 816 4517 Maius
884 4471 917 4519 23
935 4468 1003 4530 quod
1022 4467 1143 4517 adhaeret
1160 4468 1238 4516 uerbo
1256 4484 1303 4519 om.
1318 4469 1405 4518 Maiae

144 4538 276 4588 nominant
292 4553 339 4587 om.
359 4537 445 4587 Maius
496 4537 615 4597 etenimq;
635 4536 781 4585 nominibus
797 4533 809 4602 ΙΙ
825 4551 882 4585 ecco
900 4537 966 4584 enim
984 4535 1106 4585 aduerbia
1123 4549 1190 4597 quae
1208 4535 1294 4587 Maius
1362 4539 1396 4587 24
1413 4549 1438 4586 ει

143 4603 201 4653 aliis
219 4603 306 4654 Maias
373 4605 407 4654 25
424 4600 561 4667 Virgilius]
580 4620 606 4668 p.
626 4607 658 4653 70
676 4605 733 4653 allai
783 4604 904 4653 aduerbia
922 4619 954 4653 ex
972 4619 1023 4665 quo
1042 4604 1111 4652 irasci
1130 4603 1277 4668 ambiguum
1296 4615 1335 4654 est
1403 4607 1438 4654 ‘26

142 4670 226 4721 lust‘a
294 4673 461 4734 nequicquam
480 4671 568 4721 Μαίιιε
634 4673 667 4722 tt
684 4671 825 4722 commonia
841 4672 965 4722 incertum
984 4667 1111 4739 liabeturll
1124 4673 1268 4722 communis
1287 4673 1374 4722 ueniat
1391 4673 1437 4722 ad-

142 4739 193 4790 huc
210 4741 236 4789 in
254 4739 374 4790 electione
390 4740 485 4805 pendet
500 4739 621 4788 lectorum
640 4739 727 4790 Maiae
