3420 5378
181 283 184 288 .
210 321 271 385 132
722 321 984 375 aestuemus

208 516 290 578 sunt,
319 507 438 589 quando
466 509 578 570 Graeca
602 508 712 570 luerint
735 517 765 570 et
786 510 816 569 in
839 511 978 587 genetiuo
1001 510 1114 570 Graeco
1137 529 1180 570 ov
1202 511 1314 570 luerint
1334 509 1509 577 terminata,

208 628 261 671 nos
284 608 416 671 ultimam
440 629 482 670 ov
503 611 533 670 in
557 629 593 670 ae
615 608 820 689 diphthongon
849 611 1069 687 connectimus,
1098 618 1128 671 et
1149 609 1206 671 hoc
1229 612 1359 672 maxime
1382 612 1414 670 in
1437 629 1511 689 pro·

207 714 280 792 priis
310 710 494 781 nominibus,
522 716 556 770 ut
584 707 810 792 Διοσκορίὸης
831 708 1063 790 Acouxopldov
1090 731 1145 773 nos
1166 712 1292 772 dicimus
1315 710 1511 772 Dioscorides

207 813 294 874 huius
320 812 530 881 Dioscoridae,
558 813 600 873 sic
629 813 715 872 etiam
738 810 883 873 Anchises
905 813 1061 884 Anchisae,
1084 814 1211 875 Achates
1233 814 1378 882 Achatae.
1411 812 1461 875 uel
1484 814 1510 874 si

206 916 408 994 patronomica
430 914 544 974 luerint
566 931 597 974 es
620 911 731 993 syllaba
754 915 928 981 terminata;
957 922 1028 974 tunc
1057 916 1136 975 enim
1160 916 1274 994 primae
1296 912 1535 975 declinationiss

207 1017 291 1084 hunt,
316 1023 348 1076 ut
369 1014 561 1075 Anchisiades
583 1013 794 1083 Anchisiadae‚
818 1015 971 1076 Aeneades
987 1012 998 1097 ΙΙ
1015 1014 1034 1075 1.
1052 1013 1131 1076 112⁵
1147 1013 1159 1097 ΙΙ
1174 1016 1344 1084 Aeneadae,
1366 1015 1511 1076 Thesides

205 1116 365 1191 Thesidae,
389 1115 573 1177 Dardanides
597 1114 791 1177 Dardanidae.
835 1115 908 1176 lude
931 1116 1150 1178 Priscianus
1172 1118 1257 1178 dicit:
1282 1115 1419 1177 Omnes
1442 1118 1509 1177 mi-

207 1237 316 1279 nores
344 1217 481 1278 Thesei
510 1216 695 1277 Thesides
725 1216 860 1277 Graeci
892 1216 1097 1297 appellant,
1131 1217 1227 1279 unde
1256 1226 1291 1279 et
1318 1216 1511 1297 Virgilius

206 1318 406 1381 secundum
434 1320 613 1380 Graecam
647 1317 802 1378 iormam
837 1318 1034 1398 Scipiadas
1067 1319 1170 1379 dixit.
1216 1318 1248 1378 ln
1277 1337 1336 1398 quo
1370 1318 1510 1398 exemplo

205 1421 349 1490 ostendit,
372 1421 576 1500 patrouomica
599 1421 719 1480 nomina
742 1421 856 1499 primae
879 1418 1083 1480 declinationis
1105 1438 1185 1488 esse,
1209 1438 1276 1481 cum
1300 1421 1509 1482 accusatiuum
1522 1438 1545 1476 ιο

205 1521 348 1602 pluralem
376 1522 408 1581 in
434 1539 467 1583 as
495 1519 635 1600 syllabam
664 1519 787 1600 protulit
814 1519 1002 1592 ‘Thesidas’,
1032 1520 1111 1597 quod
1140 1528 1186 1581 est
1213 1522 1368 1600 proprium
1392 1522 1509 1601 primae

205 1623 419 1713 declinationis.
464 1621 537 1682 ltern
567 1622 787 1684 Priscianus
814 1623 901 1684 dicit:
934 1621 1096 1682 ‘Thesidae
1124 1621 1307 1698 Cecropidae
1336 1641 1353 1683 a
1382 1621 1510 1702 regibus

205 1725 360 1795 dicuntur,
394 1724 472 1785 idest
498 1723 710 1795 Athenienses,
741 1725 818 1785 sicut
846 1722 999 1785 Aeneadae
1028 1721 1219 1792 Romulidae,
1253 1722 1330 1784 idest
1353 1723 1508 1786 Romani!

205 1826 318 1897 Quibus
347 1824 490 1904 exemplis
517 1824 692 1895 ostenditur,
722 1826 926 1904 patronomica
949 1826 1068 1885 nomina
1091 1825 1121 1884 in
1146 1843 1178 1885 es
1200 1824 1370 1887 desinentia
1392 1827 1509 1906 primae

205 1927 410 1989 declinationis
437 1927 502 1987 heri
529 1926 650 1988 debere.
694 1926 842 1986 Thesidae
870 1927 947 1986 euim
978 1935 1007 1986 et
1035 1924 1217 2005 Cecropidae
1246 1933 1275 1985 et
1296 1926 1457 1988 Aeneadae
1480 1935 1541 1988 etrr

204 2028 377 2090 Romulidae
405 2029 580 2088 nominatiui
608 2026 738 2107 plurales
766 2028 797 2087 in
821 2046 854 2088 ae
878 2027 1082 2107 diphthongon
1111 2027 1282 2088 desinentes
1310 2027 1427 2107 primae
1455 2026 1507 2088 de·

205 2131 374 2191 clinationis
396 2137 475 2191 sunt.
520 2128 592 2189 lnde
614 2128 797 2206 Virgilius
819 2127 905 2189 dixit:

409 2231 654 2309 Praemiaque
677 2232 854 2309 ingentes
876 2247 989 2309 pagos
1012 2237 1047 2290 et
1069 2232 1218 2309 conpita
1241 2231 1386 2293 circum

408 2330 596 2392 Thesidae
618 2349 795 2410 posuere;

203 2434 299 2495 idem:
408 2432 601 2495 Aeneadae
623 2433 658 2493 in
682 2433 822 2492 ierrum
846 2450 911 2511 pro
934 2431 1114 2493 libertate
1136 2431 1305 2494 ruebant.
1517 2452 1540 2492 ar

203 2568 266 2631 Alia
299 2575 397 2630 autem
430 2570 549 2630 nomina
577 2570 608 2628 in
637 2586 669 2630 es
698 2567 864 2630 desinentia
898 2570 963 2629 siue
991 2567 1104 2628 Graeca
1136 2568 1247 2629 luerint
1274 2575 1305 2629 et
1331 2570 1506 2646 genetiuum

204 2671 350 2733 Graecum
372 2671 402 2731 in
426 2690 479 2743 εος
499 2670 671 2740 habuerint,
696 2678 728 2731 ut
748 2666 873 2748 Τέννης
892 2663 1048 2741 Τέννεος,
1073 2676 1123 2730 aut
1145 2671 1233 2731 etiam
1256 2670 1287 2730 iu
1310 2664 1395 2742 roos
1415 2688 1507 2749 genc-

203 2775 298 2834 tiuum
321 2771 496 2842 habuerint,
520 2780 553 2833 ut
576 2764 772 2851 Ἐμμενίὸης
792 2763 1020 2851 Ἐμμενίὸους,
1046 2788 1099 2842 sog
1122 2769 1171 2831 uel
1194 2789 1255 2845 ους
1276 2772 1307 2831 in
1328 2772 1356 2831 is
1379 2789 1504 2833 conuer-

203 2877 294 2935 tentia
318 2874 423 2936 tertiae
446 2872 652 2934 declinationis
675 2873 763 2942 liunt,
787 2881 820 2932 ut
841 2871 1029 2932 Emmenides
1052 2871 1234 2932 Emmeuidis
1249 2871 1370 2933 Tenues
1385 2871 1506 2934 Tenuis.

203 2976 240 3036 Et
261 2979 360 3037 omnia
384 2977 503 3036 nomina
527 2974 643 3045 Latina,
667 2992 742 3053 quae
766 2991 824 3034 non
847 2971 959 3034 habent
980 2974 990 3032 i
1012 2981 1081 3034 ante
1103 2992 1131 3043 s,
1157 2975 1287 3054 exceptis
1310 2973 1410 3035 tribus
1433 2971 1538 3035 lidese

203 3095 270 3156 spes
293 3095 357 3146 res,
386 3093 462 3152 quae
490 3077 610 3156 quintae
638 3075 846 3136 declinationis
868 3084 952 3145 sunt,
982 3074 1037 3136 alia
1066 3076 1172 3136 tertiae
1195 3074 1405 3137 declinationis
1428 3083 1506 3146 suut,

202 3181 266 3239 siue
293 3177 453 3239 masculina
482 3177 591 3238 luerint
619 3183 651 3236 ut
673 3174 758 3236 miles
779 3194 902 3255 gurges,
930 3177 993 3237 siue
1015 3177 1174 3245 feminina,
1204 3184 1238 3237 ut
1259 3195 1380 3239 merces
1401 3177 1506 3243 moles.

203 3288 254 3342 aut
280 3281 464 3348 communia,
493 3288 525 3341 ut
551 3288 630 3341 teres
658 3276 759 3358 bipes,
794 3280 856 3339 siue
887 3279 974 3339 etiam
1003 3279 1115 3339 Graeca
1144 3278 1268 3348 luerint,
1298 3285 1331 3339 ut
1361 3278 1506 3340 Hercules

203 3379 344 3452 Achilles,
374 3383 479 3442 tertiae
501 3379 707 3441 declinationis
735 3388 814 3440 sunt.
862 3378 912 3440 llla
935 3399 1009 3441 uero
1032 3379 1151 3441 nomina
1174 3380 1184 3438 i
1207 3388 1275 3441 ante
1298 3398 1330 3439 es
1355 3378 1507 3447 babentia,

202 3486 280 3544 sicut
302 3484 445 3554 diximus,
469 3484 592 3563 quintae
615 3477 824 3540 declinationis
846 3489 927 3551 sunt,
957 3483 1091 3561 exceptis
1112 3480 1182 3550 llll,
1206 3498 1283 3561 quae
1305 3489 1378 3542 sunt
1399 3484 1541 3543 tertiaeso

203 3586 411 3647 declinationis
432 3591 537 3644 contra
558 3581 708 3661 regulam,
733 3588 765 3641 ut
786 3581 869 3643 abies
892 3584 969 3643 aries
991 3584 1088 3662 paries
1110 3584 1210 3663 quies,
1235 3583 1287 3644 sed
1310 3584 1507 3644 uetustissimi

202 3691 288 3768 quies
311 3687 390 3767 quiei
413 3684 576 3746 secundum
599 3686 732 3763 quintam
748 3681 979 3744 declinationem
1003 3683 1206 3764 proferebant,
1230 3683 1308 3744 unde
1323 3683 1508 3745 Afranius

203 3789 293 3849 dixit:
1188 3780 1197 3791 ⁴

356 3886 529 3951 Sollicito
551 3887 664 3948 corde
688 3905 824 3967 corpus
847 3905 918 3947 non
942 3887 1082 3963 potitur
1106 3903 1202 3947 nuuc
1225 3887 1319 3965 quie.

272 4177 532 4243 tinqdyptcngon
601 4174 819 4238 3dyoscorydies
837 4173 992 4236 dyoscorioy
1061 4172 1202 4222 discorldes
1220 4171 1349 4223 discoride
1420 4177 1507 4241 bepl-

203 4245 259 4295 labe
335 4243 536 4294 banchiseedes
555 4241 725 4292 encbiseodne
793 4241 897 4292 neuides
916 4240 1006 4290 enidee
1074 4240 1219 4299 uttreside,
1243 4256 1290 4290 om.
1310 4240 1438 4294 Thesides

202 4309 361 4376 Priscianus]
381 4313 398 4362 I
411 4329 440 4376 p.
460 4314 501 4373 62,
521 4313 554 4360 21
623 4311 639 4360 8
657 4309 752 4359 thessei
771 4308 897 4359 thessides
968 4305 1105 4374 Virgilius]
1128 4308 1221 4371 Georp.
1240 4307 1275 4357 II
1293 4311 1351 4358 170.
1371 4311 1442 4366 Aen.
1465 4312 1506 4362 VI

202 4385 255 4432 813
308 4382 339 4430 12
358 4376 516 4442 Priscianus]
536 4379 571 4440 cf.
589 4378 606 4427 I
622 4396 649 4442 p.
670 4380 754 4441 6110
806 4377 906 4427 tlreside
925 4376 1075 4441 cicroprime
1143 4377 1175 4426 13
1193 4376 1343 4426 etlreuensis
1399 4380 1508 4430 neniade

201 4449 327 4499 romullde
415 4449 446 4498 15
463 4447 588 4511 citropide
607 4457 631 4495 et
648 4446 722 4495 enide
792 4447 823 4495 16
841 4445 867 4494 in
886 4460 900 4493 e
917 4445 1067 4509 dyptongon
1086 4443 1241 4494 dissinentes
1313 4446 1345 4495 17
1365 4445 1506 4513 Virgilius]

204 4518 297 4581 Oeorp.
317 4515 351 4565 II
370 4518 422 4565 382
526 4517 557 4564 19
575 4514 641 4564 idem
660 4510 772 4576 nunide]
791 4514 857 4565 Aen.
881 4512 958 4562 VIII
976 4515 1034 4574 118,
1053 4513 1088 4576 cs.
1108 4513 1191 4565 Prisc.
1211 4515 1225 4563 I
1243 4529 1272 4576 p.
1292 4514 1335 4576 61,
1357 4516 1401 4565 12.
1421 4518 1464 4578 65,
1484 4519 1508 4567 I.

202 4587 235 4636 20
253 4584 380 4634 infernum
467 4585 499 4632 22
516 4584 542 4630 iu
562 4597 604 4631 ors
675 4592 701 4631 ut
718 4592 788 4630 tenes
807 4592 892 4631 tenors
964 4580 988 4629 iu
1008 4591 1049 4629 tos
1103 4582 1167 4637 ,23
1185 4579 1333 4642 ermenides
1354 4583 1507 4645 eumenides

203 4667 232 4701 os
251 4652 290 4701 nel
310 4667 357 4714 ops
425 4651 458 4700 24
476 4650 599 4700 eminides
617 4650 736 4700 emiuidis
788 4658 858 4698 tenes
877 4649 942 4698 tenis
994 4649 1027 4698 27
1045 4663 1159 4714 gurgensi
1205 4648 1282 4697 merci
1353 4650 1389 4699 28
1408 4652 1507 4702 erculer

201 4719 365 4768 retinendos
435 4733 495 4766 uero
514 4718 584 4766 nomi
669 4721 700 4768 31
720 4716 808 4766 hubies
895 4713 1135 4782 scabredinem.
1157 4716 1284 4766 Priscian.
1305 4716 1365 4780 Ip.
1387 4721 1456 4782 212,
1476 4723 1508 4770 11

202 4788 235 4836 34
253 4786 352 4836 solicito
