3420 5378
225 308 287 372 114
743 309 811 361 Ans
829 309 1003 362 suoram

222 505 252 557 et
274 495 348 557 baec
370 497 463 575 paria,
487 514 505 555 o
526 514 617 575 pares
639 504 668 556 et
690 516 707 556 o
730 497 821 576 paria,
845 496 881 558 ab
905 497 952 556 bis
973 495 1103 576 paribus.
1141 496 1191 557 Sic
1206 496 1395 558 declinantur
1411 495 1449 557 ab
1465 496 1521 557 boc

223 600 343 658 nomine
366 599 519 677 conposita
541 597 590 658 bic
614 606 643 658 et
665 596 739 658 baec
762 605 790 657 et
812 596 868 658 boc
891 615 1012 678 conpar,
1035 600 1078 659 sic
1100 598 1200 678 dispar
1222 601 1320 676 inpar.

307 700 341 761 ln
371 719 404 761 er
432 696 592 760 masculina
621 699 761 761 leminiua
789 709 893 760 neutra
917 702 1085 761 communia
1107 702 1316 769 inueniuntur;
1346 700 1519 769 masculina,

219 812 251 864 ut
279 801 327 861 bic
355 808 439 881 pater
462 800 554 861 irater
576 798 672 861 imber
694 808 849 881 sequester
872 819 975 862 uomer
997 802 1072 863 later
1094 820 1197 865 carcer
1220 820 1337 883 passer;
1365 803 1518 871 feminina,

218 916 251 965 ut
277 905 352 964 baec
381 911 474 963 mater
502 901 575 961 baec
603 901 725 973 mulier;
752 910 872 973 neutra,
903 910 934 963 ut
961 903 1017 964 boo
1046 902 1174 965 cadauer
1196 905 1253 964 boc
1274 905 1334 965 iter
1355 902 1405 965 uel
1428 905 1540 965 itinera

218 1005 307 1066 tuber
332 1023 387 1066 uer
414 1004 489 1064 uber
517 1021 647 1084 papauer
674 1002 752 1063 laser
780 1003 865 1073 siler;
894 1023 945 1065 aer·
974 1008 1050 1065 enim
1075 1013 1105 1065 et
1126 1004 1228 1066 aether
1250 1003 1418 1067 masculina
1440 1014 1515 1073 sunt,

218 1125 396 1186 quamquam
409 1109 520 1166 ‘acra’
532 1112 563 1165 et
574 1106 752 1166 ‘aethera'
769 1107 883 1183 poetice
899 1107 1016 1185 legitur.
1040 1106 1203 1167 Commune
1219 1107 1347 1168 duorum
1362 1126 1516 1187 generum,

217 1217 249 1269 ut
282 1208 331 1267 bic
359 1218 389 1267 et
416 1207 489 1268 baec
517 1224 644 1286 pauper,
678 1208 762 1267 cuius
790 1206 966 1269 femininum
995 1209 1026 1268 in
1056 1227 1071 1268 a
1099 1209 1293 1271 uetustissimi
1322 1208 1516 1289 proferebant

217 1313 386 1390 ‘paupera’.
423 1308 665 1369 ludePlautus
680 1307 766 1368 dixit:
790 1326 953 1388 paupera
978 1309 1070 1369 baec
1089 1327 1150 1371 res
1173 1317 1238 1371 est.
1278 1311 1396 1391 Pauper
1418 1320 1515 1373 autem

216 1414 258 1472 sic
281 1411 460 1472 declinatur:
484 1410 534 1470 bic
556 1407 680 1471 ethaeo
702 1428 825 1490 pauper,
853 1409 940 1471 huius
962 1412 1110 1489 pauperis.
1135 1410 1204 1474 huic
1225 1413 1361 1493 pauperi,
1383 1412 1466 1474 bunc
1487 1420 1549 1473 etro

216 1514 292 1574 banc
314 1529 486 1593 pauperem,
510 1530 527 1570 o
550 1529 672 1590 pauper,
696 1510 733 1572 ab
756 1511 813 1573 boc
835 1519 865 1573 et
886 1513 924 1572 ab
947 1513 1002 1572 bac
1023 1530 1165 1593 paupere,
1190 1521 1219 1575 et
1239 1511 1348 1593 plurali
1371 1512 1402 1573 bi
1418 1512 1516 1576 etbae

215 1633 370 1695 pauperes,
392 1615 499 1674 borum
523 1611 679 1673 ethorum
700 1629 875 1692 pauperum,
898 1612 944 1672 bis
959 1611 1150 1694 pauperibus,
1174 1615 1230 1676 bos
1245 1623 1276 1675 et
1289 1614 1343 1675 bas
1358 1632 1514 1695 pauperes,

217 1736 234 1776 o
257 1734 413 1797 pauperes,
437 1713 474 1776 ab
498 1713 544 1774 bis
566 1713 757 1793 pauperibus.
795 1714 868 1777 ltenr
891 1734 1048 1777 commuue
1070 1718 1159 1778 trium
1182 1734 1336 1794 generum,
1360 1724 1394 1777 ut
1417 1717 1466 1777 bic
1487 1726 1516 1777 et

217 1820 290 1880 baec
312 1828 342 1880 et
364 1818 421 1878 boc
444 1814 541 1884 tuber,
563 1815 640 1876 idest
662 1815 818 1896 superbus,
842 1825 872 1878 et
894 1817 951 1878 alio
966 1836 1057 1879 sensu
1073 1817 1179 1878 dicitur
1193 1816 1290 1889 tuber,
1314 1818 1393 1879 idest
1407 1836 1516 1898 corpus

215 1919 318 1980 doloro
348 1929 474 1980 tumens.
524 1919 601 1978 Vber
628 1927 727 1978 autem
757 1927 896 1980 neutrum
925 1928 970 1980 est
999 1927 1028 1979 ct
1056 1918 1093 1979 de
1121 1921 1257 1981 mammis
1279 1919 1401 1990 dicitur,
1424 1927 1458 1980 ut
1485 1922 1548 1981 ins

215 2021 362 2082 cantico
390 2019 624 2080 canticorum
652 2017 775 2097 legitur:
805 2019 962 2082 meliora
989 2029 1075 2081 sunt
1101 2018 1112 2101 ΙΙ
1129 2021 1148 2081 l.
1174 2018 1281 2103 104111
1308 2020 1427 2082 ubera
1455 2028 1514 2083 tua

213 2125 310 2183 uino.
356 2122 429 2183 ltem
459 2119 594 2188 mobilia,
623 2128 656 2180 ut
682 2121 731 2182 bic
755 2122 851 2182 alacer
873 2122 948 2182 baec
971 2119 1078 2183 alacris
1100 2129 1130 2183 ot
1152 2122 1209 2183 boc
1231 2122 1345 2192 alacre,
1373 2123 1425 2184 bic
1447 2140 1515 2185 acer

215 2232 244 2284 et
267 2224 341 2283 baec
363 2224 440 2283 acris
463 2229 492 2281 et
514 2222 571 2283 boc
593 2240 671 2283 acre.
710 2223 869 2284 Sciendum
893 2232 1065 2292 astantem,
1090 2223 1167 2302 quod
1191 2223 1265 2285 baec
1288 2225 1412 2285 nomina
1435 2226 1466 2285 in
1483 2243 1515 2285 er

214 2326 379 2386 desinentia
403 2325 431 2384 in
456 2326 539 2383 tertia
557 2321 753 2384 declinatione
777 2322 935 2405 aliquando
959 2324 1118 2386 obseruaut
1141 2343 1157 2384 e
1179 2325 1209 2384 in
1233 2323 1364 2403 obliquis
1386 2326 1513 2393 casibus.

215 2437 246 2488 ut
269 2445 371 2505 passer
393 2427 521 2506 passeris
542 2428 621 2486 luter
642 2424 743 2486 lateris
764 2444 868 2487 carcer
888 2427 1017 2487 carceris
1032 2444 1146 2506 pauper
1161 2427 1308 2505 pauperis.
1347 2427 1546 2509 Aliquandoao

215 2536 314 2590 autem
343 2546 402 2588 nou
431 2525 591 2588 obseruant
613 2545 629 2586 e
651 2527 681 2586 in
705 2525 832 2607 obliquis
854 2527 986 2600 casibus,
1017 2536 1048 2589 ut
1071 2536 1155 2605 pater
1176 2529 1269 2607 patris
1297 2527 1392 2591 irater
1414 2532 1514 2592 fratris

213 2641 307 2692 mater
330 2631 442 2691 matris.

298 2732 329 2793 ln
359 2733 385 2792 ir
414 2749 505 2792 unum
535 2749 644 2791 nomen
667 2731 812 2792 Graecum
840 2729 1035 2792 masculinum
1063 2731 1229 2806 inuenitur,
1259 2739 1291 2792 ut
1316 2731 1367 2793 bic
1389 2740 1512 2814 martyr,

212 2834 290 2895 idest
311 2835 410 2903 testis,
439 2833 516 2914 quod
540 2850 648 2894 nomeu
671 2833 844 2894 femininum
868 2834 896 2893 iu
921 2828 941 2891 a¹
959 2832 1062 2902 mittit,
1091 2839 1124 2892 ut
1144 2832 1218 2894 baec
1240 2840 1379 2913 martyra.
1427 2834 1512 2897 lune·

213 2937 292 2996 uitur
315 2944 413 2997 autem
437 2943 467 2994 et
489 2953 580 2995 riuum
603 2951 711 2995 nomen
738 2935 864 2995 ciuitatis
886 2935 916 2994 in
938 2935 974 3003 ir,
998 2933 1116 2995 utbaec
1131 2934 1241 2996 Gaddir
1256 2944 1286 2996 et
1300 2934 1374 2997 illud
1391 2955 1510 3003 nomen,
1523 2950 1545 2991 s

213 3038 291 3117 quod
315 3056 417 3097 arcum
440 3035 514 3098 caeli
536 3037 689 3114 siguificat,
712 3042 744 3095 ut
759 3037 786 3095 ir
801 3037 861 3105 iris,
885 3037 964 3096 sicut
978 3033 1100 3112 legitur:
1122 3036 1155 3094 ir
1176 3034 1272 3096 caeli
1295 3035 1512 3108 colorosns,

212 3140 246 3197 in
269 3157 340 3217 quo
363 3156 470 3198 arcus
492 3137 683 3197 nimbosus
707 3136 967 3214 distinguitur.

297 3241 328 3300 ln
357 3260 391 3300 or
413 3248 486 3318 quot
507 3257 618 3318 genera
640 3240 851 3299 inueniuntur?
895 3237 1054 3308 Quattuor,
1084 3237 1161 3299 idest
1182 3238 1344 3300 masculina
1368 3240 1509 3303 feminina

213 3348 318 3402 neutra
341 3344 524 3409 commonia;
556 3340 732 3408 masculina,
761 3349 793 3400 ut
814 3340 863 3399 bic
886 3338 969 3399 labor
992 3340 1040 3399 bic
1063 3338 1161 3407 dolor:
1193 3340 1351 3411 feminina,
1380 3349 1416 3403 ut
1437 3342 1510 3405 baec

212 3461 287 3503 uxor
309 3443 383 3504 baec
404 3461 490 3503 soror
512 3443 585 3503 baec
608 3440 714 3510 arbor:
739 3450 851 3514 neutra,
875 3450 908 3501 ut
929 3440 986 3501 boc
1009 3460 1140 3503 nrarmor
1158 3442 1214 3502 boc
1231 3442 1321 3504 robor
1336 3442 1397 3503 boc
1411 3452 1543 3522 gutturae

209 3545 267 3605 boc
297 3544 370 3605 ebor
398 3546 455 3604 boc
484 3561 595 3622 aequor
623 3544 679 3603 boc
707 3560 759 3602 cor
782 3542 837 3603 boc
860 3542 971 3620 sulgon
1001 3540 1097 3621 lulgor
1120 3551 1215 3604 autem
1240 3553 1269 3605 et
1291 3546 1321 3604 in
1345 3546 1509 3607 masculino

209 3654 239 3704 et
253 3647 283 3705 in
300 3654 406 3705 neutro
428 3647 594 3706 inuenitur:
618 3644 822 3712 masculinum,
846 3646 915 3724 quia
937 3647 1137 3705 accusatiuum
1153 3644 1333 3723 singularem
1350 3646 1509 3725 aliquando

209 3749 308 3807 inem
333 3749 436 3817 mittit,
468 3755 498 3807 ut
527 3746 606 3807 bunc
634 3744 794 3822 fulgureum
824 3747 854 3805 in
881 3743 987 3824 plurali
1015 3755 1112 3806 autern
1143 3764 1266 3807 numero
1288 3748 1407 3825 fulgora
1429 3749 1507 3819 lacit,

208 3852 284 3909 sicut
307 3851 338 3909 in
360 3848 422 3909 lob
445 3847 566 3927 legitur:
597 3846 770 3926 numquid
799 3848 927 3908 mittes
955 3848 1104 3924 fulgora
1134 3857 1163 3908 et
1190 3857 1298 3909 cetera.
1345 3849 1507 3911 Sciendum

209 3959 255 4010 est
282 3959 396 4020 autem,
425 3950 503 4028 quod
534 3952 631 4010 omnia
658 3948 777 4008 nomina
800 3966 817 4007 o
841 3948 888 4008 uel
911 3968 946 4009 or
968 3950 1048 4009 linita
1072 3948 1233 4009 inosculiua
1257 3957 1287 4009 et
1308 3950 1455 4014 feminina
1477 3953 1541 4011 tna

208 4050 337 4128 obliquis
360 4052 478 4113 casibus
501 4073 518 4112 o
541 4051 717 4131 producunt,
741 4052 771 4109 iu
795 4058 902 4110 neutro
925 4068 997 4110 uero
1014 4051 1174 4129 corripitur
1190 4071 1207 4107 u
1224 4054 1358 4129 exceptis
1373 4054 1507 4131 quinque

209 4153 394 4224 nominibus,
424 4154 502 4215 idest
529 4172 643 4214 memor
671 4154 819 4213 inmemor
847 4152 937 4212 decor
965 4152 1086 4213 indecor
1114 4151 1220 4223 arbor,
1248 4155 1279 4212 iu
1302 4140 1454 4231 quibus'o
1476 4156 1506 4214 in

214 4339 434 4351 ——-—-———d

277 4444 448 4493 ldeclinatur
515 4442 654 4492 dseeister
714 4452 795 4491 certer
862 4442 965 4490 (laeter
1033 4440 1153 4490 'letbera
1205 4441 1304 4505 poetice
1321 4438 1430 4508 legitur]
1449 4454 1508 4509 poet

206 4510 247 4560 bio
266 4513 372 4576 elegitur
441 4508 966 4577 ultianus]ef.Prise.1p.152,to
1054 4512 1083 4558 ll
1102 4508 1136 4557 bii
1156 4518 1180 4558 et
1198 4508 1229 4558 be
1298 4508 1508 4575 minumum]

205 4581 377 4644 cap.IV10
447 4581 479 4629 18
496 4581 566 4643 agris
618 4594 681 4643 agre
738 4582 770 4628 19
788 4577 932 4640 obliquibus
1001 4578 1034 4626 20
1052 4577 1177 4627 laterone.
1246 4579 1280 4626 24
1297 4575 1424 4627 seminum
1475 4581 1508 4629 2⁶

206 4649 303 4711 grudiir
371 4649 404 4696 26
423 4647 462 4696 lrir
481 4645 542 4696 biris
612 4644 1132 4713 sicrrrtegimr]estereprep.101,31
1201 4644 1241 4693 bir
1259 4643 1306 4695 reli
1393 4648 1429 4698 27
1446 4662 1508 4712 ager

207 4715 369 4829 ¹¹l¹¹¹l³⁰³¹¹⁵lb.
406 4717 439 4764 28
457 4716 527 4778 quod
612 4718 646 4767 30
664 4715 726 4764 baec
743 4728 853 4762 marmor
934 4714 967 4762 34
985 4714 1010 4760 iu
1030 4710 1086 4777 lob]
1108 4730 1167 4777 cap.
1187 4712 1351 4763 XXXVIII
1369 4717 1406 4763 35
1458 4714 1507 4765 rut-

205 4796 268 4845 gore
287 4794 365 4832 etit
1167 4810 1172 4817 ·
