3420 5378
195 305 240 371 64
710 302 778 355 atta
799 302 973 354 abodriti

198 496 321 556 horest
348 493 512 555 secundum
540 492 742 571 superficiem,
777 498 808 550 et
835 488 983 569 quomodo
1011 487 1174 549 secundum
1202 504 1341 558 sensum,
1376 486 1435 548 boc
1456 496 1499 548 est

198 596 362 657 secundum
390 594 585 656 substantiam
615 591 780 672 qualitatis?
830 590 887 652 lsta
916 590 1080 651 dill'crentia
1107 598 1161 651 est
1208 587 1398 669 Vbicumque
1420 591 1498 651 enirn

197 699 348 759 inuenitur
371 697 502 757 ‘dictus’
527 697 573 756 uel
598 694 703 754 ‘dicta’
727 691 774 753 uel
797 692 955 760 ‘dierunt
986 690 1119 753 delinitio
1142 692 1208 752 soni
1230 709 1297 753 esse
1318 688 1498 761 ostenditur,

199 809 230 860 ut
252 798 363 860 ‘littera
387 797 465 858 dicta
489 805 534 856 εει
556 798 638 873 quasi
662 794 800 872 legitera,
825 811 860 854 eo
876 793 955 871 quod
972 794 1057 873 quasi
1072 791 1240 872 legentibus
1255 795 1314 854 iter
1336 792 1374 853 ad
1397 791 1498 871 legen-

197 901 267 961 dum
290 900 449 969 ostendit';
472 899 542 958 item
566 902 632 977 ‘pes
654 895 749 957 dictus
770 904 829 962 est,
852 914 910 975 quo
932 897 1016 974 quasi
1040 905 1201 956 metrorum
1224 912 1334 956 cursus
1357 894 1523 959 incedat’t

199 1002 248 1062 Sic
271 1004 360 1062 etiam
381 1018 489 1060 nomeu
519 997 671 1059 delinitur:
704 1002 830 1057 ‘nomen
854 995 965 1056 dictum
989 1005 1048 1065 est,
1072 999 1156 1075 quasi
1178 1003 1335 1066 notamen,
1361 1015 1399 1057 eo
1419 994 1498 1075 quod

200 1102 285 1163 nobis
307 1100 453 1163 troeabulo
475 1119 529 1161 stro
553 1118 600 1160 res
623 1108 707 1160 notas
730 1098 860 1159 eiilciat’.
899 1097 1082 1174 Vbicumque
1105 1107 1203 1158 autern
1227 1099 1386 1159 inuenitur
1400 1098 1433 1159 iu
1448 1096 1500 1158 da·

198 1206 334 1265 linitione
357 1204 437 1269 ‘est’,
461 1201 593 1262 delinitio
615 1219 735 1267 sensus,
764 1199 840 1261 idest
868 1198 1019 1279 qualitatis
1041 1217 1104 1259 esse
1126 1198 1358 1273 demonstratur,
1383 1206 1417 1261 ut
1439 1198 1500 1259 ‘lit-

199 1316 261 1367 tcra
285 1315 423 1384 estpars
446 1303 565 1362 minima
590 1304 671 1362 uocis
693 1302 895 1369 articulatae’;
919 1302 989 1360 item
1013 1305 1079 1379 ‘pes
1102 1309 1147 1362 est
1167 1298 1348 1379 syllabarum
1373 1310 1404 1361 et
1425 1308 1501 1363 tem·

199 1424 305 1486 porum
333 1411 415 1465 curta
443 1403 662 1466 dinumeratio,'
711 1402 760 1463 Sic
794 1404 881 1462 etiam
915 1401 1077 1461 secundum
1110 1400 1280 1479 qualitatem
1312 1400 1534 1467 substautiaexr

201 1524 309 1568 nomen
332 1505 487 1566 delinitur:
510 1505 630 1566 ‘nonren
654 1513 788 1583 estpars
810 1504 952 1562 orationis
975 1521 1042 1562 curn
1065 1519 1135 1564 casu
1158 1521 1266 1582 corpus
1281 1511 1333 1565 aut
1348 1521 1415 1566 rem
1431 1522 1501 1584 pro·

200 1611 264 1690 prie
286 1609 524 1669 communiterue
546 1607 737 1684 significans?
767 1604 892 1676 Quando
914 1613 1012 1665 autem
1036 1604 1122 1664 dixit:
1146 1609 1267 1665 ‘nomen
1284 1612 1330 1665 est
1346 1624 1418 1685 pars
1433 1624 1500 1668 ora-

199 1712 287 1772 tionis
309 1728 377 1770 cum
400 1726 469 1768 casu
493 1725 602 1787 corpus
624 1714 673 1767 aut
698 1725 761 1767 rem
790 1707 911 1784 proprie
939 1707 1175 1766 communiterue
1202 1706 1400 1784 significans’,
1428 1716 1502 1787 quot

200 1813 388 1873 continentur
410 1811 440 1869 in
463 1808 518 1869 bac
541 1808 730 1869 delinitione?
767 1806 916 1884 Quinque.
959 1805 1059 1877 Quaei
1094 1806 1227 1868 Primum
1249 1807 1397 1879 ostendit,
1420 1808 1500 1887 quod

200 1930 308 1975 nomen
330 1921 435 1973 octaua
458 1929 528 1990 pars
555 1910 695 1971 orationis
725 1917 783 1978 est,
813 1926 881 1969 curn
904 1908 977 1968 dixit
1004 1909 1130 1969 ‘nomen
1158 1916 1204 1969 εει
1230 1927 1302 1989 pars
1329 1912 1534 1979 orationis’;rs

200 2013 332 2077 secundo
359 2012 447 2074 modo
476 2012 617 2079 ostendit,
651 2011 729 2089 quod
756 2008 870 2072 nullum
899 2027 1007 2070 nomen
1035 2027 1104 2070 casu
1132 2018 1247 2079 careat,
1275 2010 1399 2089 quando
1425 2012 1501 2075 dixit

203 2118 324 2177 ‘nomen
341 2121 385 2174 est
400 2133 470 2193 pars
485 2115 629 2174 orationis
651 2130 718 2173 cum
735 2112 828 2172 casu'.
858 2111 960 2172 'lertio
976 2111 1063 2172 modo
1079 2111 1221 2173 discernit
1235 2130 1345 2173 nomeu
1361 2131 1379 2173 a
1396 2111 1499 2185 uerbd,

200 2237 268 2280 cum
302 2216 375 2277 dixit
408 2217 493 2275 ‘curn
517 2219 614 2283 easu’,
649 2215 715 2292 quia
749 2212 874 2274 uerbum
902 2231 961 2273 non
989 2212 1080 2274 babet
1106 2232 1218 2275 casum.
1268 2213 1384 2286 Quarto
1411 2214 1501 2278 modo

202 2318 348 2387 ostendit,
378 2314 455 2394 quod
484 2333 573 2375 omne
600 2333 709 2376 nomen
732 2332 841 2394 corpus
864 2323 915 2375 aut
937 2333 1001 2375 rem
1023 2315 1168 2393 significat
1189 2334 1257 2377 curn
1280 2313 1356 2376 dixit
1378 2316 1501 2397 ‘corpus

201 2428 252 2482 aut
273 2437 337 2479 rem
360 2419 482 2496 proprie
504 2417 740 2476 communitcrue
761 2416 953 2493 significans’.
987 2415 1098 2487 Quinto
1113 2415 1202 2476 modo
1224 2416 1369 2478 discernit
1390 2434 1533 2481 nomento

201 2541 218 2582 a
240 2520 417 2601 pronomine
439 2525 469 2578 et
490 2519 660 2598 participio,
688 2533 764 2596 qnae
786 2515 897 2576 habent
918 2535 1033 2593 casum,
1063 2518 1119 2579 red
1138 2518 1380 2597 corporalitatem
1405 2527 1436 2582 et
1455 2522 1500 2581 ln·

201 2619 443 2703 corporalitatem
472 2627 502 2679 et
529 2621 743 2700 proprietatem
771 2625 800 2679 et
828 2616 1055 2698 appellationem
1090 2637 1148 2680 non
1178 2620 1402 2693 demonstrant,
1432 2640 1499 2684 cum

201 2725 275 2786 dlxit
296 2726 327 2784 in
350 2721 521 2783 delinitione
550 2722 679 2781 nominis
701 2724 822 2799 ‘corpus
844 2731 895 2781 aut
916 2740 979 2781 rem
1002 2723 1124 2801 proprie
1146 2724 1384 2785 communiterue
1407 2726 1499 2805 sigul-

201 2829 316 2888 licans’.
359 2823 479 2884 Nemini
506 2830 578 2901 quot
606 2821 762 2883 accidenti
805 2821 872 2882 Sex.
910 2821 1009 2893 Quasi
1045 2822 1177 2894 Qualitas
1204 2826 1379 2903 conparatio
1406 2842 1500 2905 geum

202 2944 345 2989 numerus
374 2926 467 3003 ligura
496 2942 595 3006 casus,
624 2924 697 2985 haec
728 2931 798 2984 sunt
825 2942 876 2984 sex
904 2923 1066 2985 accidentia
1098 2926 1238 2986 nominis.
1288 2923 1373 2988 Scire
1401 2938 1533 2990 autentas

202 3047 256 3088 nos
284 3028 438 3095 conuenit,
468 3034 541 3102 quot
567 3036 637 3085 sunt
665 3025 864 3085 accidentium
893 3043 1011 3103 genera.
1058 3025 1226 3088 Secundum
1250 3030 1499 3105 Augustinum

203 3131 260 3191 tria
283 3135 361 3188 sunt.
407 3126 506 3196 Quae?
550 3127 627 3187 Sunt
649 3130 727 3187 enim
751 3125 936 3197 accedentia,
966 3146 1041 3206 quae
1064 3127 1210 3191 accedunt
1231 3136 1262 3189 et
1283 3129 1448 3202 recedunt,
1468 3137 1501 3193 ut

203 3230 322 3291 dotores
350 3225 448 3296 leues,
478 3229 527 3307 qui
555 3227 707 3289 saluantur
733 3248 788 3308 per
815 3227 990 3290 medicinam
1018 3240 1069 3290 aut
1097 3248 1112 3289 a
1141 3229 1198 3290 deo
1225 3239 1379 3292 sanantur.
1426 3232 1500 3293 Sunt

204 3330 218 3414 ll
234 3331 286 3392 iol.
303 3326 360 3391 80·
376 3324 387 3410 ΙΙ
403 3328 589 3398 accedentia,
614 3348 689 3409 quae
710 3329 857 3390 accedunt
878 3339 907 3390 et
929 3349 987 3391 non
1011 3331 1167 3403 recedunt,
1196 3339 1230 3392 ut
1250 3332 1378 3393 caecitas
1401 3332 1501 3415 lepro-

202 3434 287 3499 sitas,
319 3433 376 3493 nisi
406 3449 458 3511 per
487 3430 534 3491 dei
563 3432 705 3491 uirtutem
733 3440 886 3493 sanantur.
929 3433 1001 3493 ltem
1029 3441 1099 3493 sunt
1125 3432 1312 3503 accedentia,
1341 3451 1421 3512 quae
1447 3434 1534 3497 ali-ar

202 3534 319 3615 quando
348 3532 491 3594 accedunt
519 3539 549 3592 rt
571 3530 728 3612 aliquando
756 3532 915 3600 recedunt,
944 3533 1018 3592 sicut
1046 3536 1205 3613 unicuique
1232 3533 1371 3597 uoluntas
1397 3536 1499 3606 luerit
1528 3524 1536 3539 ⁸

201 3640 278 3698 sicut
299 3633 416 3695 accedit
437 3633 546 3710 lrigus:
576 3635 602 3693 si
624 3633 660 3694 ad
683 3636 781 3713 ignem
805 3635 939 3703 ueneris,
964 3634 1078 3696 recedit
1099 3636 1209 3713 trigus;
1238 3635 1352 3698 accedit
1372 3635 1429 3698 tibi
1451 3656 1499 3699 ea·

202 3738 262 3799 lor:
285 3739 379 3797 intras
402 3737 431 3795 in
454 3751 559 3813 aquam
583 3722 839 3812 frigidam,'calnr
861 3735 983 3797 recedit.
1028 3735 1159 3807 Qualitas
1181 3739 1333 3799 nominum
1358 3737 1500 3819 bipertita

203 3847 262 3899 est:
285 3844 337 3898 aut
359 3837 435 3897 enim
458 3834 577 3916 propria
602 3846 673 3898 sunt
695 3839 813 3898 nomina
836 3846 887 3898 aut
908 3835 1095 3917 appellatiua.

270 4006 361 4056 tisoni
381 4005 437 4054 soni
480 4006 629 4071 dlegittera
671 4003 777 4070 bitem]
797 4007 845 4055 iter
887 4005 1018 4056 ettamen
1037 4008 1130 4056 dictum
1150 4005 1440 4077 estlcstlrid.10‚3.
1483 4012 1499 4065 7

202 4073 295 4122 eltlciet
329 4073 483 4122 tlnrticntate
521 4072 657 4123 llb'omen
668 4071 718 4138 est]
729 4076 865 4137 eflttnnar.
874 4091 901 4139 p.
912 4076 995 4137 355‚5
1030 4090 1216 4139 corpusmumn
1253 4078 1498 4137 12Quandonntem

202 4138 264 4204 ete]
283 4141 318 4205 rs.
331 4136 438 4205 [Serpir']
454 4146 587 4206 explanat.
599 4143 626 4191 t'rr
639 4144 705 4192 Dora.
718 4159 744 4206 p.
758 4144 816 4204 489,
827 4145 859 4192 31
870 4159 924 4208 seq.
935 4143 972 4193 It'.
1031 4146 1062 4194 13
1074 4156 1222 4193 cumnterue
1272 4147 1342 4207 quod
1354 4148 1499 4198 continetur

204 4213 235 4258 ll
252 4208 406 4257 diffinitione
440 4225 489 4271 que
525 4210 555 4259 tt
567 4206 696 4273 discernit]
709 4210 787 4259 diruit
840 4210 979 4260 180as·um
1015 4214 1106 4275 itque
1141 4214 1242 4265 sedon.
1286 4215 1501 4266 22denronstra·t

202 4279 235 4327 23
244 4277 411 4325 cummuniter
421 4292 452 4325 ue
486 4276 554 4326 aad
564 4274 676 4334 domini,
688 4293 752 4342 pune
762 4279 881 4341 discipali
893 4280 1235 4344 interropantiasipatlirntio
1245 4297 1297 4329 rum
1309 4298 1359 4332 noa
1373 4284 1425 4333 κίκι·
1436 4300 1499 4348 per·

201 4360 264 4393 raro
273 4345 368 4408 passim
376 4360 426 4393 una
435 4361 488 4394 cam
497 4347 612 4408 raupirtri
620 4347 799 4409 respondentis
807 4348 878 4409 rtpoo
889 4354 913 4395 et
923 4349 1010 4398 eodem
1018 4350 1149 4398 rarissime
1157 4345 1317 4414 postico-C)
1327 4350 1400 4401 nobis
1408 4366 1498 4402 orcar-

202 4420 245 4461 rat
256 4414 282 4462 in
293 4412 341 4461 boc
350 4413 457 4476 scripto,
470 4428 525 4462 earn
535 4414 612 4475 piune
624 4418 746 4463 comeatu
757 4428 858 4462 noum
869 4420 949 4463 ratius
958 4417 1083 4477 durannus,
1103 4432 1175 4481 qiman
1186 4418 1349 4479 multifariam
1360 4421 1499 4473 iurando

201 4479 584 4531 tectorumbeniuolentissimi.
619 4484 688 4543 quod
723 4496 781 4542 que,
792 4482 852 4544 sere
860 4496 961 4546 semper
995 4486 1170 4533 tauromenum
1206 4484 1349 4535 accedentia
1384 4489 1499 4538 2daoce·

202 4548 432 4611 dentiniugenera
466 4550 613 4613 agustinum
657 4550 690 4598 27
704 4558 756 4596 tres
789 4547 1500 4616 accedentia]1100tocoertnseqaeurrtuardumta·

202 4619 250 4663 tum
264 4622 408 4678 propterea
424 4620 555 4679 corripere
571 4617 696 4674 dubitaui,
719 4617 787 4681 quod
807 4632 856 4665 non
873 4620 905 4668 de
924 4621 1077 4679 accidendo,
1096 4621 1144 4669 red
1160 4622 1192 4669 cie
1208 4622 1355 4671 accedendo
1371 4626 1499 4687 cupitam

201 4684 353 4745 scriptorem
364 4685 480 4747 sequenti
490 4685 636 4747 definitione
649 4682 830 4747 conprobetur,
848 4686 882 4747 rs.
896 4703 961 4751 quae
972 4702 1008 4737 err
1022 4682 1167 4752 [Clementis
1178 4683 1261 4752 Secti]
1279 4696 1337 4737 arte
1347 4692 1407 4743 rod.
1417 4690 1499 4743 nm.

203 4750 255 4798 123
262 4749 309 4811 sot.
319 4748 349 4798 8b
359 4752 540 4815 excerpsimus.
576 4751 666 4800 redunt
699 4750 834 4800 tssceeitas
869 4757 902 4805 33
912 4752 1026 4812 Qualitas
1036 4750 1099 4820 eta]
1109 4753 1275 4805 Suntllonati
1282 4755 1361 4807 uerba
1369 4761 1500 4823 asma.
