3420 5378
221 294 285 359 236
614 292 847 346 couunnrvu
865 290 1110 345 miteretense

120 499 299 563 cremonae
322 485 352 544 in
377 502 392 543 a
415 488 538 553 exeunt,
569 482 663 561 magis
691 481 841 542 feminino.
886 480 1223 560 Sunt-praeterea,
1251 479 1277 537 i.
1300 483 1422 557 praeter
1450 478 1520 546 ista3

222 586 309 656 alia,
338 605 363 646 s.
387 587 522 652 nomina;
552 602 655 653 sono,
680 585 700 645 l.
723 583 901 650 litteratura;
933 579 1153 651 masculina,
1182 578 1389 665 intellectu
1412 579 1519 655 ternis

120 689 324 756 cresoniua,
348 692 386 747 nt
407 684 607 747 Eunuchus
629 683 828 746 comoedia.
866 682 1028 745 Eunuchus
1049 701 1123 744 sono
1146 680 1343 742 mascnlinum
1368 688 1428 750 en,
1449 682 1517 761 qnia

88 785 91 791 ’
222 791 252 849 in
277 806 311 848 us
334 786 460 856 desinit,
490 804 567 864 qnae
595 787 766 848 terminatio
794 785 917 864 proprie
945 785 1109 846 masculino
1136 785 1241 861 generi
1262 781 1450 860 adiungitur,
1473 785 1518 844 in·

221 887 338 950 tellectu
362 907 435 949 uero
458 889 636 950 femininum
660 893 718 958 est,
742 888 826 966 quia,
851 903 918 946 cum
942 886 1024 947 dico:
1048 885 1138 965 ‘qnid
1161 883 1270 963 legisi’
1301 891 1331 944 et
1353 883 1540 962 respondeas

221 989 310 1051 milri:
335 989 546 1063 ‘Eunuchum
569 987 704 1068 intelligo
728 987 871 1057 tabulam,
895 1005 984 1065 quam
1007 986 1208 1049 Terentius
1230 985 1393 1065 descripsit
1414 984 1453 1045 de
1474 1003 1515 1054 ea,

221 1109 296 1170 cyuae
324 1091 479 1153 comoedia
507 1098 640 1152 uocatur.
690 1090 774 1151 Vnde
803 1098 833 1151 et
861 1091 1041 1170 supponitur
1068 1087 1126 1149 hoc
1148 1105 1273 1156 nomen,
1297 1088 1323 1148 i.
1354 1085 1515 1158 comoedia,

220 1211 281 1253 non
310 1193 526 1271 explanationis
554 1210 655 1262 causa.
685 1191 735 1252 sed
764 1210 851 1254 causa
880 1190 1019 1270 exempli.
1065 1188 1224 1252 Comoedia
1246 1195 1347 1249 antem
1370 1187 1515 1250 dicituro

222 1295 346 1363 Graeco,
368 1293 447 1373 quod
471 1301 517 1355 ost
538 1296 664 1354 ‘comos'
682 1300 711 1352 et
725 1292 815 1352 ‘odet
861 1292 968 1351 Gonnos
984 1293 1064 1352 enim
1087 1286 1100 1371 ll
1119 1286 1179 1352 158
1194 1285 1211 1372 ΙΙ
1234 1290 1349 1351 Graeco
1364 1288 1447 1369 uilla,
1462 1289 1515 1351 oda

221 1404 325 1456 cantus
353 1395 477 1465 dicitur,
507 1394 576 1455 inde
605 1394 758 1455 comoedia
787 1411 907 1454 carmen
941 1392 1086 1454 uillanum
1113 1391 1150 1453 de
1179 1390 1290 1452 uilibus
1318 1400 1349 1450 et
1378 1391 1546 1453 inanibus»

220 1496 312 1556 rebus
334 1498 541 1576 compositum.
588 1495 742 1556 Orestes
765 1494 970 1573 tragoedia.
1010 1495 1132 1556 Orestes
1154 1511 1227 1554 sono
1249 1489 1449 1553 masculinnm
1471 1499 1515 1554 est

222 1599 289 1675 rynia
313 1599 343 1657 in
367 1615 399 1657 es
421 1597 546 1666 desinit,
571 1595 724 1659 intellectu
747 1597 937 1665 l'eminiunm,
961 1599 1032 1676 quia
1054 1614 1121 1656 cnm
1144 1595 1225 1655 dico:
1249 1593 1404 1655 ‘Orestem
1426 1593 1512 1672 lego'‚

221 1696 365 1776 intelligis
387 1697 530 1766 tabulam,
561 1715 636 1775 quae
658 1697 694 1759 de
716 1716 753 1759 eo
776 1705 821 1758 est
842 1700 952 1778 scripta
981 1697 1059 1777 apud
1086 1695 1320 1765 Terentium,
1351 1712 1431 1773 quae
1458 1703 1512 1758 tre·

220 1799 325 1878 goediu
354 1806 488 1861 uocatur.
534 1798 682 1878 ‘Tragos’
705 1800 819 1860 Graece
846 1797 964 1867 hircus,
993 1799 1063 1860 inde
1086 1797 1236 1877 tragoedia
1259 1796 1339 1857 dicta
1363 1805 1425 1868 est,
1447 1801 1510 1878 quia

219 1903 316 1982 poetis
338 1899 407 1960 talia
431 1904 562 1963 carmina
585 1900 833 1980 componentibus
855 1900 958 1962 hircus
980 1898 1106 1962 dabatur
1128 1917 1182 1979 pro
1197 1897 1356 1959 beneflcio.
1394 1897 1467 1960 lnde
1485 1908 1540 1961 ctu

220 2003 408 2081 ‘tragemata’
424 2001 564 2063 dicuntur
586 2001 657 2063 nilla
681 2000 869 2072 munuscula,
893 2019 969 2080 quae
983 2002 1088 2063 latine
1104 1999 1250 2062 ‘bellaria’
1264 2010 1423 2063 uocantur.
1443 2002 1513 2079 'Furit

221 2111 318 2164 autent
341 2104 464 2164 Orestes
486 2105 717 2182 Agamemnonis
740 2110 769 2164 et
791 2103 1001 2183 Clytemestrae
1024 2102 1115 2172 lilius,
1140 2105 1191 2180 qni
1213 2109 1342 2163 matrem
1366 2121 1451 2164 mam
1472 2105 1511 2164 in·

118 2209 168 2259 ³⁷⁵.
182 2209 207 2270 ii
221 2205 352 2274 terlecit,
377 2207 516 2281 quonlam
541 2212 570 2264 et
592 2206 656 2284 ipsa
678 2213 793 2284 patrem
815 2223 902 2265 suum
924 2207 1126 2268 interiecerat.
1165 2204 1380 2266 Centaurus
1400 2206 1510 2266 nauis

221 2307 385 2367 Centaurus
413 2312 578 2366 monstrum
610 2314 656 2366 est
683 2304 849 2367 semihomo
872 2314 902 2367 et
923 2308 1111 2385 semieqnns,
1140 2305 1219 2383 quod
1242 2304 1465 2385 depingebatnr
1483 2309 1511 2367 in

220 2410 304 2476 rraui,
336 2414 368 2467 ut
395 2406 651 2469 demonstraretur
678 2406 820 2468 uelocitas
848 2409 949 2477 nauis,
977 2409 1047 2487 qnia
1069 2409 1155 2469 nauis
1177 2405 1322 2467 uelociter
1346 2410 1445 2468 currit
1464 2424 1541 2488 pern

117 2516 166 2563 ³⁷⁵·
180 2516 205 2555 ²⁶
220 2526 311 2569 mare.
357 2508 439 2568 Vnde
462 2526 529 2569 cnm
552 2507 618 2568 dico
640 2506 688 2568 uel
712 2507 799 2568 audio
822 2509 1036 2578 ‘Centaurum’,
1066 2507 1201 2586 intelligo
1223 2525 1343 2569 nauem.
1390 2506 1470 2570 ntra
1491 2528 1512 2569 s

220 2612 354 2678 nomina;
388 2618 475 2670 sunt
506 2627 597 2669 sono
628 2610 827 2680 feminina,
861 2611 929 2690 quia
958 2612 988 2671 in
1012 2628 1027 2670 a
1055 2609 1208 2676 desinunt,
1237 2625 1314 2686 quae
1345 2613 1512 2673 terminatio

218 2714 338 2792 proprie
361 2711 571 2772 femininorum
594 2713 745 2772 nominum
770 2719 824 2772 est.
868 2709 1073 2772 Intellectn
1095 2708 1318 2779 masculina,
1344 2714 1426 2790 quia,
1449 2730 1512 2774 cunr

219 2814 284 2874 dico
307 2811 539 2881 ‘Ferrestellanr’,
562 2812 693 2891 intelligo
715 2815 908 2892 scriptorem;
932 2813 988 2872 luit
1003 2814 1083 2871 enirn
1105 2813 1234 2891 scriptor
1256 2814 1402 2891 optimus.
1447 2812 1513 2874 ute

220 2924 249 2974 et
270 2913 474 2976 ‘Fenestellas’
498 2917 660 2992 scriptores
684 2932 842 2983 uocanrns,
866 2917 917 2993 qni
942 2912 1017 2974 bene
1040 2920 1163 2974 utuntur
1186 2912 1240 2973 lrac
1263 2921 1338 2975 arte.
1385 2914 1542 2995 Aquilae

219 3017 389 3076 oratori.
414 3014 564 3093 eloquens

116 3125 201 3175 ΜΗ
296 3116 375 3177 Alia
399 3123 467 3177 sunt
490 3117 580 3177 so‘no
604 3124 750 3186 neutra,
767 3115 968 3178 intellectu
991 3117 1186 3187 feminina,
1203 3116 1512 3180 utPhronesinm.

219 3217 300 3276 ldem
323 3223 368 3277 est
390 3218 601 3298 Sophronium.
646 3217 703 3279 lsta
727 3220 844 3279 nomina
868 3221 982 3279 comica
1004 3224 1073 3278 sunt
1094 3220 1117 3278 i.
1147 3218 1291 3279 iocularia
1314 3226 1408 3298 atque
1430 3219 1513 3281 dimi·

221 3319 332 3379 rrutiua.
377 3318 560 3380 ‘Phrenesis’
583 3321 697 3381 Graece
718 3320 890 3401 prudentia,
915 3319 986 3380 inde
1009 3319 1203 3382 Phronesium
1227 3320 1338 3381 dicitur
1361 3321 1512 3399 prudenti-

116 3430 168 3478 ³³⁵.
182 3432 208 3472 2⁸
221 3418 294 3482 cula.
325 3419 549 3498 Glycerium.
580 3420 715 3501 ‘Glycon'
733 3423 845 3482 Graece
861 3420 956 3492 dulce,
973 3421 1043 3483 inde
1060 3422 1228 3500 Glycerium
1244 3419 1405 3484 dulcicula.
1435 3421 1541 3485 ntiae

219 3540 309 3581 sono
332 3523 526 3591 feminina,
552 3520 751 3583 intellectu
774 3530 919 3591 neutra,
945 3529 982 3582 nt
1004 3539 1147 3599 poema,
1171 3524 1197 3582 i·
1221 3540 1344 3584 carmen
1369 3523 1417 3585 uel
1441 3542 1511 3605 opus

217 3630 338 3703 poetae;
367 3622 513 3685 schema
536 3625 556 3682 i·
579 3623 672 3701 ligura
695 3624 744 3684 uel
766 3623 895 3686 habitus.
940 3622 1127 3686 ‘Emblema’
1151 3624 1258 3685 dicitur
1279 3625 1411 3686 uarietas
1432 3626 1512 3705 paui·

219 3726 326 3792 menti,
351 3726 464 3784 Graece
486 3722 696 3785 ‘lithostrotus'
712 3725 828 3793 dicitnr,
845 3724 891 3786 nel
908 3724 1053 3786 emblema
1071 3735 1116 3786 est
1131 3725 1422 3806 superabundantia,
1445 3725 1510 3787 iude

116 3824 436 3886 on,ro‘embolismns’
452 3824 708 3905 superabundans.
743 3825 821 3887 Alia
845 3834 929 3888 snnt
951 3845 1041 3888 sono
1064 3827 1282 3896 masculina,
1306 3825 1508 3889 intellectu

285 4063 394 4126 Ogreco
466 4064 497 4112 12
515 4063 540 4110 in
559 4067 583 4111 ⁰s
601 4061 705 4117 desiuit,
724 4078 805 4126 supra
822 4064 866 4115 lin.
887 4063 954 4113 sieut
972 4063 1077 4112 achilles
1164 4064 1196 4115 l'i
1214 4062 1390 4114 cletemestrae
1457 4063 1507 4127 qul,

216 4144 348 4192 suprascr.
368 4140 464 4179 orestes
528 4143 615 4191 suam,
632 4145 764 4192 suprascr.
782 4129 965 4180 oletemestrem
1034 4127 1204 4195 interiecerat]
1223 4131 1256 4180 In
1274 4146 1355 4196 moep.
1375 4132 1422 4195 ins.
1439 4135 1507 4198 eiquo

217 4201 336 4260 apposito
360 4200 465 4260 insuper
481 4202 598 4262 leguntur
615 4199 690 4246 daeo:
715 4195 881 4261 Clytemestra
894 4213 960 4247 uxor
972 4198 1019 4248 luit
1031 4199 1233 4264 Agamemnonis
1251 4200 1295 4260 qni
1314 4214 1373 4248 cum
1393 4215 1505 4249 reuersus

217 4263 310 4313 luisset
328 4281 361 4313 ex
380 4265 445 4314 bello
464 4265 587 4324 Troiano,
606 4264 752 4314 interiectus
771 4275 810 4314 est
827 4280 872 4330 per
893 4266 1006 4331 Egiscnm
1025 4266 1176 4316 adulterum.
1212 4265 1274 4314 Nam
1298 4281 1357 4315 cnm
1377 4267 1505 4332 ingressus

216 4330 308 4380 luisset
324 4330 428 4381 domum
447 4348 530 4391 snam,
549 4332 639 4381 obudit
657 4334 679 4381 ei
697 4332 739 4382 ille
757 4331 921 4383 Gletemestrn
940 4343 1035 4383 uestem
1053 4336 1109 4383 sine
1127 4334 1236 4399 capitio,
1259 4349 1336 4395 qnam
1360 4349 1417 4383 cnm
1438 4334 1506 4384 uellet

218 4399 322 4448 iuduere
339 4410 363 4448 et
380 4401 503 4464 capitium
522 4401 636 4449 inuenire
655 4414 704 4449 non
724 4413 826 4465 posset,
845 4400 876 4450 ab
896 4400 985 4466 Egisto
1003 4401 1118 4451 adultero
1137 4403 1235 4451 occisus
1254 4412 1301 4450 est.
1326 4401 1404 4452 Vnde
1421 4413 1504 4468 postea

218 4466 249 4513 nb
268 4464 357 4516 Oreste
383 4467 435 4516 lilio
458 4482 506 4517 sno
529 4466 659 4517 interiecta
682 4477 732 4526 est,
764 4470 808 4530 qui
831 4479 922 4533 postes
944 4468 1034 4530 inruit,
1062 4469 1095 4519 de
1120 4470 1192 4518 onius
1221 4468 1331 4519 miseriis
1356 4469 1503 4520 Horatius

218 4600 375 4666 tragoediam
394 4600 465 4660 lecit,
484 4602 552 4652 idest
569 4602 713 4652 luctuosum
731 4618 840 4655 carmen.
909 4605 942 4653 22
960 4603 1082 4653 feminina
1094 4561 1163 4656 'sono
1231 4606 1263 4655 27
1282 4604 1426 4656 fronesiurn
1474 4605 1502 4654 Ἠ

218 4667 327 4718 lronesis
346 4683 420 4734 grece
487 4672 521 4721 30
538 4669 668 4734 glicerium
687 4670 771 4736 glicon
791 4686 866 4736 grece
933 4670 1065 4734 glicerinm
1137 4675 1170 4724 82
1189 4672 1229 4721 uel
1246 4671 1351 4723 habitus
1369 4689 1449 4740 aspro
1464 4674 1501 4722 tir.

218 4737 251 4786 33
268 4750 343 4801 greca
359 4735 500 4787 licostratus
