3420 5378
193 269 258 341 204
587 272 824 327 COMMEN'I'VM
841 272 1087 325 nlnsmnnnsn

196 473 254 535 est,
279 480 355 541 quae
377 463 479 541 genuit
501 460 590 523 nobis
612 460 804 530 saluatorem,
829 461 893 521 eius
914 457 998 540 prole
1020 458 1126 522 saluati
1148 478 1265 532 sumus,
1294 464 1324 522 ei
1348 460 1500 522 bonorem

196 564 313 633 demus.
338 584 402 628 eam
426 563 593 632 laudamus,
623 562 660 623 ab
683 580 716 623 ea
739 573 891 624 auctorem
915 562 991 623 uitae
1015 560 1061 623 uel
1086 560 1255 642 exemplum
1277 561 1386 623 salutis
1409 581 1499 624 aree-

195 669 314 745 pimus.'
360 666 502 726 ‘Sanctae
532 663 685 734 mulieres,
714 682 790 743 qnae
818 664 970 724 dominum
1000 681 1015 723 a
1039 662 1150 725 Galilea
1178 671 1296 725 secutae
1325 672 1413 732 suut.
1444 683 1500 725 eae

193 778 276 838 suut,
299 787 373 848 quae
397 766 483 827 uobis
505 765 592 826 fidem
616 764 775 834 dederuut,
805 782 907 825 earum
929 783 1068 825 sermone
1090 764 1197 827 imbuti
1220 783 1339 837 eumrrs,
1363 767 1410 827 eis
1432 763 1498 827 lau·

195 868 405 937 denudemus,
429 886 479 928 eas
501 865 669 935 laudamus,
693 864 729 926 ab
753 869 797 928 eis
820 865 988 946 exemplum
1011 867 1078 927 lidei
1102 868 1291 947 accepimus!
1338 866 1525 935 ‘llerbums

194 970 271 1050 ‹pnod
294 972 324 1031 iu
348 970 494 1049 principio
518 976 581 1029 erat
602 967 680 1047 apud
704 967 872 1036 dominum,
896 966 925 1026 id
948 986 1019 1029 earo
1042 969 1152 1029 lactum
1175 969 1271 1029 estin
1293 969 1354 1029 line
1376 976 1498 1048 tempo·

195 1092 276 1142 rum,
306 1074 371 1132 eius
399 1069 602 1131 misericordia
630 1068 778 1148 redempti
806 1087 923 1143 sumus,
955 1071 983 1129 ei
1006 1066 1122 1131 laudem
1147 1068 1305 1138 debemus,
1335 1069 1363 1128 id
1388 1068 1498 1131 adora·

196 1192 260 1234 mus
284 1183 313 1234 et
335 1172 547 1251 glorificamus,
572 1168 609 1230 ab
625 1189 661 1231 eo
677 1168 795 1231 liberati
817 1176 941 1231 sumus.'
973 1170 1097 1241 ‘Verba
1121 1189 1196 1249 quae
1211 1171 1353 1232 dominus
1375 1169 1498 1232 locutus

195 1284 240 1336 est
262 1276 292 1334 iu
316 1272 484 1352 euangelio,
514 1290 548 1332 ea
571 1279 656 1341 suut,
686 1289 761 1351 quae
784 1288 838 1331 nos
860 1273 1010 1332 instruunt
1032 1273 1067 1332 ad
1091 1281 1242 1333 aeternam
1266 1272 1496 1340 beatitudiuem.

195 1395 298 1438 eorum
326 1375 527 1436 admonitione
556 1371 660 1451 repleti
689 1391 806 1440 sumus,
838 1374 880 1433 eis
909 1372 1052 1434 oboedire
1079 1372 1239 1451 debemus,
1268 1391 1302 1434 ea
1325 1392 1496 1443 omnemne,
1511 1399 1534 1439 ro

196 1479 233 1540 ab
257 1479 298 1539 eis
321 1477 426 1537 imbuti
451 1478 576 1535 sumus!

42 1593 182 1646 atumem
281 1579 430 1639 ‘lulinita’
454 1578 593 1637 dicuutur
615 1579 685 1645 ista,
709 1594 744 1637 eo
767 1577 845 1656 quod
870 1596 928 1637 uon
951 1579 1010 1637 sint
1032 1578 1128 1646 linitam
1157 1577 1330 1638 referuntur
1353 1578 1437 1638 euim
1461 1579 1496 1639 ad

196 1700 314 1743 omnem
337 1678 530 1741 substantiam
554 1685 583 1737 et
605 1679 764 1756 requirunt
785 1697 959 1758 personam,
989 1678 1040 1740 sed
1071 1697 1130 1739 non
1153 1679 1368 1740 demonstrant
1417 1679 1497 1758 Ersso

196 1781 301 1845 melius
323 1784 441 1842 nomina
464 1788 545 1849 suut,
571 1786 603 1840 ut
623 1781 762 1859 superius
777 1779 913 1840 diximus.
929 1814 973 1824 —
987 1779 1083 1851 ‘Quis'
1101 1789 1130 1841 et
1145 1781 1220 1858 ‘qui'
1237 1779 1295 1841 duo
1312 1783 1496 1843 nominatiui

195 1892 278 1958 eunt,
303 1882 354 1944 sed
379 1883 435 1944 hoc
457 1881 559 1955 distat,
584 1881 653 1958 quia
675 1881 751 1959 ‘qui’
774 1900 830 1961 pro
852 1883 944 1962 ‘quis’
966 1885 1097 1962 ponitur,
1121 1885 1212 1963 ‘quis’
1238 1900 1312 1943 uero
1336 1900 1393 1960 pro
1419 1884 1529 1961 ‘oui’n

196 2002 350 2063 nusquam,
375 1985 426 2045 sed
451 1993 563 2045 tantum
587 1984 835 2060 iuterrogatiuum
859 1992 919 2053 est,
942 1993 990 2044 ut:
1016 1984 1094 2063 ‘quis
1116 1983 1219 2062 legitl'
1264 1983 1365 2063 ‘lpse‚
1390 1986 1495 2064 quiet

43 2085 304 2157 censsannbodie!
349 2085 439 2157 ‘Quis
462 2087 509 2145 uir
532 2085 602 2145 lecit
624 2083 715 2144 boel'
760 2084 868 2146 ‘Cuius
891 2087 949 2145 uiri
978 2093 1023 2146 est
1044 2087 1100 2146 iste
1123 2085 1234 2147 lilius‘l’
1279 2085 1493 2148 ‘Possessiua’

194 2188 332 2250 dicuutur
361 2189 416 2248 ista
445 2187 636 2264 pronomina.
671 2205 706 2246 eo
735 2185 813 2263 quod
842 2188 1060 2266 possessionem
1091 2187 1312 2257 demonstrant,
1339 2197 1371 2248 ut
1395 2192 1493 2249 ‘meus

194 2291 311 2368 equus'.
349 2289 446 2349 Finita
462 2287 599 2347 dicuntur
614 2288 680 2363 ista,
704 2288 781 2364 quia,
807 2289 856 2365 qui
880 2288 951 2349 dicit
972 2291 1091 2359 ‘meua',
1114 2291 1144 2348 in
1167 2290 1337 2368 praeseutia
1361 2297 1421 2351 est.
1457 2289 1493 2351 Et

194 2389 348 2451 sciendum
372 2397 429 2460 est,
452 2390 518 2467 quia
543 2389 572 2447 iu
595 2388 652 2448 hoe
675 2391 851 2466 pronomine
873 2391 1042 2469 possessiuo
1064 2389 1140 2451 duae
1163 2407 1309 2469 personae
1329 2400 1412 2461 sont,
1436 2408 1524 2454 unae

194 2493 378 2572 possessoris
401 2492 596 2557 intrinsecus,
621 2489 669 2550 ubi
692 2493 810 2569 generis
832 2492 929 2552 orunis
952 2499 1010 2561 est,
1034 2492 1110 2552 sicut
1126 2489 1137 2573 ΙΙ
1156 2488 1215 2553 115
1229 2487 1243 2574 ΙΙ
1259 2501 1289 2553 et
1304 2492 1491 2570 primitiuunr

194 2613 297 2662 sunm,
321 2591 446 2653 alterum
469 2592 665 2671 possessionis
688 2594 890 2663 extrinsecus,
919 2595 987 2670 quia
1011 2594 1068 2654 iam
1091 2591 1200 2654 mobile
1224 2599 1282 2663 est,
1307 2594 1339 2653 in
1363 2611 1401 2655 us
1423 2594 1490 2655 ina

73 2716 181 2767 paean
194 2696 224 2756 in
239 2713 299 2757 nm.
328 2692 376 2757 nd
400 2692 544 2771 aliquid
568 2691 684 2764 dicta,
701 2696 720 2754 i.
737 2695 773 2755 ad
789 2692 898 2774 aliquid
914 2713 946 2755 se
962 2693 1115 2763 babentia:
1132 2703 1250 2774 praeter
1265 2712 1297 2755 se
1314 2696 1398 2756 enirn
1414 2694 1490 2758 aliut

194 2796 411 2865 demonstrant,
435 2794 682 2875 qrremadmodum
707 2797 732 2856 si
752 2795 833 2856 dicas
855 2803 984 2874 patrem,
1007 2795 1147 2874 intelligis
1169 2796 1276 2864 lilium,
1304 2797 1346 2857 ita
1369 2805 1402 2858 et
1424 2816 1490 2859 curn

195 2900 267 2960 dicis
289 2901 418 2966 ‘meus',
447 2894 644 2975 semiplenum
673 2906 733 2966 est,
764 2895 860 2957 adbuc
888 2897 998 2976 pendet
1029 2916 1148 2967 senene,
1184 2915 1277 2977 usqne
1305 2896 1377 2959 dnm
1410 2898 1523 2963 dieasse

194 2999 290 3060 ‘meus
306 2999 407 3059 homo’
426 2996 471 3058 nel
489 3000 617 3077 ‘equus'.
662 2997 759 3058 Habet
781 2998 867 3057 etiam
891 3002 1072 3060 uocatiuum.
1119 3001 1275 3061 l‘ossessor
1297 3000 1378 3060 euim
1403 3008 1492 3063 uocat

195 3119 277 3162 suam
301 3101 528 3178 possessiouem,
553 3108 586 3159 ut
602 3101 632 3159 ‘0
648 3101 687 3159 mi
704 3097 766 3158 nli’.
811 3100 906 3159 ‘bleus
929 3099 1018 3161 bomo
1042 3102 1187 3170 ascisce,
1212 3103 1293 3162 ‘tuus
1316 3119 1428 3162 seruus
1449 3112 1492 3163 est

72 3202 266 3274 umente,
290 3200 388 3262 ‘uides
412 3200 510 3261 illum:
534 3200 583 3261 ille
607 3208 650 3262 est
671 3219 741 3261 suus
763 3201 875 3261 homo'
919 3202 1063 3271 Finita,
1087 3205 1156 3282 quia
1179 3204 1230 3282 qui
1252 3201 1327 3263 dicit
1350 3207 1490 3274 ‘noster’,

195 3321 337 3381 praesens
360 3311 411 3363 est
456 3303 503 3362 Ex
528 3301 649 3364 altera
672 3310 778 3382 parte
800 3301 979 3381 pluralia,
1003 3306 1073 3383 quia
1096 3306 1125 3364 in
1149 3303 1196 3364 his
1217 3305 1492 3381 possessiuisduae

194 3422 340 3485 personae
356 3412 434 3465 suut.
466 3403 508 3464 Ex
523 3412 607 3484 parte
623 3420 694 3481 ergo
709 3405 889 3482 possessoris
911 3402 1036 3482 pluralia
1059 3414 1129 3466 suut
1151 3415 1181 3467 et
1203 3424 1238 3465 er
1261 3413 1349 3485 parte
1371 3424 1523 3487 posses-er

193 3507 286 3567 sionis
308 3503 483 3584 singularia;
507 3504 590 3566 uerbi
607 3505 699 3583 gratia
716 3506 829 3567 ‘noster
850 3504 956 3566 lilius’:
981 3525 1035 3567 nos
1057 3507 1158 3587 plures
1179 3524 1281 3569 sumus
1299 3514 1331 3566 et
1346 3506 1491 3571 babemus

194 3626 284 3669 unum
307 3608 409 3669 lilium.

72 3730 180 3780 paren
279 3708 311 3770 u.
329 3708 376 3769 lla
399 3708 543 3778 horum,
568 3727 591 3769 s.
615 3711 838 3788 pronominum.
876 3709 938 3778 lla,
962 3711 983 3770 i.
999 3708 1057 3784 die,
1073 3711 1151 3771 sieut
1173 3711 1298 3791 ‘accipe’
1315 3729 1371 3790 pro
1386 3712 1491 3782 ‘andi'‚

193 3817 226 3871 ut
248 3817 293 3871 est
313 3807 401 3871 illud:

394 3910 529 3991 Accipe
551 3930 646 3973 nunc
667 3912 824 3974 Danaum
848 3913 1008 3975 insidias
1031 3922 1066 3974 et
1088 3914 1227 3975 crimen
1249 3912 1293 3975 ab
1314 3934 1398 3979 uno.
1500 3932 1523 3971 o

193 4014 227 4075 u.
251 4012 275 4074 0
298 4013 453 4091 magister,
477 4016 615 4094 superius
638 4014 739 4075 dixisti
760 4014 905 4094 simplicia
928 4018 1118 4095 pronomina,
1142 4014 1231 4076 modo
1249 4014 1298 4078 dic
1313 4021 1489 4098 composite.

192 4116 231 4177 bl.
254 4114 418 4192 Egomet,
443 4117 638 4194 compositum
655 4116 823 4194 estabego
840 4124 960 4186 etmel,
985 4135 1060 4196 quae
1084 4127 1128 4179 est
1150 4117 1276 4179 adiectio
1298 4118 1490 4198 syllabarum.

192 4214 364 4278 Declinatur
387 4234 457 4295 ergo
486 4235 522 4277 ex
549 4225 634 4296 parte
663 4219 837 4279 nominatiui
861 4227 890 4279 et
918 4222 1001 4280 ‘met’
1029 4217 1277 4281 indeclinabiliter
1305 4239 1362 4300 per
1384 4240 1490 4284 omnes

192 4334 279 4378 casus
307 4318 414 4378 currit:
445 4327 576 4388 nosmet,
606 4327 739 4379 nostrum
768 4320 817 4380 uel
839 4322 933 4381 nostri
962 4322 1113 4399 genitiuus
1141 4320 1262 4401 pluralis
1292 4341 1353 4384 non
1382 4327 1491 4406 recipit

192 4420 277 4479 ‘met'
293 4416 443 4499 syllabam.
467 4438 505 4480 ne
520 4427 642 4498 putetur
665 4438 730 4482 esse
753 4422 963 4499 possessiuum.
1008 4422 1147 4483 Tutemet
1169 4422 1216 4483 uel
1239 4430 1310 4492 tute,
1335 4442 1397 4485 uon
1422 4426 1525 4488 lecito

260 4600 426 4670 ldebemue]
446 4606 501 4655 An:
521 4605 628 4657 demus?
647 4608 680 4669 cs.
700 4622 781 4672 supro
798 4609 813 4657 l.
833 4611 858 4658 2.
877 4611 894 4658 5
911 4615 979 4673 etp.
1000 4611 1061 4667 203,
1081 4611 1125 4661 34.
1139 4611 1174 4660 37
1241 4610 1273 4659 31
1293 4623 1342 4660 nos
1362 4610 1451 4676 plnres
1470 4623 1493 4663 et

191 4740 225 4790 ³4
243 4737 315 4805 illud]
339 4740 418 4804 Verp.
437 4742 502 4791 Aen.
521 4741 557 4792 Il
573 4745 606 4794 65
674 4745 707 4795 35
724 4699 832 4793 lusidius
848 4671 961 4794 decaedat
