3420 5378
207 300 338 350 ccxvffl
503 287 550 337 bu
570 286 720 337 lVLlANO
738 285 934 339 TobttTANO
954 286 1196 339 GRAMMATICO

207 494 272 537 nos
300 478 489 545 conuenit,
526 477 829 556 praepositiones
857 478 912 535 ins
941 495 1046 537 suurn
1074 483 1159 536 tunc
1187 473 1379 547 obtinere,
1418 494 1499 537 cum

206 568 508 640 praependulum
545 557 684 642 subpoll
703 561 721 622 l.
740 559 814 621 101·
831 558 945 642 lisitas
980 579 1069 622 uero
1103 570 1138 621 et
1170 562 1498 636 significationem

208 665 305 706 suam
335 654 370 704 et
398 647 467 707 uim
498 649 660 707 aorniais
689 656 724 707 nt
751 645 866 722 legem
897 648 1090 726 propriam
1120 664 1189 706 non
1220 646 1365 706 babere.
1417 646 1499 717 Quo·

207 729 312 791 modo?
357 731 387 791 Si
415 731 533 792 casibus
561 733 622 792 sais
648 750 705 791 nort
729 733 913 811 praepositae
935 732 1058 799 luerint,
1088 750 1143 791 nec
1165 731 1394 804 significationes
1418 751 1497 801 seras,

206 815 281 876 idest
310 823 419 876 motum
448 826 498 876 aut
525 818 628 884 sitnm,
658 834 713 876 nec
741 835 848 877 nornen
875 818 1103 896 praepositionis
1126 815 1290 882 lrabobuat.
1321 834 1377 877 nec
1399 815 1525 895 legemr»

206 904 356 979 propriam
380 900 558 971 retinebunt,
583 910 615 961 ut
637 910 682 961 ost
704 899 793 981 ‘pube
809 905 917 962 tenus’.
956 904 1160 982 Separatae
1181 902 1498 980 praepositiones

206 987 392 1064 separatis
414 985 765 1067 praepositionibus
789 1006 858 1048 non
881 987 1098 1055 animarent,
1129 995 1163 1047 ct
1186 985 1365 1047 aduerbia
1387 986 1497 1057 lacit,

206 1072 235 1130 si
258 1070 403 1151 qnando
426 1070 528 1132 illa'nr
551 1089 620 1132 non
643 1075 818 1150 sequitur
840 1091 961 1143 casus,
986 1082 1016 1133 ut
1039 1079 1083 1132 est
1105 1071 1176 1136 hoc:

357 1156 454 1216 Pone
476 1156 581 1217 subit
603 1157 753 1224 coninn,
778 1157 933 1218 lcrimur
957 1175 1023 1234 per
1046 1175 1159 1235 opaca
1182 1155 1359 1216 locorum.

207 1258 298 1317 Snnt
325 1261 387 1337 qui
415 1267 547 1337 putant
575 1257 747 1319 accidere
770 1259 1044 1338 praepositioni
1067 1258 1223 1335 liguram
1247 1265 1281 1317 et
1304 1257 1537 1319 ordinemztu

205 1344 377 1418 liguram,
401 1345 484 1423 quia
508 1350 593 1403 sunt
616 1345 921 1422 praepositiones
943 1341 1153 1422 simplices,
1176 1351 1220 1402 ut
1243 1341 1321 1412 abs,
1353 1361 1498 1421 conpo-

204 1429 312 1496 sitae,
336 1435 375 1487 nt
396 1426 551 1505 absque;
583 1429 765 1496 ordinem,
789 1430 871 1505 quia
895 1436 981 1488 snnt
1003 1429 1312 1507 praepositiones
1334 1446 1497 1509 praepo·

194 1513 356 1581 sitiuae,
389 1521 426 1573 nt
447 1514 539 1583 sine,
564 1521 649 1573 sunt
671 1512 952 1580 subiunctiuao,
976 1522 1015 1573 ut
1036 1519 1153 1573 tenus.
1199 1513 1267 1573 Sed
1291 1531 1356 1573 nos
1379 1520 1414 1574 et
1438 1515 1496 1575 bis

205 1597 347 1658 similia
377 1598 412 1657 in
447 1597 503 1658 bis
532 1596 821 1663 numerabimus,
860 1616 950 1676 equae
988 1598 1199 1676 inaequalia
1237 1599 1494 1668 nominantur,

205 1683 282 1741 sieut
315 1681 405 1743 uerba
439 1681 602 1762 inaequalia
636 1682 790 1752 dicuntur,
824 1702 899 1763 quae
932 1683 969 1742 de
1001 1701 1052 1743 sna
1081 1683 1278 1744 declinatione
1307 1684 1337 1743 in
1367 1681 1495 1744 alienam
1510 1700 1534 1738 1⁵

205 1776 367 1828 transeunt.
413 1767 453 1827 lta
476 1774 505 1827 et
526 1769 777 1847 praepositiones,
806 1768 830 1828 si
853 1769 914 1828 suis
936 1767 1052 1827 casibus
1074 1786 1134 1828 raon
1158 1767 1345 1838 deseruinnt,
1369 1776 1400 1827 ut
1424 1768 1495 1829 sub-

204 1853 362 1929 iungantur
385 1860 412 1912 et
436 1870 495 1912 non
518 1860 747 1931 praeponantur,
770 1852 933 1932 inaequalia
957 1851 1104 1912 dicuntur.

660 2039 708 2100 DE
730 2038 1032 2101 insanientibus.

289 2159 510 2219 interiectio
544 2166 599 2219 est
630 2176 714 2238 pars
745 2159 931 2218 orationis
964 2159 1163 2219 interiecta
1198 2159 1285 2219 aliis
1321 2158 1496 2237 partibus

205 2245 391 2303 orationis
419 2242 461 2303 ad
490 2243 754 2322 exprimendos
782 2244 891 2303 animi
919 2243 1091 2303 allectus.
1137 2242 1309 2314 Quomodo?
1352 2243 1435 2305 Sicut
1463 2245 1533 2304 ineo

205 2329 301 2405 primo
330 2335 427 2387 notata
459 2336 542 2397 sunt,
572 2330 611 2388 ita
640 2328 687 2388 bic
715 2329 945 2407 interrogentur.
990 2328 1057 2388 Sed
1088 2328 1174 2387 baec
1202 2347 1217 2387 a
1246 2330 1399 2388 Graecis
1429 2328 1494 2388 ad·

204 2412 352 2472 uerbiis
385 2412 643 2491 adplicantur,
677 2413 769 2493 equod
802 2413 884 2474 ideo
913 2413 1037 2473 Latini
1070 2431 1141 2472 rron
1176 2414 1325 2473 iaciunt.
1376 2411 1494 2480 Quare?

205 2497 277 2567 Quia
301 2496 503 2558 huiuscemodi
526 2517 629 2559 uocem
653 2516 711 2558 non
733 2500 828 2559 statim
852 2497 1041 2578 subsequitur
1063 2496 1198 2559 uerlnun.
1242 2497 1346 2557 Licet
1371 2507 1493 2559 autem

202 2598 269 2658 pro
298 2582 570 2642 interiectione
598 2582 704 2641 etiam
733 2581 825 2644 alias
846 2580 979 2659 'partes
1007 2583 1191 2643 orationis
1218 2580 1387 2657 singulas
1408 2581 1494 2659 plu·

202 2684 312 2727 resne
345 2665 571 2744 subponere,
607 2675 645 2727 nt
677 2666 816 2727 ‘nolas’
851 2669 934 2744 ‘pro
968 2668 1099 2727 nelas'.
1155 2667 1328 2739 Quomodo?
1380 2666 1532 2729 ‘Nefas'ss

203 2769 310 2812 nornen
339 2761 399 2820 est,
429 2754 495 2830 ‘pro
527 2752 620 2812 nelas'
642 2752 808 2813 interiectio
831 2761 876 2813 est
899 2752 1113 2830 exprobrantis.
1158 2757 1346 2813 accentus
1373 2754 1493 2814 inter·

108 2875 113 2886 ·
202 2836 433 2897 lectionibus
462 2839 558 2897 certi
587 2855 669 2897 esse
698 2855 769 2898 non
792 2845 963 2917 possunt,
993 2848 1029 2897 ut
1051 2839 1131 2897 lere
1153 2840 1188 2897 in
1212 2835 1297 2897 aliis
1321 2836 1492 2904 uocibus,

203 2940 293 2998 quas
316 2922 528 2983 inconditas
551 2923 773 2985 inuenimns.
817 2921 993 2995 Quomodo?
1037 2922 1119 2982 Sicut
1142 2924 1169 2982 in
1194 2923 1358 3001 peregrinis
1381 2922 1492 2992 uerbis,

203 3013 252 3066 aut
284 3007 314 3066 in
349 3005 482 3067 barbaris
515 3007 683 3068 nominibus
716 3016 857 3069 accentus
889 3008 963 3067 certi
995 3026 1053 3067 nnn
1086 3015 1169 3076 snat,
1205 3011 1244 3068 ita
1282 3014 1311 3066 ct
1343 3008 1371 3066 in
1399 3007 1492 3069 inter-

203 3090 386 3153 iectionibus.
1506 3109 1531 3147 eo

269 3379 436 3444 2snbposita
522 3378 700 3447 fiseporn'rae}
721 3383 786 3431 non.
804 3399 830 3446 p.
849 3384 910 3444 391,
930 3385 960 3430 19
1041 3381 1192 3431 'lcolrerent
1262 3379 1494 3431 lacinntDorratee

202 3446 292 3496 8illas
313 3448 427 3497 Donatus
495 3447 610 3516 bPone]
644 3442 926 3513 Verp.Aen.11725
977 3448 1068 3496 roulax
1120 3448 1230 3496 ealornm
1302 3451 1333 3497 lll
1351 3446 1491 3514 Suntqni]

202 3516 268 3567 Ilon.
285 3532 312 3578 p.
332 3519 392 3576 391,
411 3519 445 3565 29
514 3519 544 3566 12
564 3519 752 3582 praepositurae
772 3519 975 3582 praepositiones
995 3519 1109 3566 Donatus
1180 3519 1210 3566 13
1228 3516 1273 3565 sed
1292 3515 1353 3564 lmee
1372 3530 1419 3565 rios
1440 3519 1494 3567 Ilo-

202 3590 275 3633 nutus
363 3587 392 3633 14
412 3585 600 3634 nunternuimus
670 3597 832 3634 munerantur
919 3589 950 3636 19
969 3581 1121 3649 larteriectlo]
1145 3585 1209 3634 Dora.
1228 3602 1253 3648 p.
1274 3586 1339 3648 391,
1357 3587 1392 3634 2⁶
1460 3588 1492 3636 21

202 3651 252 3700 Sed
271 3647 345 3716 lruee]
365 3653 431 3704 non.
449 3670 475 3716 p.
490 3655 549 3713 391,
564 3657 597 3704 28
665 3656 697 3702 92
715 3653 884 3718 adplicabitue
951 3656 984 3705 ‘23
1004 3651 1079 3717 eria]
1099 3653 1163 3702 ,ient
1183 3654 1276 3702 Donati
1293 3652 1371 3702 uerbo
1389 3670 1416 3718 p.
1430 3656 1492 3717 391,

202 3723 235 3768 29
303 3719 372 3768 licet
390 3715 488 3779 ornem]
509 3721 572 3770 Dora.
592 3739 617 3787 p.
637 3724 695 3777 391,
716 3724 750 3771 39
833 3723 866 3771 24
884 3722 1083 3769 interirrtionem
1173 3720 1239 3769 lnres
1263 3735 1322 3768 nero
1392 3723 1425 3770 26
1445 3725 1491 3769 tle·

202 3784 299 3852 centus]
321 3790 385 3838 Bon.
402 3804 428 3850 p.
449 3790 539 3849 eum
607 3790 802 3853 esiongaber
871 3788 942 3837 Sient
960 3791 983 3837 iu
1005 3737 1211 3854 peregrinisfrs.
1230 3789 1406 3851 nrtiprnplnme
1423 3789 1489 3839 Ber·

202 3856 336 3914 neasernf.
357 3853 408 3905 58b
425 3852 468 3921 (de
485 3858 656 3919 accentibus):
694 3860 719 3906 ln
743 3858 958 3906 interiet-tionilms
982 3871 1006 3904 et
1028 3859 1051 3905 in
1077 3856 1217 3920 peregrinis
1243 3857 1325 3904 uerbis
1350 3868 1374 3904 et
1392 3858 1417 3904 in
1436 3857 1492 3905 bar-

202 3924 269 3971 baris
296 3924 441 3991 nonrinibns
468 3925 527 3972 certi
555 3936 614 3974 sant
640 3938 772 3980 trecentus,
800 3939 831 3973 an
857 3926 925 3973 non?
963 3924 1026 3974 Non.
1063 3923 1128 3982 Quid
1151 3925 1185 3971 ibi
1209 3923 1352 3972 laciendum
1372 3924 1426 3972 est?
1464 3924 1490 3972 ln

202 4002 326 4055 potestate
344 3991 543 4056 uniuscuiusque
555 3994 680 4043 consistit.
700 3992 850 4050 Quomodo?
869 3993 915 4053 Vt,
933 4008 991 4042 eom
1010 3993 1153 4042 necessaria
1171 3992 1272 4052 luerint,
1292 3991 1326 4040 ito
1345 3993 1369 4040 in
1389 3993 1491 4042 metrica

202 4070 329 4124 ponarrtur
346 4061 456 4120 ratione,
475 4061 509 4122 es.
530 4062 623 4111 Iuliani
637 4078 665 4127 p,
685 4064 718 4111 58
735 4063 776 4111 ed.
794 4061 863 4110 Rom.

733 4232 955 4240 ...—..--—-.—.-.-.

285 4368 452 4442 Perspectis
473 4369 567 4442 ipitur
588 4370 664 4427 ortis
686 4365 859 4446 Beroeasr's,
882 4384 953 4441 quos
974 4369 1060 4428 modo
1083 4369 1297 4442 excerpsimus,
1321 4368 1393 4426 locis
1414 4383 1491 4427 serm·

200 4485 279 4529 arma
307 4476 335 4527 ct
363 4469 485 4528 dicendi
510 4477 539 4528 et
567 4470 726 4529 tractandi
749 4471 970 4530 similitudinem
999 4474 1076 4530 inter
1097 4472 1180 4529 illam
1202 4477 1231 4527 et
1254 4468 1407 4528 lulianam
1428 4470 1494 4528 siue

201 4571 412 4646 ertiprapbum
427 4569 609 4630 Bernensenr
631 4569 819 4632 intercedere
841 4574 1032 4647 intellepitur.
1072 4572 1133 4631 Sed
1142 4575 1331 4647 profitentur
1346 4574 1491 4646 quaestio,

200 4671 228 4732 si
255 4673 373 4745 addetis,
405 4674 436 4731 in
464 4681 530 4731 arte
552 4671 704 4733 Berncarsi
729 4675 901 4749 conpleries
927 4677 1101 4733 areanorum
1126 4676 1198 4745 fieri
1223 4678 1372 4731 tractatus
1393 4675 1492 4733 carian-

203 4775 272 4832 dum
288 4771 400 4850 primi,
430 4776 462 4834 in
483 4791 543 4850 que
564 4775 639 4835 boec
661 4778 714 4836 illo
735 4777 864 4835 lucidius
885 4778 1022 4852 exposito
1044 4792 1106 4835 esse
1128 4776 1279 4834 dicuntur.
1325 4775 1405 4834 Nam
1427 4774 1491 4837 ubi·
