3420 5378
411 330 506 379 cxxx
791 315 840 366 DE
860 312 1103 366 missorium
1121 309 1313 364 SERMONIS.

494 507 513 565 l.
539 501 695 564 1262001.
722 501 737 562 l
761 502 803 563 Ex
827 500 895 562 dide
915 500 1041 562 sermoir.
1079 498 1226 560 Discrtum
1250 505 1278 558 et
1301 496 1457 556 disertum:
1481 493 1609 554 disertus
1632 511 1701 554 nra·

412 615 505 667 torem
528 605 608 673 dicit,
634 604 770 664 desertus
792 600 961 664 derelictus.

494 707 512 768 l.
539 703 620 767 116¹·
644 702 742 766 0012
772 707 850 778 (sine
871 710 958 781 nolo)
983 706 1122 766 Desertus
1144 712 1174 764 et
1195 703 1326 763 disertus
1347 703 1386 761 ita
1410 700 1617 778 distinguitur:
1648 697 1701 757 de·

410 818 505 870 sertus
528 807 695 875 ‹lerelictus.
720 807 848 867 disertus
870 815 970 866 orator
992 825 1009 865 a
1031 805 1199 868 diserendo.

493 911 573 972 Sunt
594 927 693 986 porro
720 912 881 981 nonnullo,
911 926 1002 985 quoe,
1035 924 1101 970 curu
1123 908 1239 969 Isidori
1265 923 1369 967 nomen
1393 907 1580 982 praecedat„
1601 912 1700 964 tomen

409 1014 494 1089 opud
513 1013 665 1073 isidorum
686 1029 745 1072 uon
768 1013 980 1071 inueniuntur:

494 1114 513 1174 l.
536 1110 578 1174 4⁸
600 1111 656 1173 eol.
678 1110 699 1172 2
727 1110 885 1174 ustbout.
916 1111 1023 1172 dblunr
1039 1121 1069 1172 et
1092 1110 1161 1172 utile
1175 1113 1216 1172 ita
1232 1111 1430 1188 distinguitur.
1455 1117 1556 1187 aptum
1571 1106 1607 1167 ad
1627 1114 1702 1167 tenr-

409 1235 474 1295 pus,
497 1213 571 1276 utile
593 1214 629 1275 ad
653 1222 840 1294 perpetuum.
863 1248 906 1258 -
927 1218 1018 1293 Aptus
1040 1215 1069 1275 in
1084 1222 1219 1294 tempure
1234 1212 1361 1282 ablatur,
1386 1210 1465 1273 utilis
1479 1228 1552 1271 uero
1566 1211 1596 1271 in
1612 1227 1701 1270 usum

411 1325 598 1398 perpetuum.

494 1421 515 1481 I.
539 1416 603 1481 aab
627 1417 681 1479 col.
705 1415 726 1479 2
754 1418 873 1479 Esidori
901 1418 1145 1481 differentiarum.
1183 1417 1344 1479 Arbitrium
1374 1427 1420 1477 est
1449 1415 1585 1477 uoluntas
1607 1412 1704 1474 bbere

409 1523 572 1602 potestatis,
595 1539 670 1602 quae
693 1538 820 1598 persone
843 1528 947 1601 sponte
970 1518 1018 1581 uel
1040 1519 1119 1582 bena
1141 1518 1188 1581 uel
1211 1519 1285 1582 mala
1308 1526 1451 1599 appetere
1473 1523 1578 1596 petest.

494 1626 515 1685 l.
539 1621 600 1685 62⁸
623 1621 677 1684 col.
705 1622 721 1682 l
744 1621 861 1685 Ysidori
883 1642 919 1685 ex
941 1622 1115 1684 differentiis
1137 1640 1315 1686 sermonum.
1351 1620 1482 1693 ,Callidus
1504 1627 1534 1680 et
1555 1617 1704 1680 facundus

411 1726 467 1786 hoc
489 1727 567 1787 inter
590 1745 621 1786 se
644 1725 752 1786 dillert.
790 1724 919 1788 Callidus
941 1743 995 1805 per
1010 1726 1251 1786 exercitationem
1274 1725 1346 1785 artis
1360 1724 1532 1791 instructus,
1555 1718 1705 1782 facundus

412 1830 463 1908 qui
487 1826 574 1889 lacile
596 1826 653 1889 lari
674 1829 776 1906 possit.

495 1932 539 1990 Ac
561 1947 598 1991 ne
619 1932 685 2006 quis
705 1932 821 2003 credet,
846 1931 963 1990 Isidori
983 1932 1225 2007 differentiorem
1247 1931 1357 1990 librum
1380 1931 1558 2003 eplossorii
1579 1935 1706 1989 auctore

411 2032 577 2093 adhibitum
593 2034 763 2110 pleniorem
781 2029 887 2105 sorbeo,
918 2049 1007 2108 quom
1037 2050 1121 2107 ouem
1142 2034 1231 2093 leodic
1253 2032 1389 2092 monibus
1411 2037 1557 2103 tenemus,
1590 2030 1705 2090 eddom

412 2136 527 2210 aliquot
547 2137 638 2209 locos,
662 2134 767 2208 quidm
791 2135 877 2193 onius
898 2136 1087 2208 eiusdemque
1108 2136 1192 2196 uocis
1213 2135 1379 2210 exploratio
1394 2133 1509 2207 duplex
1517 2134 1706 2208 proponitur

412 2238 465 2309 ito,
490 2242 523 2295 ot
544 2238 642 2296 oltero
663 2253 731 2297 cum
752 2233 870 2297 Isidori
889 2235 968 2295 libro
989 2235 1174 2310 euidentior,
1205 2239 1303 2296 altero
1331 2251 1406 2297 uero
1433 2242 1487 2294 oue
1514 2237 1705 2309 aliquantum

412 2345 465 2397 out
488 2340 608 2398 omnino
631 2340 794 2399 dissentiet.
839 2337 917 2398 Sient
937 2345 1036 2398 eutem
1057 2340 1105 2398 di:

496 2440 516 2498 l.
539 2434 603 2498 itt
626 2438 681 2499 col.
704 2437 725 2498 2
747 2440 789 2500 Ex
813 2432 898 2500 differ
917 2455 1097 2501 sermonum.
1135 2441 1298 2518 Aeginium
1322 2449 1351 2501 et
1366 2439 1529 2520 auspicium
1544 2436 1601 2500 boe
1623 2441 1706 2500 inter

412 2559 443 2601 se
467 2540 578 2602 dillert:
602 2543 725 2617 auguria
748 2540 960 2611 consuluntur,
984 2542 1112 2621 auspicia
1137 2543 1216 2604 ultro
1237 2545 1377 2603 ueniunt:

497 2642 517 2703 l.
540 2637 603 2703 ier
627 2643 682 2705 col.
709 2643 724 2704 1
748 2643 791 2704 Er
814 2642 892 2705 dille.
932 2644 1069 2724 Auspicia
1092 2652 1122 2706 et
1144 2647 1266 2724 auguria
1290 2646 1346 2705 hoc
1361 2645 1438 2705 iuter
1461 2660 1493 2704 se
1516 2622 1629 2705 differt:
1653 2662 1707 2705 au·

413 2749 504 2828 spicia
527 2755 595 2807 suut
616 2764 690 2825 quae
712 2747 869 2806 insuantur
891 2754 921 2808 et
943 2747 1021 2808 ultra
1045 2748 1182 2816 ueniunt,
1213 2749 1336 2825 auguria
1359 2765 1434 2827 quae
1457 2741 1653 2806 consuluntur
1676 2752 1708 2807 et

414 2827 611 2912 censecbntur
632 2876 674 2900 =
695 2847 765 2909 isid.
789 2868 819 2928 p.
844 2845 914 2916 741,
938 2845 973 2918 6;
998 2868 1025 2928 p.
1049 2845 1070 2908 2
1092 2851 1141 2909 dr.

498 2955 517 3015 I.
542 2949 603 3014 751
633 2946 732 3011 0012
760 2949 803 3009 En
825 2948 910 3010 diuet
937 2967 1119 3011 sermonum.
1164 2949 1319 3013 Ceruleum
1348 2959 1377 3010 et
1398 2949 1542 3012 cerullurn
1572 2952 1652 3011 iuter
1674 2967 1709 3008 se

417 3053 524 3115 dillert.
562 3071 628 3114 nam
653 3049 785 3111 cerulum
809 3051 914 3113 dicitur
937 3054 1001 3131 ipse
1025 3051 1106 3113 color
1129 3051 1265 3114 ceruleus
1292 3053 1370 3132 quod
1398 3072 1433 3113 ex
1463 3051 1565 3114 cerule
1592 3058 1695 3113 consta

416 3161 467 3215 aut
488 3154 567 3234 quod
589 3151 722 3215 cerulum
746 3160 800 3222 est,
822 3153 972 3215 ceruleum
996 3154 1042 3214 lit:

500 3253 571 3316 ibid.
600 3252 760 3315 ESlDORl.
798 3253 934 3317 Ceruium
962 3264 992 3315 et
1014 3254 1167 3343 ceruleum
1194 3253 1302 3315 differt.
1340 3254 1464 3318 Cerrrlus
1486 3264 1532 3317 est
1553 3256 1635 3316 color
1657 3273 1708 3316 ee·

415 3357 516 3418 ruleus
537 3358 588 3436 qui
611 3375 646 3417 er
670 3354 769 3416 colore
793 3355 954 3417 coniicitur.
993 3374 1061 3418 narn
1084 3356 1236 3418 ceruleum
1258 3357 1355 3437 ipsum
1371 3356 1503 3420 colorem
1525 3356 1651 3418 dicImus

415 3458 452 3519 is.
475 3479 504 3538 p.
529 3455 599 3528 747,
626 3455 700 3526 115;
723 3478 752 3538 p.
776 3455 814 3516 17
838 3459 886 3519 dr.
980 3531 993 3543 ῃ

499 3562 520 3621 l.
546 3557 606 3620 112
616 3557 630 3595 ¹¹
653 3560 709 3621 col.
735 3556 751 3618 1
780 3557 866 3619 Yside
888 3578 923 3621 ex
947 3561 992 3621 dil
1016 3579 1198 3623 sermonum.
1242 3561 1381 3622 Delorme
1403 3562 1440 3622 ad
1463 3581 1587 3642 corpus,
1619 3570 1709 3640 turpe

416 3671 514 3723 nutem
539 3662 575 3722 ad
598 3664 713 3722 crimen
736 3663 910 3722 relerirnus:

500 3767 521 3824 l.
546 3759 627 3824 112¹>
651 3762 706 3823 col.
730 3760 750 3823 2
772 3760 877 3824 Εο10101
899 3783 935 3825 en
958 3764 1085 3826 dilleitia
1114 3784 1295 3827 sermonum.
1341 3765 1489 3827 Deformis
1512 3774 1541 3826 et
1562 3766 1643 3845 lupis
1666 3767 1709 3827 ita

417 3865 617 3944 distinguitur.
656 3864 801 3927 Deformis
816 3865 851 3926 ed
868 3883 976 3944 corpus
991 3869 1130 3944 pertinet,
1152 3869 1248 3947 turpis
1264 3869 1299 3929 ad
1316 3869 1447 3929 animum
1469 3897 1511 3918 =
1533 3866 1574 3954 is..
1588 3887 1616 3947 p.
1634 3860 1708 3937 749,

418 3964 494 4037 139;
518 3986 546 4046 p.
571 3964 611 4028 19
633 3969 682 4029 dr.

501 4071 521 4130 l.
548 4066 628 4131 153b
651 4070 707 4130 001.
733 4069 748 4130 1
773 4071 814 4132 Ex
838 4051 899 4130 did.
932 4071 1012 4131 luter
1035 4074 1196 4133 exercitum
1220 4081 1249 4132 et
1271 4073 1463 4133 exercitatum
1487 4073 1543 4131 boc
1564 4070 1708 4131 interest:

418 4174 566 4233 exercitus
590 4171 754 4244 laboribus,
779 4176 959 4233 exercitatus
982 4173 1099 4235 studiis:

501 4272 574 4334 ibid.
603 4272 734 4353 {sydori
772 4276 855 4336 Inter
878 4276 1041 4336 exercitum
1065 4288 1094 4337 et
1117 4278 1309 4337 exercitatum
1326 4277 1380 4337 boc
1398 4281 1535 4337 interest:
1559 4277 1706 4337 exercitu

418 4373 570 4435 laboribus
597 4377 725 4453 fatigatis
754 4377 932 4437 exercitatus
962 4378 1007 4437 uel
1037 4386 1100 4438 arte
1130 4379 1177 4439 uel
1203 4378 1300 4440 studio
1323 4380 1438 4458 peritus
1459 4407 1500 4429 =
1523 4377 1558 4438 ls.
1584 4398 1612 4458 p.
1637 4375 1696 4440 751

420 4473 495 4545 181;
519 4494 547 4554 p.
570 4474 612 4536 24
632 4480 682 4539 dr.

503 4580 616 4638 Eodem
639 4597 737 4639 omues
758 4582 806 4639 dli
824 4580 886 4641 loci
908 4582 1067 4654 referendi
1086 4592 1169 4658 sicot,
1199 4583 1306 4658 perdes
1328 4583 1444 4645 Isidori
1467 4586 1578 4657 uerbo,
1603 4587 1710 4659 quali

419 4685 451 4740 in
474 4680 716 4757 differentiorem
738 4679 817 4742 libro
839 4682 930 4744 bodie
952 4686 1107 4759 lepuntur,
1139 4689 1181 4745 ilo
1208 4693 1323 4746 routoto
1344 4695 1429 4761 soret,
1460 4696 1492 4748 ut
1514 4688 1642 4748 librario
1708 4719 1710 4731 ·

418 4785 597 4842 solummodo
618 4782 757 4844 incuriae
779 4784 922 4861 deputari
944 4788 977 4845 id
998 4796 1135 4861 erepuerit,
1153 4796 1242 4863 otpire
1264 4786 1320 4863 titi,
1345 4788 1452 4864 quibus
1473 4796 1542 4850 sum
1557 4790 1699 4850 admixto
