3420 5378
202 209 275 255 titali
615 190 663 240 titt
682 189 803 241 Ltttttts
823 187 1077 239 ssunuuustttvu

280 378 291 461 (Ι
314 384 332 440 i.
351 383 406 441 98¹
428 377 439 460 Ι(
461 384 497 439 lie
520 400 574 457 qno
598 382 678 439 lloma
701 384 806 456 accepit
836 381 954 437 nornen?
997 381 1033 437 lic
1062 378 1175 436 liomulo
1204 389 1232 435 nt
1259 380 1340 437 Remo
1370 377 1514 456 (rotnuio)

201 469 308 526 dnobus
330 468 476 537 iratribus,
499 470 546 543 qni
569 469 677 525 Romam
701 465 798 539 (roma)
822 464 1049 537 acdiiioauernnt,
1071 475 1099 521 et
1120 475 1199 521 antea
1220 464 1286 521 illita
1303 462 1403 540 (aliana)
1428 467 1514 526 dice·

203 555 281 611 iratur
303 562 331 609 et
353 554 472 627 popnius
496 549 560 627 (os)
584 555 643 609 eius
667 552 761 608 Albani
784 549 952 619 dicebantur,
976 551 1047 607 sicut
1069 550 1181 606 Romani
1204 549 1237 606 de
1260 550 1351 607 lioma.
1389 551 1512 610 ‘doma'

201 641 277 696 cuins
305 638 416 713 linguae
445 635 511 713 lna)
535 638 651 694 dicitnr?
695 638 812 693 Graecae
841 645 869 691 et
897 634 1021 691 ‘uirtus'
1047 635 1257 709 interpretatur,
1288 635 1400 691 liomani
1432 654 1513 696 noro

202 722 331 781 sublimes
354 724 413 779 sine
437 730 562 780 tonantes
585 721 703 793 (sublimi
727 723 750 777 si
774 731 838 778 noto
861 719 967 790 nantes)
994 763 1107 778 ......
1137 719 1289 795 ‘incipiunt
1311 719 1449 779 ielicitcr’
1478 734 1514 782 et

201 808 315 883 reliqua.
361 807 585 882 interrogandum
619 815 676 876 est,
711 806 776 881 quid
810 814 852 862 est
884 806 953 875 lroc,
984 807 1007 860 si
1033 805 1167 879 prologus
1195 804 1239 862 uel
1267 805 1417 880 capitulum
1455 819 1513 865 ant

201 903 391 968 argumentum
415 894 474 949 siue
497 891 630 967 praelatio
653 898 700 946 ant
722 889 849 947 salutatio
873 890 917 947 uel
941 889 1037 947 titulus
1060 889 1119 946 sino
1142 891 1329 965 pronuntiatio
1353 889 1396 946 nei
1423 895 1512 949 testi·

200 981 319 1035 monium
351 979 411 1034 sine
441 978 563 1051 sumptio
587 976 630 1032 nel
652 976 835 1050 consumptio.
880 974 1018 1031 Sermonis
1041 977 1092 1031 itoe
1113 977 1256 1050 proprium
1278 983 1321 1032 est
1342 976 1509 1050 inscriptio,

201 1065 271 1120 sient
293 1063 410 1136 legimns
434 1062 488 1119 ‘est
510 1061 566 1118 ars’
591 1062 651 1118 sine
674 1059 815 1134 inscriptio
838 1067 980 1116 anctorum
1002 1058 1024 1128 †
1046 1076 1101 1117 non
1124 1057 1302 1129 mentitos.*)

280 1227 291 1310 Ι)
311 1233 327 1290 i.
344 1232 384 1290 98
393 1225 408 1265 b
425 1225 436 1308 (Ι
453 1231 558 1290 ‘Partes
581 1230 738 1303 orationis’,
762 1230 831 1286 idest
854 1231 939 1287 totins
961 1229 1130 1303 Latinitatis,
1155 1231 1217 1305 qnia
1240 1231 1331 1287 latina
1354 1232 1449 1301 lingna
1477 1245 1508 1290 et

202 1318 315 1375 uerbum
339 1325 368 1374 et
390 1333 481 1374 sermo
503 1327 530 1374 et
554 1315 671 1390 loquella
694 1315 803 1386 dicitnr,
827 1315 898 1371 sicut
921 1322 1065 1371 sanctus
1088 1314 1311 1373 iiieronitnns
1335 1315 1416 1371 dixit:
1458 1318 1505 1374 Ex

200 1403 308 1460 norbo
332 1404 465 1459 Graeco
489 1403 522 1459 in
546 1401 684 1458 uerbum
707 1399 884 1472 Latinum,
913 1418 950 1457 ox
978 1415 1135 1458 sermone
1158 1400 1285 1457 Graeco
1308 1402 1341 1456 in
1364 1417 1507 1458 sermo-

199 1504 271 1544 nem
295 1487 471 1559 Latinum‚
495 1495 522 1544 et
545 1496 576 1543 nt
598 1481 712 1542 diciturz
749 1484 945 1542 ‘barbarismus
968 1493 1011 1542 est
1033 1485 1060 1541 in
1083 1495 1178 1542 nostra
1200 1485 1332 1559 loquelia'
1357 1485 1507 1559 (loquela).

199 1573 245 1629 Vel
270 1571 379 1646 ‘partes
402 1571 552 1629 orationis'
577 1571 704 1626 idoneum
728 1569 914 1626 testimonium
939 1569 1063 1646 (idonens
1087 1568 1248 1645 testimonii)
1277 1573 1304 1626 in
1331 1588 1387 1644 qno
1410 1575 1507 1628 eonti-

200 1666 300 1714 nentur
316 1650 327 1734 Ι(
344 1657 363 1714 i.
379 1657 435 1714 99·
452 1651 463 1733 (Ι
480 1673 574 1712 omnes
598 1664 690 1730 partes
713 1654 861 1727 orationis,
884 1664 928 1711 ut:
953 1654 1129 1712 ‘Fescennino
1145 1653 1256 1732 (onius)
1275 1656 1319 1712 iile
1340 1655 1407 1712 <tint
1430 1656 1505 1713 luia-

200 1745 268 1799 riter
292 1737 369 1816 (inei-l
392 1740 509 1816 loquens
531 1742 554 1797 si
577 1741 610 1796 ad
633 1757 683 1796 nos
706 1738 794 1796 enax’.

287 1828 360 1896 Quot
381 1835 460 1898 sunt,
490 1844 560 1900 qnae
589 1826 632 1883 nte
659 1826 852 1899 grammaticus
874 1826 1044 1898 interrogat?
1088 1825 1159 1881 ldost
1182 1843 1211 1881 se
1235 1827 1323 1899 ipsum
1346 1826 1505 1898 interrogat

202 1912 350 1969 secundnm
366 1913 560 1984 Augustini
583 1926 751 1967 sermonem:
775 1910 844 1984 Ego
867 1918 900 1967 et
922 1912 1011 1966 ratio
1034 1912 1135 1983 qnasi
1157 1911 1221 1967 duo
1244 1926 1414 1978 essemus,
1432 1928 1502 1985 ogo

201 1999 405 2069 interrogo,
429 1996 521 2052 ratio
544 1996 625 2051 milti
650 1996 840 2069 respondet
861 1994 921 2067 (it,
944 1993 984 2066 cf.
1008 1994 1080 2068 Λα).
1103 1995 1232 2053 Retract.
1256 1994 1361 2067 Icop.
1379 2000 1413 2051 a:
1443 1995 1502 2053 ‘tue

201 2084 376 2154 interrogans
399 2080 520 2155 miliique
543 2079 712 2154 respondens
736 2088 870 2156 tamqnam
886 2081 939 2138 dno
955 2097 1086 2151 essetnns,
1103 2083 1173 2137 ratio
1195 2090 1223 2136 ot
1245 2098 1314 2154 ego,
1337 2098 1397 2136 cnm
1420 2079 1502 2138 solus

201 2165 322 2236 cssem’).
361 2164 454 2232 Qualis
471 2174 568 2238 tropus
584 2159 720 2239 (tropitus)
738 2167 877 2224 inuenitur
899 2168 927 2223 in
949 2166 992 2222 itis
1015 2174 1078 2223 octo
1101 2166 1225 2240 partilms
1255 2166 1406 2222 orationis?
1440 2164 1502 2225 lloc

202 2259 245 2306 est
267 2248 388 2324 dialyton
411 2249 554 2323 (dpaliton)
577 2250 621 2307 uel
644 2252 823 2324 asyntheton,
853 2253 923 2309 idest
950 2251 1032 2308 dictio
1055 2268 1149 2307 carens
1172 2250 1426 2320 coniunctionibus,
1450 2260 1500 2307 ut:

406 2334 455 2391 lto
479 2334 570 2391 ierto
593 2337 664 2392 cite
688 2335 858 2409 flammas,
880 2337 956 2394 date
979 2336 1071 2406 uela,
1094 2335 1261 2409 inpellite
1283 2352 1405 2391 remos.

205 2420 254 2491 (ite
277 2420 323 2476 citi
339 2419 460 2476 dammas
476 2418 545 2475 lerte
560 2420 621 2477 date
639 2421 690 2478 tela
707 2421 828 2495 inpellite
843 2438 945 2491 remos,
968 2421 1050 2493 Vero.
1067 2423 1136 2476 Aen.
1152 2418 1225 2476 ΙΙΙΙ
1238 2418 1314 2491 593).
1345 2420 1500 2490 †liottirali

202 2505 265 2560 milti
282 2520 362 2560 nnam
378 2513 483 2578 partem
500 2505 655 2577 indicatinl,
678 2524 739 2564 nam
762 2507 913 2564 seminalem
937 2515 1021 2563 totam
1046 2507 1142 2562 trinam
1165 2506 1349 2562 continentem
1366 2505 1500 2562 Latinmn.

203 2588 262 2645 ‘nn’
287 2604 356 2664 qnae
377 2606 441 2663 pars
464 2588 596 2646 orationis
619 2592 680 2647 esti
724 2592 893 2666 Praepositio
924 2601 976 2648 est.
1021 2589 1093 2657 Quot
1115 2591 1178 2647 hnic
1200 2589 1397 2665 praepositioni
1420 2597 1499 2646 occi-

201 2676 273 2730 dunt
285 2673 372 2746 (om).
393 2674 571 2749 Componitur
585 2676 655 2749 (eom
670 2676 745 2749 om),
761 2685 791 2733 ui
806 2678 910 2734 deduco
926 2675 996 2750 (di),
1012 2684 1040 2732 ot
1055 2683 1198 2750 separatur
1212 2674 1289 2746 (ns),
1305 2674 1413 2748 qnando
1428 2677 1502 2731 casi-

202 2759 252 2815 bus
275 2760 379 2831 seruit,
403 2761 475 2816 sient
497 2761 696 2834 supradiximus
719 2761 763 2818 ‘de
786 2762 878 2819 domo'
902 2759 946 2818 nel
970 2761 1014 2816 ‘de
1036 2759 1183 2817 domibus'.
1233 2758 1374 2827 Quomodo
1397 2759 1500 2816 dicitnr

201 2845 226 2899 in
251 2844 338 2900 tribus
361 2845 481 2919 linguis?
512 2845 550 2901 lia
574 2848 601 2902 in
624 2846 745 2904 llelrraeo
767 2832 880 2904 dicitnr:
904 2846 1033 2903 ‘madian'
1057 2845 1090 2903 de
1113 2846 1229 2909 iudici03
1251 2835 1310 2899 dard
1332 2846 1359 2899 in
1383 2844 1497 2916 Graeco,

201 2937 231 2985 nt
253 2928 353 2985 dicitur
375 2929 562 3004 apocalypsis,
585 2932 637 2988 hoc
658 2941 699 2988 est
723 2930 854 2989 reuelatio
877 2931 1042 3005 (releuatio).

285 3008 338 3070 ‘ile
360 3015 496 3070 nomine'.
540 3015 601 3072 Sem
629 3017 655 3072 in
683 3015 821 3087 Hebraeo,
850 3017 921 3073 idest
948 3034 1063 3085 nornen,
1093 3016 1135 3071 uei
1165 3016 1323 3069 nominatur
1351 3006 1445 3087 ὄνομα
1469 3016 1497 3070 in

200 3100 318 3170 Graeco,
342 3105 372 3155 nt
395 3098 494 3156 dicitnr
517 3093 550 3156 ἕν
571 3092 693 3176 ὀνόματι
715 3096 832 3175 Κυρίου
856 3097 916 3175 (eno
939 3096 1148 3172 nomaticnyrt),
1172 3099 1243 3154 idest
1266 3095 1313 3171 (id)
1337 3097 1497 3154 innomine

201 3183 311 3238 domini.
357 3183 474 3241 ‘Nomen
505 3195 547 3242 est
576 3204 637 3260 pars
666 3186 799 3242 orationis
828 3202 888 3242 cnm
911 3184 1000 3241 casm'
1045 3182 1133 3250 Quare
1161 3199 1215 3238 non
1248 3180 1315 3237 dnn
1337 3173 1463 3260 [liiiiib
1481 3176 1495 3260 Ι(

201 3266 274 3323 ‘cum
298 3268 439 3342 qualitaie'
463 3280 509 3327 ant
532 3270 654 3343 ‘genere'
678 3271 722 3327 nel
746 3269 894 3326 ‘nurnero’
919 3286 966 3326 sen
990 3266 1119 3341 ‘figura'i
1162 3267 1320 3340 Propterea,
1345 3269 1407 3341 qnia
1430 3268 1499 3324 lraec

201 3355 291 3408 omnia
314 3354 427 3411 uerbum
452 3355 532 3411 inaltet
554 3355 644 3428 (ont).
674 3354 762 3423 Quare
785 3372 838 3410 non
863 3356 928 3410 dinit
951 3354 1023 3410 ‘eunt
1046 3352 1263 3427 conparationo’,
1286 3352 1358 3428 quod
1381 3351 1497 3409 uerbum

201 3438 376 3496 nonhabet?
412 3438 576 3514 Propterea,
601 3441 663 3515 qnia
687 3458 739 3497 non
763 3441 852 3497 omnia
876 3441 984 3495 nomina
1008 3445 1199 3511 conparantur.
1230 3438 1347 3513 ‘Corpus
1362 3445 1409 3494 ant
1425 3436 1495 3492 rem’

200 3531 228 3580 ct
251 3523 364 3599 reliqna.
409 3521 478 3590 nott
501 3525 616 3582 interest
639 3526 710 3582 inter
732 3542 833 3600 eorpus
856 3533 884 3582 ot
906 3525 981 3579 remi
1011 3524 1095 3580 Omna
1117 3541 1218 3598 corpus
1241 3531 1333 3599 potest
1355 3539 1400 3579 res
1422 3539 1495 3593 esse,

201 3635 231 3683 nt
253 3626 352 3683 dicitnr
372 3625 476 3682 caelum
504 3634 577 3682 terra
599 3626 674 3698 (am)
698 3642 783 3696 marm
817 3641 887 3700 quae
913 3625 1042 3682 uidentur
1064 3634 1110 3681 ant
1138 3626 1285 3683 audiuntur
1307 3609 1420 3698 (dntnr)
1447 3632 1496 3680 aut

202 3719 352 3786 tanguntur
373 3719 420 3766 ant
443 3718 600 3784 gustantur,
623 3711 775 3786 corporalia
798 3719 877 3784 sunt,
906 3711 1030 3767 sednon
1054 3711 1143 3768 omnis
1167 3708 1230 3789 (es)
1254 3729 1298 3768 res
1320 3727 1418 3785 corpus
1442 3719 1495 3781 est,
1577 3724 1587 3738 ··

202 3877 428 3889 ..-—--——-—

268 3996 296 4060 *l
315 3997 354 4061 Cf.
374 3997 430 4048 eod.
449 3995 559 4051 Eiasidi.
579 3999 629 4048 172
647 4013 715 4049 saec.
736 3996 762 4047 X
782 3998 878 4062 popina
899 3997 999 4047 ultimo:
1034 3996 1089 4047 Hoc
1115 3997 1185 4059 qnod
1211 3998 1236 4046 in
1264 3996 1348 4062 eapite
1374 3994 1495 4045 librorum

200 4067 317 4115 scribitur
350 4065 460 4115 diuersis
480 4067 627 4116 nominibus
646 4081 661 4115 a
678 4065 866 4115 doctoribus
884 4065 1035 4131 appellatur.
1065 4064 1161 4114 Dicitur
1173 4066 1239 4114 enim
1252 4064 1392 4130 capitulus,
1406 4064 1497 4112 dicitnr

200 4134 296 4193 titulus,
315 4104 408 4184 dicitur
426 4131 537 4196 elencns,
556 4134 648 4184 dieitur
666 4133 805 4199 prologus,
825 4133 917 4183 dicitnr
935 4133 1062 4199 preiocio,
1081 4135 1173 4184 dicitnr
1191 4143 1384 4197 argtnnentnm,
1403 4130 1496 4181 dicitnr
1593 4174 1598 4181 .

219 4203 360 4252 rooemium
382 4201 550 4266 (proemium)
573 4203 665 4252 dieitur
687 4201 775 4250 clanis.
812 4200 942 4267 Capitulus
966 4201 1058 4251 dicitnr
1082 4217 1113 4251 eo
1137 4202 1205 4263 ‹ptod
1228 4202 1253 4249 in
1277 4201 1360 4266 cupite
1383 4200 1498 4265 ponitur.

200 4218 300 4319 litoius
319 4284 334 4318 o
352 4270 441 4318 Titane
459 4270 485 4317 ·i·
503 4284 517 4317 o
535 4269 599 4336 sole,
618 4270 680 4332 qnia
697 4269 763 4318 sicut
781 4269 818 4319 sol
838 4271 922 4319 oriens
941 4285 989 4319 sun
1007 4271 1134 4334 presentia
1152 4269 1275 4318 mundum
1294 4267 1441 4327 inluminat,
1460 4267 1494 4316 itn

199 4349 224 4387 et
241 4337 329 4387 titulns
348 4337 480 4399 sequentia
498 4336 619 4387 librorum
638 4337 796 4393 monifestat:
815 4353 873 4386 nam
891 4339 913 4387 si
927 4337 1025 4386 titnlnm
1038 4338 1182 4396 abstulerim
1195 4336 1308 4398 quodum
1319 4336 1396 4386 modo
1409 4345 1495 4384 mutus

200 4417 238 4455 est
264 4405 334 4458 liber.
369 4404 430 4454 Inde
457 4405 584 4467 quidum
613 4408 642 4455 in
671 4405 813 4470 epistola
841 4421 887 4456 sun
914 4407 947 4454 nd
968 4405 1117 4455 familiarem
1142 4419 1216 4452 sunm
1243 4404 1321 4452 dixit:
1357 4403 1496 4453 Titnlnm

199 4474 317 4524 ironiis
337 4472 430 4522 orode
448 4472 543 4530 hunc,
562 4487 645 4524 muta
665 4474 703 4523 iia
720 4475 847 4540 pagina.
885 4473 1009 4524 Holencns
1033 4475 1109 4523 etiam
1132 4472 1256 4522 dicituro
1275 4487 1351 4536 greco
1370 4473 1498 4537 quoderat
1553 4532 1556 4537 ,

199 4541 262 4591 dios
282 4543 305 4590 ·i·
325 4539 363 4589 soi
379 4578 493 4593 ......
518 4542 610 4594 Cetera
627 4546 676 4594 iam
694 4545 744 4608 depr·
761 4549 892 4610 nequeunt.
929 4542 1076 4603 Quibuscum
1093 4542 1155 4589 mire
1174 4543 1346 4607 consentiunt,
1373 4556 1439 4610 quae
1502 4570 1507 4577 ·
1533 4554 1536 4559 '

201 4611 305 4723 ssemipii
329 4613 506 4660 coarmantur-to
533 4612 559 4661 in
586 4612 682 4664 Donati
708 4619 788 4662 artem
815 4613 933 4661 minorem
958 4610 1054 4673 publici
1074 4610 1136 4657 iuris
1152 4607 1215 4671 fecit
1235 4609 1271 4663 tt.
1290 4610 1388 4662 It'er'liuo
1421 4672 1424 4679 Ι

211 4681 307 4741 srittnp.
327 4679 393 4727 1868
408 4694 436 4742 p.
455 4682 497 4729 24.
1435 4676 1443 4691 ’“
