3420 5378
570 266 645 319 CVM
666 266 867 318 bxcuaurls
885 267 1058 319 INEDI'I‘IS.
1296 278 1455 327 CCXXXIII

163 474 221 603 im
243 455 343 527 breui,
368 464 397 516 et
418 455 469 516 nbi
492 474 614 517 necesse
637 464 693 526 est,
724 454 849 518 babetur
876 455 1050 536 prolonga.
1095 454 1135 516 ba
1159 454 1210 527 ubi
1234 455 1379 535 accipitur
1402 473 1456 535 pro

174 560 261 621 nuga·
538 627 610 687 lloc
635 635 728 695 eret,
753 627 846 688 alma
869 645 1017 706 parens.

163 712 208 774 na
230 712 282 774 ubi
305 714 342 773 sit
365 711 475 773 breuis.

135 810 151 851 a
336 796 442 858 Setos
464 795 527 858 bic
550 795 703 857 inflexit
725 815 861 858 sensus
883 797 1081 858 Brauionis
1103 795 1143 856 ad
1167 814 1297 856 amnes.

251 965 393 1028 Dicebant
414 973 498 1027 antea
522 972 648 1035 cauteres,
673 966 750 1048 quod
774 975 844 1028 tunc
868 974 945 1028 esset
968 986 1053 1047 asper
1076 967 1206 1047 spiritus,
1231 966 1349 1043 quando
1365 985 1455 1026 unum

164 1054 257 1113 semis
279 1060 331 1113 aut
353 1052 411 1112 duo
433 1056 523 1113 semis
546 1062 595 1113 ant
617 1053 671 1113 tria
696 1062 828 1133 tempora
851 1053 1038 1121 habuissent:
1062 1051 1178 1132 eluendo
1202 1069 1273 1111 uero
1292 1069 1384 1112 unum
1408 1058 1459 1111 aut

164 1138 225 1199 duo
252 1144 386 1218 tempora
416 1137 605 1204 habuissent,
636 1147 706 1198 tuno
735 1147 813 1199 esset
839 1137 914 1197 ienis
941 1138 1071 1217 spiritus.
1117 1136 1288 1207 Quomodo?
1332 1137 1403 1196 Puta
1433 1138 1457 1196 si

165 1222 260 1283 dicam
290 1225 364 1290 ‘et’,
395 1224 451 1282 boc
479 1241 617 1283 sermono
646 1223 784 1284 dicebant
812 1231 930 1284 ueteres
957 1220 1037 1283 idam
1067 1222 1198 1283 uocatem
1227 1240 1317 1281 unum
1342 1231 1458 1301 tempus

127 1306 295 1378 ¹⁰babere,
324 1307 402 1369 iliam
432 1317 644 1368 consonantem
675 1328 747 1369 uero
777 1308 905 1369 medium
929 1319 957 1368 et
981 1317 1050 1368 tuno
1072 1306 1209 1368 dicebant
1232 1326 1296 1368 osse
1318 1323 1457 1386 asperum

165 1394 314 1473 spiritum.
360 1392 513 1464 Quomodo
537 1394 643 1453 dicitur
666 1395 788 1471 spiritus
813 1412 876 1455 esse
899 1393 992 1455 leuis?
1035 1392 1107 1454 Puta
1136 1394 1160 1451 si
1184 1392 1278 1452 dicam
1302 1394 1389 1453 ‘ars’:
1413 1392 1457 1452 di·

166 1476 275 1538 cebant
297 1476 376 1538 itiam
400 1477 532 1540 uocalem
558 1497 646 1538 tinum
665 1488 782 1558 tempus
797 1477 907 1539 babere
931 1489 960 1539 et
976 1476 1041 1539 illas
1056 1479 1129 1538 duas
1144 1486 1338 1538 consonantes
1355 1495 1456 1544 unnim,

168 1572 197 1624 et
220 1571 290 1623 tunc
313 1562 541 1624 dicebaut·cssc
564 1561 660 1624 Ionem
684 1566 839 1643 spiritum,
862 1563 912 1623 sed
937 1582 995 1624 non
1019 1571 1063 1624 cst
1086 1566 1134 1633 ita,
1159 1565 1217 1624 nisi
1240 1561 1326 1640 ionga
1349 1561 1457 1643 syllaba

166 1648 226 1710 duo
248 1656 382 1727 tempora
405 1648 504 1717 babet,
529 1647 629 1709 breuis
652 1667 752 1709 tinum.

651 1885 699 1947 DE
728 1886 968 1948 accunntnvs.

251 2053 263 2136 11
279 2056 298 2116 t.
314 2051 377 2116 58b
394 2053 406 2137 ΙΙ
429 2056 572 2117 Iiiseredo
600 2059 764 2135 corrumpit
791 2056 920 2136 regulam
951 2066 1137 2117 accentuum.
1175 2057 1348 2129 Quomodo?
1385 2057 1457 2118 Puta

166 2142 191 2201 si
214 2141 309 2201 dicam
333 2144 433 2220 ‘pone’
458 2150 487 2200 et
509 2141 616 2218 ‘ergn’.
662 2141 740 2202 Inter
762 2146 862 2222 ‘pono’
888 2150 917 2202 et
939 2144 1038 2221 ‘pom’
1063 2141 1255 2218 quiddistati
1300 2144 1332 2203 Si
1354 2141 1458 2203 dixero
1518 2208 1521 2213 ,

166 2226 268 2304 ‘petto'
293 2234 323 2285 et
344 2225 525 2304 paenultimo
542 2224 605 2285 ioco
623 2226 759 2288 babuerit
774 2236 942 2297 accentum,
968 2229 1024 2287 enit
1039 2227 1163 2288 uerbum
1181 2228 1350 2304 Imponatiui
1366 2226 1474 2287 modi.-

167 2310 207 2371 Da
231 2311 294 2371 eius
319 2309 496 2389 exemplum.

127 2407 154 2447 2⁰
335 2395 431 2456 Pone
454 2394 716 2475 superciIIum,
740 2398 769 2456 si
793 2403 826 2457 te
848 2398 1047 2477 cognoscis
1070 2398 1239 2457 nauticum.

166 2479 239 2541 Nam
263 2481 287 2540 si
311 2479 412 2540 ultimo
435 2480 499 2541 ioco
523 2480 659 2542 babuerit
683 2489 837 2543 accentum
862 2490 891 2541 et
913 2482 1103 2544 subsecutum
1128 2482 1218 2542 fucrit
1241 2499 1348 2543 nomen
1372 2492 1459 2541 acco*

112 2572 115 2577 ’
167 2567 254 2627 setini
277 2583 371 2631 casus.
396 2568 452 2626 erit
475 2569 665 2645 praepositio.
713 2567 752 2628 na
776 2571 841 2629 eius
864 2567 1039 2648 exemplum.

336 2650 433 2711 Pone
456 2652 555 2712 iaces
577 2652 708 2711 caudis
731 2653 988 2731 cincundIgat‚
1011 2655 1048 2712 in
1070 2661 1147 2713 sata
1170 2653 1295 2712 mittit.

167 2736 200 2798 si
223 2733 350 2796 uerbum
373 2734 563 2796 subsecutum
586 2736 677 2796 inerit
698 2746 728 2797 et
750 2740 780 2797 in
803 2740 866 2818 ipsa
890 2737 991 2798 ultima
1014 2736 1123 2817 syllaba
1140 2737 1277 2797 babuerit
1294 2744 1458 2806 accentum,
1546 2770 1551 2777 ·

128 2821 226 2882 ²⁵crit
247 2819 423 2881 aduerbnnn
447 2820 512 2889 Ioci,
538 2821 614 2900 quod
637 2822 782 2900 signiticat
805 2826 908 2883 ‘notro’
933 2826 1044 2903 ‘pone’.
1089 2823 1131 2882 Da
1155 2826 1218 2882 eius
1241 2819 1417 2901 exemplum.

336 2921 436 2983 Pone
458 2922 559 2983 subit
581 2924 732 2993 coniux,
758 2925 917 2986 terimur
939 2943 1006 3003 pen
1028 2942 1140 3003 opaca
1164 2922 1339 2984 locorum.

166 3096 216 3103 ...-
232 3094 393 3103 ---——..

201 3208 427 3246 uxultlwvmm.

166 3301 218 3358 pro
249 3282 336 3341 breui.
386 3286 418 3341 ba
449 3285 495 3342 ubi
523 3287 559 3340 sit
587 3285 678 3358 longa,
723 3284 792 3341 ‘Iioo
814 3294 878 3343 crat
906 3285 976 3341 alma
1004 3285 1124 3359 parens?
1167 3287 1201 3341 ba
1231 3286 1322 3343 Iurene.
1367 3284 1460 3344 ‘Solus

166 3370 211 3426 hic
233 3368 337 3425 iodcait
359 3369 491 3427 sensum?
737 3359 744 3373 '

252 3453 271 3511 6
292 3454 425 3511 Iulianus
435 3472 468 3526 p.
488 3460 536 3511 13.-
560 3455 686 3511 QIccbant
701 3467 821 3526 ueteres,
844 3456 917 3528 quod
934 3463 998 3512 tunc
1013 3464 1086 3511 esset
1102 3473 1182 3529 asper
1197 3457 1328 3530 spiritus,
1352 3458 1459 3530 quando

166 3556 250 3597 unum
279 3538 379 3609 semis,
408 3547 454 3594 aut
482 3542 551 3595 duos
581 3543 661 3596 semis
684 3549 729 3596 aut
754 3543 802 3597 tria
828 3549 950 3614 tempora
975 3540 1126 3605 tnonuseu
1156 3541 1263 3614 quando
1287 3559 1353 3597 uero
1377 3559 1459 3596 unum

166 3633 214 3680 aut
243 3625 296 3680 duo
326 3625 566 3699 temperando,
590 3634 654 3681 tuuc
676 3635 717 3681 est
742 3626 811 3681 lenis
834 3627 956 3698 spicitus.
1001 3624 1160 3692 Quomodo?
1184 3626 1216 3680 Vt
1239 3634 1303 3700 pota
1327 3627 1350 3681 si
1374 3626 1458 3682 dIcam

166 3706 234 3765 ‘et':
264 3711 289 3764 In
320 3709 372 3766 boc
401 3726 590 3765 sermono-
614 3719 720 3784 tempus
749 3711 870 3780 natum,-
893 3720 1084 3767 consonantem
1109 3728 1175 3767 uero
1199 3712 1314 3766 medium
1338 3720 1365 3767 ot
1395 3720 1460 3767 tunc

166 3809 292 3868 asperum
316 3795 441 3866 spiritum
465 3812 526 3851 esse
548 3794 682 3852 dicebant.
727 3796 839 3865 Quando
862 3797 961 3853 dIcitur
984 3796 1098 3869 spiritus
1121 3813 1181 3852 esso
1209 3796 1295 3851 lenis?
1340 3796 1372 3851 Vt
1395 3805 1458 3870 puta

165 3880 189 3934 si
207 3877 291 3935 dIcam
309 3876 393 3934 ‘ars':
416 3878 540 3937 dicebant
564 3880 634 3937 iilam
659 3881 781 3937 uocalem
803 3881 902 3942 liubere
926 3898 1008 3937 unum
1033 3889 1149 3954 tompus,
1173 3891 1200 3937 ot
1222 3881 1281 3937 illas
1306 3880 1372 3937 etuas
1395 3897 1460 3938 oon·

166 3972 297 4020 sonantes
328 3980 425 4035 unum,
449 3974 476 4020 et
499 3974 564 4022 tuuc
587 3975 629 4020 est
650 3965 719 4021 lonis
743 3967 865 4039 spicitus.
910 3965 961 4022 Sed
984 3982 1037 4022 non
1062 3976 1104 4022 est
1127 3969 1163 4022 ita
1186 3997 1227 4006 -
1249 3964 1341 4023 breuis
1365 3983 1458 4022 unum.

254 4048 292 4106 16
314 4050 447 4105 Iulianus
468 4068 497 4120 p.
518 4054 571 4105 58.-
594 4050 735 4119 Quomodo
760 4051 904 4106 discrctio?
942 4051 1016 4106 Siout
1039 4069 1109 4124 pono
1133 4061 1159 4107 ct
1182 4069 1256 4124 crgo.
1294 4051 1460 4125 Interpone

167 4142 194 4188 ct
216 4149 284 4207 crgo
308 4133 372 4206 quid
395 4135 495 4190 distat?
533 4136 559 4190 st
583 4135 674 4191 etitem
697 4133 779 4208 pone,
802 4143 829 4190 et
852 4134 1003 4208 pennItImo
1026 4166 1066 4174 -
1090 4153 1149 4191 nam
1173 4138 1196 4191 si
1220 4135 1315 4191 utumo
1339 4135 1410 4206 Ioco,
1433 4145 1461 4192 ct

166 4217 341 4275 subsecutum
365 4219 448 4275 fuerit
472 4251 509 4259 —
534 4222 555 4275 si
579 4219 692 4275 uerlnnn
716 4220 891 4275 subsecutum
915 4220 1014 4291 iacuit,
1038 4223 1089 4276 erit
1111 4220 1268 4277 aiiuerbium
1293 4221 1363 4291 ioci,
1387 4221 1459 4295 quod

166 4302 303 4377 sIgniIicat
325 4313 408 4360 retro.
454 4304 486 4359 ita
511 4307 569 4360 cius
592 4305 751 4378 enotnpium.
797 4304 880 4360 ‘Pouo
902 4335 943 4344 -
967 4323 1050 4378 opaca
1073 4303 1217 4362 locorum?

167 4568 279 4605 comem
298 4569 453 4605 saonensis
471 4557 520 4606 207
538 4568 684 4605 vomens.

236 4641 343 4689 lbreue
394 4638 492 4705 3Hoe]
518 4641 595 4705 Vero.
610 4642 674 4690 Aen.
693 4640 729 4690 II
740 4643 789 4689 dot
823 4641 925 4689 niunana
944 4654 1036 4704 [oeneus
1089 4641 1215 4692 obicem.
1270 4643 1300 4690 18
1320 4642 1459 4706 penultimo

165 4710 200 4760 20
217 4707 287 4757 Pone
303 4705 478 4773 supercilium]
502 4709 599 4758 Sedutii
619 4710 705 4773 praef.
727 4712 752 4757 in
774 4725 816 4774 op.
839 4710 928 4774 paccd.
951 4727 974 4759 u.
995 4712 1012 4760 3
1031 4717 1088 4759 tom.
1111 4709 1152 4757 VI
1174 4726 1200 4773 p.
1220 4711 1269 4757 1159
1289 4711 1310 4758 (ι’
1332 4711 1374 4759 cd.
1393 4709 1458 4762 Ben.

166 4778 200 4827 ‘23
217 4776 286 4826 Pone
304 4774 383 4843 Iaces]
406 4777 540 4827 Prodentii
556 4778 693 4827 ene-detriti.
713 4795 736 4827 u.
757 4781 788 4827 70
856 4779 889 4828 26
906 4778 976 4829 Pone
995 4774 1076 4843 subit]
1100 4778 1179 4842 Vero.
1198 4778 1265 4828 Aen.
1284 4777 1320 4829 II
1338 4781 1387 4829 725
