3420 5378
199 315 261 380 286
592 315 870 374 DIFFERENTIAE
888 314 1101 383 SERMQNVM.

284 503 366 563 lnter
387 500 500 582 pullum
523 510 553 563 et
576 505 694 580 nigrum
717 501 774 563 hoc
802 503 941 569 interest,
970 501 1050 580 quod
1078 501 1190 582 pullum
1219 499 1290 561 albo
1318 502 1499 563 contrarium

201 613 260 673 est,
285 605 402 682 nigrum
425 601 525 663 colore
549 604 718 682 accipimus,

285 707 365 767 luter
386 711 470 783 putat
492 711 521 764 et
544 705 706 774 existimat,
735 703 872 780 opinatur
901 702 1064 765 arbitratur
1092 706 1261 784 suspicatur
1284 703 1343 765 boc
1365 698 1498 774 interest,

200 807 277 888 quod
302 814 399 886 putat,
422 805 474 882 qui
496 803 628 872 dubitat,
652 806 815 875 existimat,
839 805 891 883 qui
914 802 978 884 †cr
1000 813 1117 866 maturo
1140 822 1215 882 quae
1237 814 1303 866 acta
1327 814 1399 868 sunt
1420 806 1498 875 dicit,

201 911 348 988 opinatur,
372 907 422 986 qui
445 906 578 984 opinioni
602 915 651 966 aut
674 923 745 966 suae
769 915 819 965 aut
840 905 962 966 alterius
985 903 1096 976 credit,
1119 904 1293 976 arbitratur,
1316 909 1371 984 qui
1394 907 1522 970 dubiaes

202 1012 245 1069 rei
268 1010 357 1069 linem
379 1008 509 1086 inponit,
533 1008 709 1085 suspicatur,
733 1008 783 1087 qui
806 1006 926 1067 latentis
948 1008 993 1067 rei
1015 1008 1160 1087 prospicit
1180 1008 1317 1068 termam.

287 1110 366 1169 luter
389 1107 549 1187 prohibere
573 1116 602 1169 ct
625 1107 761 1168 inhibere
783 1107 840 1167 hoc
862 1108 1003 1178 interest,
1033 1108 1110 1187 quod
1140 1107 1305 1188 prohibere
1335 1117 1383 1168 cst
1409 1127 1498 1188 porro

201 1210 322 1279 habore,
346 1208 481 1270 inhibere
505 1208 664 1278 nidicitur,
689 1219 719 1269 et
741 1209 819 1287 quod
843 1207 1035 1287 prohibemus
1057 1211 1138 1279 iure,
1162 1208 1336 1270 inhibemus
1361 1211 1496 1290 imperio.

288 1312 367 1371 lntcr
390 1319 536 1371 ostentum
560 1319 589 1370 et
612 1308 779 1388 prodigium
802 1317 832 1369 et
854 1317 1018 1370 monstrum
1041 1310 1098 1371 hoc
1119 1311 1260 1382 interest,
1291 1311 1375 1388 quod
1398 1319 1496 1372 osteo·

202 1423 264 1474 tum
286 1413 351 1472 sinc
373 1428 500 1491 corpore
521 1409 616 1471 solido
639 1409 724 1470 nohis
746 1429 779 1470 se
802 1410 930 1471 ostendit
952 1412 983 1469 in
1001 1410 1093 1470 oculis
1115 1421 1143 1471 et
1164 1410 1302 1482 auribus,
1327 1411 1496 1491 prodigium
1507 1430 1528 1467 n

203 1532 290 1585 uero,
314 1512 393 1593 quod
416 1511 517 1572 solidis
540 1511 715 1592 corporibus
738 1513 926 1592 prospicitur,
950 1520 983 1572 ut
1005 1513 1036 1571 in
1058 1509 1140 1572 caelo
1163 1520 1294 1573 cometes
1316 1509 1405 1573 stella
1420 1521 1451 1574 et
1467 1515 1495 1573 in

203 1623 289 1676 nocte
313 1614 376 1684 tur,
407 1615 436 1673 in
460 1612 507 1672 die
530 1612 684 1680 tenchrae:
715 1622 880 1674 monstrum
903 1631 975 1673 nero
1004 1620 1141 1672 naturam
1162 1615 1311 1689 cognitam
1335 1613 1494 1692 egreditur,

204 1724 235 1776 ut
256 1732 381 1795 serpens
403 1733 470 1775 curn
493 1713 618 1792 pedibus
641 1721 690 1774 aut
712 1732 779 1774 curn
803 1722 941 1793 quattuor
964 1714 1028 1774 alis.

286 1817 367 1877 luter
394 1817 579 1882 conticuere,
608 1813 775 1882 obticuere,
804 1816 952 1875 reticuere
975 1813 1031 1875 hoc
1053 1816 1189 1890 interest,
1218 1815 1300 1897 quod
1328 1819 1380 1896 (pri
1404 1819 1495 1878 conti·

202 1923 278 1987 cuit,
302 1917 431 1997 nudique
446 1915 594 1977 silentium
611 1917 766 1995 praestitit,
785 1922 816 1976 ut
831 1917 958 1995 antiqui:
982 1917 1186 1977 ‘conticuit
1209 1915 1359 1977 tandem
1383 1920 1525 1980 lacto-n

203 2038 271 2098 que
290 2001 358 2079 'liic
387 2019 462 2078 line
491 2018 659 2096 quieuit’
704 2016 848 2086 Obticuit,
877 2019 929 2096 qui
957 2015 1067 2078 nullam
1096 2025 1180 2097 spem
1203 2018 1346 2097 loquendi
1369 2019 1493 2097 reliquit

203 2121 337 2189 reticuit,
362 2121 412 2197 qui
435 2119 553 2180 silentio
576 2136 718 2197 responsa
741 2117 845 2178 liniuit.

288 2222 367 2281 luter
395 2219 585 2299 sepulchrum
609 2218 755 2280 tumulum
777 2226 1001 2279 monumentum
1026 2217 1144 2280 bustum
1173 2219 1230 2281 hoc
1251 2221 1396 2298 interest,
1419 2222 1493 2303 quod

203 2321 395 2403 sepulchrum
427 2319 524 2388 locus,
558 2323 588 2380 in
621 2337 680 2400 quo
708 2336 834 2399 corpora
862 2321 1045 2399 sepeliuntur
1074 2328 1103 2380 ct
1130 2339 1145 2379 a
1173 2320 1349 2400 sepeliendo
1379 2321 1493 2392 dicitur,

204 2422 351 2492 tumulus,
378 2423 429 2502 qui
457 2423 573 2482 cineres
601 2422 687 2499 tegit,
722 2429 961 2489 monumentum,
990 2419 1067 2501 quod
1095 2421 1255 2500 sepulchro
1284 2423 1525 2495 circumdaturos

203 2526 314 2587 dictum
338 2543 353 2584 a
377 2521 601 2593 monitionibus,
626 2520 761 2590 bustum,
784 2524 814 2582 in
837 2541 895 2602 quo
918 2540 983 2583 ossa
1005 2530 1089 2590 sunt,
1112 2524 1195 2603 quasi
1217 2522 1308 2585 ‘bene
1331 2531 1454 2587 ustum'.

287 2627 367 2687 lnter
397 2633 474 2684 astra
504 2632 532 2682 et
558 2623 654 2684 sidera
683 2623 740 2684 hoc
766 2625 905 2692 interest,
940 2622 1019 2700 quod
1052 2630 1131 2684 astra
1158 2625 1224 2685 siue
1254 2624 1407 2688 sideribus
1434 2645 1493 2688 esse

204 2735 341 2807 possunt,
366 2725 463 2787 sidera
486 2726 550 2785 sine
573 2726 661 2785 astris
685 2742 743 2784 noo
766 2731 899 2803 possunt,
922 2726 989 2803 quia
1011 2732 1090 2785 astra
1113 2724 1169 2785 lixa
1191 2735 1261 2786 sunt
1283 2729 1381 2803 caelo,
1402 2722 1495 2790 side‘rr

203 2839 373 2892 mouentur.

288 2931 367 2991 lntcr
390 2929 528 3006 deripere
551 2935 579 2988 et
601 2926 731 3006 diripere
747 2926 803 2986 hoc
818 2929 959 2997 interest,
983 2926 1062 3007 quod
1079 2928 1230 3008 deripere,
1254 2947 1323 2990 cum
1346 2949 1390 2992 ex
1411 2943 1525 3011 supe-²⁵

205 3034 284 3092 riore
307 3042 389 3107 parte
413 3033 443 3091 in
466 3031 640 3089 interiorem
664 3026 991 3107 rapimus,⁰diripimus
1013 3036 1128 3098 autem,
1152 3048 1220 3090 eum
1245 3031 1395 3094 laniamus
1417 3043 1446 3095 et
1466 3035 1494 3094 in

204 3132 339 3192 diuersas
360 3129 655 3218 partcs'diducimus.

290 3234 369 3293 luter
385 3250 503 3293 causam
520 3240 549 3292 ct
564 3233 708 3292 rationem
726 3230 782 3291 hoc
798 3233 930 3301 interest,
947 3230 1026 3310 quod
1042 3249 1128 3292 causa
1143 3232 1249 3294 multas
1265 3233 1358 3295 habet
1373 3238 1495 3316 species,

204 3335 279 3394 ratio
302 3329 554 3416 paumssimasttt
573 3329 648 3394 115·
665 3329 677 3414 ΙΙ
694 3340 723 3392 ct
744 3330 823 3410 quod
846 3335 923 3393 ratio
947 3332 1082 3402 clitoitur,
1105 3352 1193 3395 causa
1216 3333 1416 3399 desideratur.

207 3504 429 3511 .—-—-—-

272 3621 402 3686 lputlnm
422 3647 453 3655 —
470 3620 611 3685 accipimus
631 3621 804 3683 Gotbosredos
820 3637 847 3686 p.
867 3623 919 3671 103
987 3620 1160 3670 3cxestimat
1210 3622 1300 3671 iterest
1370 3626 1496 3675 texend-

203 3701 255 3740 mot
272 3691 317 3751 qui
335 3704 368 3737 ex
387 3700 512 3750 mauu·oq;
531 3699 621 3737 exucta
638 3699 706 3738 sinn.
743 3689 796 3738 Pro
814 3703 846 3737 cx
865 3698 963 3736 maturo
981 3688 1096 3750 fortasse
1119 3688 1309 3739 existimatione
1329 3693 1496 3744 scribenda

203 3761 218 3809 5
238 3757 359 3822 opinione
377 3767 421 3804 ont
438 3770 491 3804 suae
560 3757 630 3818 quod
647 3757 731 3805 dubius
750 3766 823 3820 putet
839 3757 883 3818 qui
901 3754 1000 3804 dubitat
1017 3756 1146 3804 existimet
1163 3757 1207 3818 qni
1225 3771 1257 3805 ex
1276 3757 1417 3810 immaturo
1434 3776 1496 3824 quae

203 3836 259 3874 ncta
277 3835 338 3873 suut
354 3849 386 3859 —
406 3823 514 3887 inponit,
533 3824 678 3887 suspicatur
696 3824 740 3885 qui
759 3823 875 3872 latentem
894 3823 930 3871 rei
949 3824 1073 3887 prospicit
1090 3822 1196 3872 sormam
1211 3825 1388 3884 Gotbcsredns
1398 3845 1426 3893 ρ.
1438 3831 1495 3890 103,

203 3895 237 3956 cf.
255 3893 331 3955 Reiff.
349 3908 377 3956 p.
395 3892 447 3940 287
514 3893 594 3957 ipro
613 3891 705 3939 habere
773 3890 923 3940 8inl1iberc
941 3890 974 3937 lll
991 3891 1083 3943 dicitur
1135 3892 1256 3941 inibimus
1310 3895 1449 3958 prohibere
1465 3921 1497 3931 -

203 3960 317 4009 inhibere
335 3961 434 4008 uidetur
452 3959 521 4020 quod
538 3984 571 3993 —
589 3959 699 4022 imperio
717 3958 889 4020 Gothosrerins
905 3974 931 4022 p.
943 3959 1003 4021 103,
1022 3958 1056 4019 ef.
1067 3959 1142 4024 Reiff.
1159 3976 1187 4023 p.
1199 3962 1250 4010 287
1321 3964 1355 4012 10
1373 3964 1400 4011 in
1419 3963 1496 4012 oculis

203 4028 307 4076 nuribus
377 4029 407 4075 11
427 4026 525 4075 comitis
595 4028 626 4074 12
645 4026 745 4075 tenebre
791 4027 921 4089 cognitum
935 4036 1060 4073 ostentum
1079 4029 1135 4076 sine
1146 4041 1254 4091 corpore
1266 4029 1381 4077 solidum
1395 4031 1496 4080 nouisse

204 4104 314 4145 ostentat
332 4104 356 4142 et
374 4094 453 4143 oculis
472 4107 496 4142 et
513 4094 617 4143 crinibus
635 4119 668 4128 —
686 4094 711 4141 in
729 4092 799 4142 coelo
817 4093 916 4141 comitis
935 4092 1009 4142 stello
1028 4118 1060 4127 -
1078 4095 1188 4144 interdiu
1205 4094 1332 4157 tenebrae,
1353 4107 1496 4148 monstrum

205 4178 264 4212 uero
283 4173 371 4210 contro
389 4173 505 4210 naturam
522 4161 752 4225 cognitum-alis
772 4160 944 4221 Gothosredus
960 4177 988 4224 p.
999 4163 1060 4223 103,
1079 4162 1113 4223 cf.
1132 4162 1206 4226 lieiff.
1223 4178 1250 4225 p.
1260 4165 1314 4212 231
1387 4167 1420 4216 lo
1436 4180 1497 4215 con-

204 4226 286 4295 ticuit]
311 4229 388 4293 Verp.
406 4230 473 4279 Aen.
490 4228 544 4278 III
561 4231 610 4279 718
661 4227 907 4289 tractemundum
979 4229 1010 4276 16
1028 4228 1131 4290 loqoedi
1211 4231 1243 4279 11
1262 4231 1308 4293 qui
1325 4235 1449 4283 conticuit
1466 4259 1497 4268 -

203 4298 289 4346 lininit
308 4296 522 4360 Gothosreduep.
542 4297 593 4344 103
663 4298 694 4348 18
712 4296 873 4360 sepulchrum
961 4297 992 4344 tc
1009 4297 1166 4360 sepeliuntur
1183 4310 1227 4345 eur
1243 4296 1398 4362 sepeliendo
1466 4302 1498 4350 20

203 4367 246 4427 qni
266 4366 407 4413 occineres
426 4365 502 4428 tergit
568 4365 599 4412 21
618 4378 694 4425 quom
713 4364 736 4412 si
788 4362 951 4427 sepulchrum
969 4364 1374 4428 -sepelinnturasepeliendo
1394 4394 1427 4403 -
1444 4383 1486 4417 mo

203 4434 342 4482 nimentum
360 4432 429 4493 quod
447 4430 608 4496 sepulchrum
631 4431 853 4480 circumdatur-
871 4440 954 4479 ustum
975 4430 1146 4493 Gotbofredus
1162 4448 1190 4496 p.
1207 4434 1259 4482 103
1365 4436 1400 4484 22
1423 4451 1499 4498 quam

202 4512 271 4550 nstra
323 4510 391 4548 astra
409 4500 465 4548 siue
482 4499 574 4562 sydera
592 4514 650 4548 esse
668 4508 777 4563 possunt
795 4498 854 4559 quio
872 4508 941 4547 nstro
958 4497 1009 4546 fixa
1023 4524 1056 4533 -
1069 4511 1202 4548 mouentur
1221 4499 1500 4567 Gothofredusp.108

202 4571 235 4618 25
253 4582 310 4616 cum
329 4567 462 4631 superiore
530 4567 563 4617 20
580 4566 715 4631 diripimus
733 4569 749 4618 li
818 4566 851 4614 21
869 4565 1017 4614 deducimus
1071 4567 1136 4615 luter
1152 4567 1263 4632 diripere
1275 4579 1302 4617 et
1313 4569 1436 4636 deripere
1453 4573 1500 4620 hoc

203 4637 319 4699 interest,
343 4636 412 4696 qnod
435 4636 583 4699 diripimus,
607 4649 663 4682 cum
686 4649 718 4683 ex
740 4633 874 4698 superiore
892 4645 1013 4697 porte-
1032 4634 1172 4699 deripimus
1190 4647 1274 4684 autem
1292 4663 1327 4672 -
1345 4638 1500 4689 deducimus

204 4704 375 4765 Gothofredns
391 4719 418 4766 p.
430 4704 480 4751 103
548 4704 581 4752 28
600 4699 745 4752 intermisti
795 4701 891 4766 species
937 4702 970 4750 29
982 4701 1148 4751 desideratur.
1166 4716 1240 4753 arcus
1259 4703 1355 4755 dicitur
1373 4708 1411 4758 ite
1430 4709 1501 4769 titud,

203 4771 238 4834 cf.
257 4773 387 4834 sequentia
438 4785 515 4818 cousn
534 4795 567 4804 -
584 4770 743 4819 desideratur
762 4769 933 4831 Gotbofredns
949 4784 976 4833 p.
998 4771 1046 4818 101
