3466 5422
637 338 864 392 rmsctennt.
1268 353 1399 402 cnmx

189 529 240 587 Ati
265 547 294 607 p.
321 523 398 598 165,
425 525 463 587 12
485 546 563 607 seq:
598 526 758 589 Cinxendix
786 528 874 589 tubae
907 527 1039 588 custodie
1067 530 1151 608 quasi
1186 526 1399 589 celoxendixe

104 627 199 690 uerbo
226 626 294 690 kalo
321 627 398 689 idest
426 647 501 690 uoco
528 627 576 689 uel
604 628 777 691 retexendix
808 628 998 711 (ciarendix)
1027 629 1106 710 quod
1135 630 1281 708 significet
1308 647 1399 690 conce

103 721 181 792 idest
202 729 288 801 tube,
319 749 377 810 qua
400 732 516 808 signum
540 730 687 809 detegitur
715 731 792 792 idest
818 733 951 811 aperitur
973 740 1004 793 et
1025 741 1070 793 est
1091 732 1285 812 compositum
1308 750 1324 792 a
1347 749 1400 791 no-

106 835 186 894 mine
215 832 318 894 classis
345 832 422 893 idest
449 833 538 894 tubae
562 832 617 913 i-e)
650 843 680 893 et
702 831 796 894 eitero
825 833 1053 902 namneticis,
1084 833 1160 893 idest
1184 833 1398 895 manifestatio:

105 933 261 995 claxendix
285 934 354 995 tuhe
379 936 605 1004 manifestatrix,
629 935 673 1008 es.
697 934 831 996 Martini
852 934 976 996 Hertzii
997 937 1101 996 adnot.
1125 934 1197 997 crit.
1221 938 1242 995 t.
1266 938 1287 995 t.

666 1220 749 1286 Car.
772 1220 853 1286 IIII.

106 1355 166 1420 DE
187 1355 348 1421 PAPIAE
370 1356 487 1421 ARTE
511 1355 804 1422 GRAMMA'I'ICA
826 1356 885 1421 EX
903 1355 1136 1423 PRISOIANO
1154 1354 1398 1423 exoneret.

193 1531 276 1603 Quae
304 1532 348 1591 M.
377 1532 523 1593 Hertzias
544 1531 652 1608 praes.
676 1549 712 1609 p.
734 1532 767 1592 X
792 1540 821 1592 et
844 1548 877 1607 p.
906 1532 1029 1593 XXIX.
1058 1533 1157 1592 XXX
1182 1534 1220 1593 oie
1249 1529 1401 1593 Prisciani

107 1635 288 1694 anctoritate
317 1633 361 1693 aa
390 1635 526 1706 repentio
559 1634 650 1694 meare
682 1637 752 1694 aeui
778 1634 929 1695 nominum
956 1632 1059 1695 studia
1085 1636 1290 1709 qrammatica
1316 1635 1402 1695 docte

106 1738 255 1811 exposui,
285 1738 395 1810 optimc
419 1738 581 1808 tirmantnr
602 1736 721 1812 Papiae
748 1738 899 1813 enerupto,
929 1737 967 1796 de
993 1738 1079 1797 cuius
1106 1745 1174 1797 arte
1200 1737 1425 1811 prammatica¹

105 1855 146 1899 ecc
160 1838 320 1899 Prisciarw
335 1839 485 1912 delimato
499 1838 647 1899 Sinnerns
663 1840 784 1914 mimus
804 1841 839 1899 ni
855 1836 954 1910 [attor
976 1841 1091 1899 rettulit
1111 1847 1172 1900 cat.
1189 1840 1256 1900 eoa.
1272 1837 1403 1899 Berni

102 1959 136 2017 p.
162 1947 232 2000 548.
275 1941 391 2017 Papias
412 1942 506 2014 euim,
535 1957 602 2001 cum
625 1942 657 1999 in
677 1942 828 2015 ptossario
849 1942 1020 2016 cottipenata
1041 1958 1095 2002 suo
1116 1958 1136 2001 u
1156 1943 1328 2016 qlossarum
1350 1942 1403 2016 qni

106 2044 220 2105 dicitur
239 2043 323 2116 libri,
347 2040 436 2103 cuius
456 2044 552 2118 copiis
574 2043 731 2103 uberrimis
751 2044 924 2118 saepissime
946 2061 1016 2103 asns
1037 2050 1095 2113 est,
1119 2044 1292 2104 auctoribus
1314 2045 1345 2102 in
1366 2058 1401 2102 eo

105 2153 205 2206 tamen
234 2146 375 2221 differat,
406 2145 490 2221 quod
515 2161 578 2206 una
604 2161 671 2204 cum
693 2141 801 2205 Boetia
828 2147 994 2219 ceterisque
1015 2148 1214 2206 recentiorum
1236 2153 1401 2221 temporum

104 2247 304 2323 scriptoribus
325 2247 517 2308 Priscianum
545 2250 576 2306 in
600 2248 710 2323 primis
737 2248 768 2306 in
786 2255 894 2323 partes
915 2250 1051 2322 uocauit,
1082 2256 1143 2308 tnm
1163 2256 1322 2324 postquam
1343 2249 1401 2307 ete-

105 2350 285 2410 mentarium
308 2351 351 2408 aa
368 2352 457 2422 (inem
476 2351 635 2425 perduxit,
653 2347 845 2424 peculiarem
867 2350 905 2408 de
927 2367 961 2409 re
981 2352 1185 2425 qrammatica
1207 2351 1315 2411 tibrum
1330 2365 1401 2409 con-

103 2453 215 2529 posuit,
240 2453 293 2526 qui
313 2453 345 2510 in
367 2450 480 2511 auooas
500 2452 587 2512 libris
607 2449 822 2527 manuscriptis
844 2450 1047 2512 Beruensions
1071 2459 1134 2513 tet
1158 2459 1176 2511 2
1196 2452 1250 2512 suo
1276 2453 1402 2511 elemen-

105 2555 179 2615 tarii
198 2555 311 2612 calcem
332 2553 507 2613 subiunctus
528 2559 581 2613 cst.
594 2553 628 2628 *)
674 2554 801 2628 Vterque
823 2560 922 2614 autem
944 2554 1060 2630 Papiae
1080 2556 1157 2614 tiber
1178 2555 1299 2615 soeculo
1313 2555 1402 2614 tertio

106 2657 222 2717 decimo
242 2655 416 2716 tribuendus
438 2663 494 2729 est,
517 2656 573 2715 scat
593 2659 652 2729 ita,
677 2663 725 2731 ut,
748 2657 802 2730 qui
822 2658 955 2717 secunao
977 2673 1102 2717 numero
1124 2663 1244 2717 notatus
1265 2663 1322 2736 est,
1346 2657 1402 2715 aa

105 2763 221 2834 quanto
247 2759 395 2818 uetustior
422 2774 485 2817 csse
512 2755 656 2818 uideotm
684 2760 797 2826 attero,
827 2775 1008 2834 quamquam
1031 2758 1160 2818 Smnero
1181 2761 1273 2818 aliter
1294 2759 1400 2817 tasum.

105 2862 204 2936 Atque
234 2876 345 2919 reuera
373 2861 459 2918 istam
487 2866 583 2919 artem
612 2877 631 2918 a
660 2860 760 2935 Papia
787 2862 932 2934 scriptam
960 2877 1024 2919 esse
1051 2862 1120 2920 inae
1147 2859 1291 2934 efficitur,
1321 2859 1403 2934 quoa

105 2964 186 3023 inter
211 2963 275 3022 eius
303 2963 420 3021 initium
448 2970 478 3020 et
498 2963 687 3045 elementarii
704 2964 793 3033 finem
816 2964 944 3021 insertus
965 2969 1009 3021 est
1030 2963 1094 3037 ipse
1115 2958 1167 3020 iile
1188 2963 1286 3034 locus,
1315 2976 1402 3035 quem

106 3080 205 3140 nuper
229 3064 444 3123 Wiimannsius
464 3080 538 3122 mus.
562 3063 657 3122 Bnen.
680 3061 835 3122 ‘Placidus
857 3063 973 3139 Papias
999 3065 1064 3124 anei
1089 3065 1203 3123 andere
1229 3061 1403 3124 lateiniscite

107 3166 257 3227 Glossare’
287 3166 344 3224 nol.
367 3164 484 3224 XXIV
497 3181 532 3239 p.
557 3171 615 3222 380
636 3167 731 3225 eciitiit
759 3166 847 3240 qrrasi
872 3167 1027 3226 ineditum.
1073 3167 1153 3226 Nam
1181 3183 1222 3226 en
1249 3166 1307 3226 troc
1334 3166 1401 3226 ioco

102 3274 191 3344 patet
210 3268 355 3343 Papiam,
382 3275 544 3343 postquam
572 3269 759 3328 elementarii
784 3269 934 3338 adfinem
952 3271 1097 3345 percincti
1114 3270 1236 3343 quatias
1256 3265 1318 3341 epit
1340 3266 1402 3327 Deo

105 3386 249 3441 emmas,
277 3369 321 3428 aa
341 3370 468 3428 attenim
490 3366 591 3428 statim
615 3371 788 3444 opusculum
811 3372 981 3448 transiisse,
1005 3372 1088 3445 quod
1107 3370 1163 3429 ‘ad
1182 3370 1312 3430 eiusdem
1329 3386 1401 3445 per·

103 3469 246 3544 sectionis
273 3472 434 3531 cumulum'
457 3469 629 3546 transipere
652 3478 683 3531 nt
705 3472 762 3531 sibi
781 3473 954 3547 tieeret'pie
973 3481 1118 3547 precatus
1138 3479 1190 3532 est.
1237 3471 1323 3543 Quod
1342 3488 1401 3546 quo

105 3575 211 3635 metius
231 3575 375 3647 copnosci
392 3570 497 3648 possit,
523 3580 613 3633 totum
636 3575 734 3634 iocum
756 3574 846 3647 infra
868 3576 974 3635 iterum
991 3592 1166 3651 proponam
1181 3571 1296 3635 adamis
1310 3573 1400 3633 iitro-

105 3692 173 3736 rum
188 3672 388 3736 Beruensinm
410 3677 587 3751 optimorum
609 3677 782 3752 scripturae
801 3674 1013 3752 discrepantis
1021 3680 1137 3753 passim
1152 3678 1400 3738 emendatiorem:

193 3794 323 3856 infinitas
345 3792 561 3854 benedictionis
583 3795 692 3872 gratias
716 3795 773 3855 iam
791 3794 853 3854 Deo
876 3796 952 3874 petri
975 3794 1142 3865 referimus,
1166 3796 1216 3874 qui
1237 3813 1292 3874 per
1314 3812 1399 3854 coae-

106 3904 225 3958 ternum
254 3914 341 3958 suum
369 3896 460 3957 titium
487 3897 518 3955 in
545 3899 640 3957 saneti
668 3898 791 3975 spiritus
819 3898 912 3974 gretie
935 3904 1068 3957 nostruin
1092 3915 1167 3976 opus
1189 3914 1225 3957 ex
1249 3895 1348 3956 multis
1370 3904 1401 3955 et

80 3998 235 4061 uniuersis
258 4000 384 4059 texturis
406 3996 587 4059 elaboratum
610 4008 697 4079 atque
720 4006 890 4061 contextum
913 3997 982 4059 iicet
1004 4017 1058 4077 per
1076 3997 1236 4059 muitarum
1252 4015 1398 4059 annorum

176 4253 238 4306 eoa.
259 4253 338 4304 Bern.
357 4270 396 4306 nr.
416 4256 431 4302 1
448 4269 515 4303 saer.
535 4251 613 4301 XIII
630 4273 664 4294 =
682 4253 707 4301 Α
712 4271 722 4310 ,·
739 4255 796 4304 rod.
810 4253 890 4307 Bcrn.
909 4270 948 4303 nr.
966 4256 982 4302 2
999 4269 1068 4303 socc.
1084 4253 1161 4303 XIII
1178 4255 1213 4305 in.
1231 4270 1266 4297 =2
1283 4252 1322 4310 B,·
1339 4253 1396 4303 cod.

107 4321 188 4374 Bern.
206 4338 247 4372 nr.
266 4324 400 4387 Itinere.
421 4320 498 4370 XIII
516 4341 549 4361 =
569 4321 596 4371 G.
668 4323 680 4369 1
700 4334 843 4370 coeternum
864 4320 929 4370 ABG
946 4330 1074 4371 aeternum
1099 4319 1281 4372 Ii'iimnnnsine

107 4459 334 4468 ----.-

175 4557 203 4623 *J
221 4560 290 4610 idem
308 4558 371 4608 liber
389 4558 491 4608 nomine
510 4558 607 4608 omisso
625 4567 688 4607 teste
699 4558 813 4608 Theroto
832 4557 933 4608 Notiees
952 4566 976 4607 et
994 4557 1106 4607 Extraits
1119 4558 1164 4607 des
1178 4557 1330 4607 Manuecrits
1348 4567 1396 4606 etc.

107 4639 169 4682 tom.
189 4627 263 4677 XXII
281 4628 375 4693 parnt
398 4642 424 4692 p.
443 4629 477 4677 45
495 4636 567 4676 extet
585 4628 609 4675 in
629 4626 716 4674 codice
733 4627 849 4675 Parisino
868 4624 954 4675 Sancti
966 4626 1078 4675 Victoris
1098 4627 1129 4676 l't
1148 4640 1214 4677 saec.
1227 4624 1296 4674 xiii:
1315 4624 1333 4678 i.
1346 4625 1397 4674 228

106 4695 196 4747 Petitie
214 4712 229 4746 a
246 4710 297 4759 me,
315 4695 458 4755 karissimi,
477 4711 509 4743 ex
527 4704 581 4744 erte
597 4695 736 4759 gramatice
749 4695 823 4743 «robis
834 4703 1006 4759 competentes
1024 4692 1126 4759 regulae
1143 4693 1200 4743 deri
1216 4703 1261 4742 eut
1277 4693 1398 4758 componi

107 4791 141 4800 -
158 4764 175 4818 i.
195 4763 264 4817 abab
282 4764 332 4814 eibi
350 4777 451 4827 qtroque
473 4764 538 4830 ipsis
561 4772 738 4829 preponuntur
756 4773 783 4812 ιιι
799 4772 826 4811 nt
842 4773 883 4812 ast
899 4774 983 4812 erstem
1007 4772 1080 4812 tenus
1099 4773 1123 4813 et
1140 4770 1216 4824 atquc
1237 4761 1354 4824 equidem
1373 4770 1398 4811 et

109 4847 167 4883 nam
185 4848 269 4896 neque

1146 4913 1194 4967 m*
