3466 5422
530 276 804 327 orarrnnanrrau
823 277 1033 332 sunnonvu.
1362 279 1425 343 283

218 464 298 525 later
320 465 411 524 imum
434 473 463 526 et
486 465 620 524 intimum
642 464 698 524 hoc
720 465 859 533 interest,
883 462 962 543 quod
978 465 1055 525 imus
1070 464 1151 535 loco,
1174 467 1292 528 iniimus
1307 467 1422 530 ordine.

217 565 298 627 Inter
325 584 427 628 curam
457 575 486 626 et
509 564 690 644 diligentiam
714 573 744 626 et
765 566 877 626 curiam
909 564 966 625 hoc
993 567 1132 635 interest,
1162 567 1240 648 qaod
1263 587 1333 629 cura
1357 589 1424 631 cru-

133 667 240 727 ciatum
264 666 367 736 habet,
393 666 543 745 diligentia
566 685 667 727 rerum
691 667 923 734 administratio.
947 668 1043 737 curia,
1067 686 1141 747 quae
1164 676 1257 730 curat.

217 768 297 830 lnter
320 771 400 829 uires
424 778 453 829 et
475 769 602 829 uirtutes
625 769 682 829 laec
704 768 841 838 interest,
865 767 943 847 quod
959 768 1039 829 uires
1055 771 1189 849 corporis
1204 778 1283 841 sunt,
1300 773 1425 833 uirtutes

107 871 234 930 sanimi.

70 1042 74 1047 ⁴
216 970 297 1031 lnter
320 972 445 1032 animam
470 980 499 1031 et
521 972 652 1032 animum
676 980 705 1031 et
726 971 862 1049 spiritum
886 977 916 1031 et
938 979 1066 1032 mentem
1090 971 1147 1032 hoc
1176 974 1313 1044 interest,
1345 975 1423 1052 qnod

133 1073 243 1143 anima,
268 1089 323 1150 qua
346 1073 489 1142 uiuimus,
513 1073 643 1141 animus,
667 1090 726 1149 quo
749 1073 893 1150 regimur,
917 1072 1055 1150 spiritus,
1079 1093 1138 1153 quo
1153 1075 1316 1152 spiramus;
1340 1094 1425 1137 mens

133 1173 257 1250 qualitas
281 1181 326 1233 est
348 1182 399 1234 ant
421 1173 498 1233 laona
521 1181 572 1234 aut
594 1171 684 1243 mala,
708 1191 783 1252 quae
806 1173 842 1233 ad
865 1174 1072 1251 cogitationem
1096 1184 1193 1253 potest
1215 1178 1332 1237 reterri.

218 1273 298 1335 lnter
314 1292 404 1354 graue
420 1282 449 1334 et
463 1273 666 1354 ponderosum
683 1275 739 1335 hoc
754 1274 895 1352 interest,
919 1273 997 1351 quod
1013 1293 1106 1353 graue
1121 1277 1284 1338 secondum
1301 1280 1426 1340 serentis

95 1392 120 1430 1o
133 1373 318 1454 qualitatem,
342 1374 543 1455 ponderosum
565 1383 680 1436 natura.

217 1476 298 1538 later
321 1476 446 1538 ultorem
470 1486 500 1538 et
521 1476 670 1538 uindicem
693 1477 751 1538 hoc
771 1477 910 1545 interest,
933 1478 1012 1556 quod
1036 1479 1206 1541 ulciscimur
1230 1500 1282 1541 nos
1305 1492 1424 1561 accepta

133 1578 256 1648 iniuria,
279 1578 479 1648 uindicamus‚
502 1598 540 1639 ne
563 1580 752 1658 accipiamus.

216 1679 298 1741 lnter
321 1679 455 1742 fallacem
479 1689 507 1741 et
528 1679 672 1761 pellacem
695 1680 750 1740 hoc
772 1681 911 1749 interest,
943 1680 1021 1760 quod
1043 1679 1132 1742 lallax
1156 1684 1297 1755 infidelis,
1326 1684 1422 1764 pellax

132 1780 247 1850 uerbis,
272 1780 366 1842 dictus
389 1801 405 1842 a
426 1781 620 1860 pelliciendo,
642 1781 720 1845 idest
741 1800 884 1861 peruerse
905 1780 1062 1861 loquendo.

95 1896 119 1934 1⁵
217 1882 297 1943 later
320 1883 475 1944 immolare
491 1892 521 1944 et
535 1893 665 1945 mactare
687 1885 744 1945 hoc
765 1885 902 1959 interest,
926 1883 1005 1962 quod
1028 1884 1176 1946 immolari
1198 1885 1304 1948 dicitur
1319 1888 1422 1958 hostia,

131 2001 199 2045 cuni
223 1981 299 2044 mola
322 1983 397 2045 salsa
420 1985 451 2045 ia
473 1990 562 2063 caput
584 1985 696 2046 adiecta
719 1992 777 2060 cst,
801 1992 962 2046 mactatum
977 1992 1074 2047 autem
1093 1986 1202 2048 iactum
1224 1990 1308 2068 quasi
1331 1990 1424 2068 magis

131 2085 250 2146 iactum.

216 2185 296 2248 lnter
318 2187 444 2248 hostiam
467 2197 496 2249 et
517 2189 668 2249 uictimam
691 2189 749 2250 hoc
763 2190 905 2255 interest,
929 2187 1009 2268 quod
1024 2188 1118 2250 hostia
1134 2189 1242 2252 dicitur
1257 2197 1338 2261 tuac,
1355 2212 1422 2264 cnm

132 2287 190 2349 dux
214 2289 244 2349 in
267 2289 382 2350 hostem
405 2290 610 2367 proficiscitur,
634 2292 768 2358 uictima,
793 2307 861 2350 cum
884 2289 964 2350 uicit.

93 2403 118 2442 eo
216 2389 296 2450 lnter
319 2391 497 2471 nequiquam
514 2400 543 2451 et
557 2409 743 2471 nequaquam
766 2389 822 2451 hoc
845 2390 982 2461 interest,
1006 2392 1084 2472 quod
1101 2396 1279 2474 nequiquam
1304 2395 1423 2467 trustra,

133 2508 318 2570 nequaquam
341 2491 531 2553 nullomodo
554 2493 708 2571 s'gnilicat.

218 2592 298 2653 later
320 2596 378 2653 iter
402 2602 431 2654 et
452 2595 542 2655 itiner
564 2594 621 2655 hoc
642 2595 781 2664 interest,
805 2594 884 2674 quod
907 2597 973 2664 iter,
996 2613 1055 2675 qno
1077 2597 1168 2671 ianus,
1192 2598 1282 2657 itiner
1305 2617 1322 2658 a
1344 2600 1401 2659 uia.

217 2693 295 2753 lntcr
325 2692 434 2755 liberos
463 2702 493 2754 et
514 2694 590 2755 lilios
612 2694 669 2755 hoc
690 2696 830 2764 interest,
859 2695 937 2773 quod
965 2695 1016 2757 lilii
1045 2697 1209 2758 masculino
1237 2716 1348 2777 genere
1371 2719 1423 2779 po·

133 2802 258 2864 uantur,
286 2794 376 2856 liberi
403 2798 434 2856 in
462 2781 590 2873 utroque
618 2814 704 2865 sexu,
733 2803 763 2856 et
793 2796 872 2875 quod
904 2795 954 2857 lilii
988 2799 1019 2857 in
1053 2816 1209 2860 numerum
1242 2801 1422 2880 singularem

93 2908 119 2948 2⁵
132 2897 269 2957 reuocari
288 2904 430 2973 possunt,
452 2899 542 2957 tiberi
563 2915 621 2958 non
645 2903 781 2976 possunt:
810 2914 897 2957 nemo
921 2900 1000 2958 enim
1024 2898 1116 2970 dicat,
1146 2902 1197 2977 qui
1220 2902 1311 2963 habet
1332 2899 1423 2963 lilium

132 3015 238 3058 unum:
269 2996 412 3058 ‘liberum
435 2996 559 3062 habeo'.
604 2997 677 3059 item
705 2997 757 3058 lilii
786 2999 953 3076 promiscue
975 3003 1073 3061 omnis
1095 3000 1273 3063 conditionis
1294 3010 1355 3064 tam
1377 3005 1421 3062 in-

132 3101 238 3175 genui,
273 3117 361 3178 quam
396 3100 476 3160 serui
499 3096 510 3181 ΙΙ
532 3095 647 3160 11141
667 3094 682 3181 ll
702 3097 929 3178 intelleguntur,
963 3099 1050 3162 liberi
1084 3119 1142 3162 non
1175 3103 1329 3175 dicuntur,
1367 3105 1423 3165 nisi

131 3215 262 3277 ingenui.

201 3452 337 3501 limmnm
389 3455 552 3503 Interimam
570 3454 711 3503 —ordine
730 3454 946 3521 Geticosrertaap.
966 3460 1014 3507 100
1090 3458 1194 3507 3cario
1213 3459 1282 3520 qamd
1301 3470 1389 3510 errarint

132 3519 199 3568 luter
216 3535 301 3568 curam
321 3532 347 3570 et
363 3521 521 3585 diligentiam
539 3521 588 3571 hoc
606 3523 722 3579 interest,
745 3523 814 3584 qaod
837 3539 922 3572 cairam
942 3526 1079 3574 cruciatam
1100 3524 1175 3574 habet
1192 3527 1235 3587 qni
1254 3538 1421 3585 commoneat,

132 3587 364 3650 diligentimrornm
384 3589 569 3639 administratio
589 3590 762 3652 Gotltosredue
779 3593 874 3652 pido.
891 3594 938 3640 101
1006 3592 1089 3640 llaec
1108 3603 1147 3642 est
1215 3591 1319 3643 bollini
1355 3597 1422 3644 uires

132 3656 261 3704 -animi
281 3655 453 3719 Gotitofredua
470 3673 495 3720 p.
516 3660 577 3716 101,
601 3657 636 3720 cs.
656 3658 731 3722 lleiff.
748 3674 776 3721 p.
794 3660 846 3707 201
930 3661 946 3708 6
968 3662 1081 3709 animam
1099 3670 1124 3709 et
1141 3662 1251 3709 animam
1337 3665 1421 3723 'lquo

133 3721 243 3771 aimarus
294 3725 424 3788 spiranarr
475 3724 560 3773 anima
582 3736 606 3773 et
628 3740 679 3786 qna
703 3725 814 3773 uincimus
833 3751 865 3761 -
889 3742 959 3776 niens
982 3727 1091 3788 qualitas
1115 3743 1181 3789 quae
1203 3729 1270 3778 bona
1291 3741 1335 3778 ant
1356 3729 1421 3777 mala

133 3799 217 3852 potest
234 3788 326 3839 referre
344 3792 375 3840 ad
395 3792 575 3855 cogitationem
595 3792 767 3854 Gotiofredua
782 3808 810 3855 p.
831 3795 879 3841 101
981 3797 1103 3860 tigranis
1124 3797 1263 3845 secandum
1281 3822 1313 3832 -
1334 3806 1421 3845 tratura

133 3856 304 3918 Gotitesredae
321 3875 346 3921 p.
365 3862 413 3908 101
518 3861 547 3908 11
567 3859 634 3907 lnter
653 3858 756 3908 ultorem
775 3886 808 3895 -
829 3876 859 3907 ne
880 3862 1034 3926 accipiamur
1059 3863 1231 3925 Geticosredus
1252 3879 1278 3928 p.
1300 3866 1363 3925 101,
1387 3864 1422 3926 ef.

132 3924 209 3989 lleiff.
226 3941 253 3988 p.
271 3928 324 3974 291
392 3928 424 3976 14
442 3941 454 3974 a
475 3926 591 3990 pellendo
626 3925 703 3975 fallax
721 3926 831 3976 inlldelis
848 3927 948 3988 dicitur,
968 3928 1053 3992 pellax
1070 3930 1096 3978 iu
1116 3931 1200 3979 uerbis
1218 3931 1250 3977 ab
1268 3930 1421 3994 appellando

131 3991 198 4040 idest
214 4006 260 4055 per
278 4008 306 4040 ee
324 3992 451 4054 loquendo
472 3993 644 4056 Geticosredue
659 4010 686 4057 p.
706 3995 754 4043 101
858 3996 890 4044 15
908 3996 931 4043 b·
950 3998 1074 4058 estquod
1099 3998 1229 4046 immolare
1246 3997 1339 4046 dieitur
1356 4000 1421 4047 ostia

131 4072 187 4106 cum
207 4058 280 4107 molis
300 4059 367 4109 lacta
385 4061 410 4108 in
429 4060 512 4125 capud
599 4063 630 4112 16
649 4071 785 4109 mactatam
803 4059 829 4109 h·
848 4061 939 4110 laceram
993 4065 1125 4115 immolare
1143 4065 1234 4114 dicitur
1252 4065 1335 4114 hostia
1352 4080 1421 4114 com-

132 4125 211 4174 moles
231 4125 295 4175 laisa
312 4127 408 4191 incepit
425 4128 523 4177 adiecta
541 4137 589 4191 est,
606 4137 744 4177 mactatum
762 4127 811 4177 hoe
829 4129 921 4177 lactina
939 4132 1013 4191 <pinosi
1032 4135 1115 4198 magis
1133 4142 1234 4181 arictum
1249 4132 1422 4195 Gothosreduc

130 4208 157 4256 p.
177 4196 234 4257 101,
252 4196 287 4256 cf.
307 4195 385 4258 Ileiff.
402 4210 429 4258 p.
449 4199 500 4245 275
578 4198 609 4246 19
628 4196 728 4244 uictima
746 4209 804 4244 enm
823 4197 901 4246 uincit
952 4198 1037 4251 hostia
1054 4200 1199 4266 perhibetur
1216 4212 1276 4248 tune
1293 4216 1350 4248 cnm
1368 4200 1421 4250 drax

131 4262 156 4309 in
176 4260 249 4309 hoste
267 4262 446 4325 proficiscitur,
465 4263 566 4311 uictima
584 4263 738 4312 conuincam
756 4264 822 4313 sieut
840 4262 948 4315 Ouidius
966 4268 991 4317 in
1006 4269 1102 4317 Fastis:
1122 4266 1231 4316 Victima
1249 4282 1315 4328 quae
1332 4268 1422 4317 dextra

131 4328 221 4377 cecidit
244 4330 347 4378 uictrice
368 4341 487 4387 crocatur,
516 4330 633 4379 hostilius
651 4346 666 4379 a
683 4331 787 4380 domitis
814 4331 900 4382 hostia
923 4349 1013 4382 rromen
1038 4334 1114 4382 habet
1136 4335 1308 4397 Goldofredua
1328 4352 1353 4399 p.
1373 4339 1421 4386 101

131 4397 164 4446 20
183 4397 331 4459 necaiqaam
379 4397 479 4447 lrocest
514 4399 880 4461 nequiquam-nequaqnam
898 4413 973 4449 nemo
990 4399 1120 4464 significat
1138 4402 1310 4464 Gotlrofredua
1324 4420 1353 4468 p.
1364 4406 1421 4466 101,

131 4464 165 4525 cf.
187 4464 260 4529 Relsf.
276 4481 304 4527 p.
323 4466 375 4514 282
477 4466 510 4514 22
532 4466 629 4514 iter-
646 4479 662 4513 a
680 4465 721 4514 raia
744 4465 836 4516 dicitur
861 4466 1033 4529 Gotdosredua
1049 4485 1075 4531 p.
1095 4471 1157 4531 101,
1175 4470 1209 4529 cf.
1229 4470 1306 4534 lleiff.
1325 4487 1351 4533 p.
1371 4473 1422 4519 275

165 4533 197 4580 24
216 4533 376 4580 iaaiameram
394 4532 520 4596 airrguleri
537 4535 650 4582 reuocari
671 4547 721 4581 nen
740 4544 856 4598 poseant
879 4548 953 4583 nemo
972 4535 1038 4582 enim
1057 4534 1101 4583 lilii
1120 4535 1261 4585 masculino
1280 4552 1372 4601 genere
1389 4562 1421 4573 -

132 4600 245 4647 reuocari
268 4601 377 4664 possint.
414 4598 494 4649 Nemo
517 4599 582 4650 enim
606 4600 717 4650 dicit-
735 4602 793 4650 item
817 4601 886 4662 quod
913 4601 957 4650 lilii
983 4603 1129 4667 promiscae
1158 4605 1240 4652 omnis
1266 4604 1421 4653 conditionis

132 4665 313 4728 intelliguntur.
349 4667 410 4716 Tam
430 4668 534 4733 ingenui
552 4683 628 4730 qnam
647 4669 716 4718 serni
734 4667 804 4715 liberi
824 4683 874 4718 aori
896 4670 1028 4732 dieantur,
1050 4670 1100 4718 nisi
1121 4671 1225 4733 ingenui
1251 4672 1422 4735 Gotlosredus

130 4747 158 4794 p.
177 4734 234 4794 101,
252 4735 287 4797 cf.
307 4735 382 4799 lieiff.
399 4752 427 4801 p.
447 4737 504 4797 277,
523 4738 567 4801 qui
582 4742 665 4786 tornea
685 4735 866 4797 Gothosredum
883 4739 934 4787 alic
950 4753 1058 4801 promae
1076 4739 1199 4790 dicentem
1215 4741 1348 4804 producit.
