3420 5378
755 189 947 233 mx-

207 378 276 421 essc
298 378 453 421 censeam.
488 355 582 432 ,Nam
607 379 711 442 neque
733 358 888 444 Vergiliis
910 361 945 424 in
965 360 1029 424 hoc
1051 359 1133 424 libro
1155 359 1245 424 locus
1266 360 1413 443 patebat,
1442 361 1506 424 nisi

205 463 287 532 Maii
315 465 487 531 editionem
515 468 624 534 multis
651 469 793 533 numeris
819 469 980 534 emendari
1002 469 1208 554 supplerique
1229 492 1324 554 posse
1345 469 1507 553 uidissem,

206 599 311 661 neque
339 577 524 643 Bonilacios
552 578 720 644 edidimus,
771 577 860 654 Quae
887 601 959 643 cum
988 580 1033 645 ita
1062 580 1141 664 sint,
1170 603 1238 645 non
1266 603 1342 644 curo
1370 581 1507 645 istorum

207 689 505 772 subsannationem,
542 689 613 772 qui,
645 690 672 754 si
704 689 790 753 hunc
817 688 936 754 librum
963 690 1088 755 omissis
1115 689 1325 774 praefationis
1356 691 1507 756 anfracti-

189 790 267 863 'bus
300 799 401 864 otiose
435 798 668 883 perlustrantes
696 799 867 883 nonnulla,
901 801 1017 884 quibus
1049 802 1166 866 artium
1201 801 1360 866 elementa
1392 824 1506 885 parum

207 907 299 973 docte
325 909 513 993 traduntur,
542 909 627 974 forte
655 910 788 974 fortuna
814 910 1012 994 euoluerint,
1044 911 1124 976 haec
1151 912 1281 976 iamiam
1308 913 1416 996 pueris
1443 913 1505 976 sibi

205 1022 285 1083 nota
320 1019 419 1084 fuisse
456 1018 586 1103 oblique
622 1020 876 1105 perstringentes
911 1042 990 1084 naso
1023 1020 1107 1086 hanc
1139 1044 1270 1106 operam
1303 1024 1506 1106 suspendisse

205 1110 283 1193 satis
310 1128 453 1194 habituri
481 1130 555 1196 sint.
599 1130 713 1215 Neque
741 1131 842 1213 enim,
877 1151 950 1194 cum
984 1130 1071 1195 hunc
1097 1131 1240 1196 laborem
1270 1133 1432 1215 subibam,
1468 1156 1506 1197 ea

205 1238 345 1304 ducebar
374 1239 544 1324 opinione,
576 1241 668 1325 quasi
689 1262 809 1305 nouam
832 1238 992 1324 quandam
1015 1241 1077 1305 ista
1097 1241 1228 1326 litteris,
1257 1265 1338 1330 quae
1361 1242 1400 1306 ad
1423 1244 1504 1306 anti-

205 1350 362 1433 quitatem
389 1353 551 1433 spectant,
579 1351 684 1416 lucem
712 1354 808 1416 antea
834 1373 939 1434 neque
967 1351 1069 1415 uisam
1097 1373 1201 1435 neque
1228 1352 1369 1417 auditam
1399 1357 1506 1416 essent

204 1458 365 1542 adlatura,
389 1457 445 1523 sed
465 1458 499 1523 id
521 1461 587 1545 egi,
610 1466 647 1527 ut
667 1461 764 1526 medii
779 1461 851 1527 aeui
866 1460 972 1525 studia
986 1462 1195 1547 grammatias
1209 1485 1304 1546 quam
1320 1464 1505 1527 certissimis

204 1569 416 1653 plurimisque
438 1569 593 1654 librorum
614 1572 905 1656 manuscriptorum
928 1571 1073 1657 uestigiis
1095 1573 1224 1637 innixus
1246 1574 1354 1657 qualia
1368 1574 1507 1637 fuissent

205 1678 473 1764 demonstrarem,
507 1704 589 1765 quae
623 1683 650 1747 si
683 1685 843 1765 ueterum,
877 1702 1014 1764 quornm
1047 1683 1165 1747 notitia
1191 1682 1231 1747 ad
1257 1705 1318 1748 nos
1345 1685 1504 1767 peruenit,

204 1790 397 1874 scriptorum
412 1795 496 1855 artes
511 1813 578 1856 non
600 1796 672 1856 tam·
689 1813 869 1875 superasse,
892 1814 989 1875 quam
1004 1813 1042 1855 ex
1056 1791 1108 1856 his
1122 1792 1200 1876 ipsis
1214 1813 1365 1877 magnam
1379 1797 1504 1876 partem

82 1964 83 1968 ,
204 1900 347 1984 fluxisse,
370 1900 530 1965 nonnulla
551 1923 656 1966 crasso
671 1901 727 1966 filo
743 1902 919 1987 pinguique
935 1900 1082 1966 Minerva
1103 1902 1277 1966 absoluisse
1300 1902 1504 1984 uidebuntur,

205 2009 336 2075 illorum
358 2010 483 2096 ingenii
505 2012 620 2077 uitium
643 2016 705 2095 est,
734 2033 794 2076 nos
822 2016 921 2095 certe,
949 2011 1026 2095 quid
1048 2013 1083 2076 in
1104 2014 1268 2096 posterum
1291 2012 1329 2076 de
1351 2013 1402 2075 his
1424 2011 1504 2076 iudi-

203 2119 341 2185 candum
365 2122 427 2204 sit,
456 2121 618 2186 euicimus.
663 2120 727 2187 Sed
749 2122 776 2185 si
798 2122 930 2206 insuper
952 2121 1075 2206 uideas,
1103 2123 1206 2206 ipsam
1227 2126 1371 2186 nostram
1394 2145 1503 2187 earum

204 2252 312 2294 rerum
335 2231 502 2295 scientiam
524 2230 642 2295 talibus
664 2232 906 2315 quaestionibus
928 2232 989 2296 rite
1007 2231 1163 2297 institutis
1177 2253 1290 2297 reuera
1304 2233 1502 2317 locupletari,

80 2326 83 2331 ¹
204 2341 358 2424 quoniam
380 2339 478 2404 medii
499 2341 571 2405 aeui
592 2341 764 2426 magistros
792 2363 831 2404 ex
858 2341 898 2405 iis
927 2363 1054 2425 quoque
1078 2341 1239 2425 fontibus,
1268 2343 1323 2426 qui
1351 2343 1503 2407 maliuola
1534 2364 1542 2374 ·

202 2452 359 2535 temporis
381 2449 555 2534 rapacitate
577 2450 641 2516 iam
663 2450 821 2536 praeclusi
849 2454 925 2515 sunt
951 2455 1047 2535 atque
1075 2453 1199 2535 obruti,
1230 2453 1331 2517 multa
1359 2451 1502 2516 hausisse

104 2597 107 2602 ·
202 2561 378 2626 certissime
394 2560 606 2625 demonstrari
626 2564 749 2645 potest,
771 2561 836 2624 iam
858 2560 936 2645 quid
958 2583 1025 2625 esse
1047 2561 1166 2645 dicam,
1189 2583 1245 2625 cur
1259 2561 1346 2625 hunc
1359 2561 1501 2626 laborem

201 2695 221 2736 a
242 2694 294 2737 me
316 2674 499 2756 susceptum
522 2671 691 2756 quisquam
713 2670 766 2735 uel
789 2676 940 2756 grauetur
962 2671 1072 2755 inique
1101 2671 1154 2735 uel
1181 2671 1321 2757 maligne
1349 2671 1501 2736 irrideat?

289 2781 351 2848 Sed
366 2785 479 2848 insunt
492 2782 569 2848 huic
589 2783 672 2848 libro
694 2781 868 2866 nonnulla,
892 2804 987 2866 quae,
1011 2782 1087 2866 quia
1108 2782 1173 2847 iam
1195 2786 1288 2846 erant
1308 2784 1401 2865 nota,
1423 2804 1501 2846 num

201 2893 271 2957 iure
299 2891 529 2957 anecdotorum
557 2894 716 2957 uolumini
743 2893 947 2976 inseruerim,
986 2894 1101 2958 merito
1135 2893 1246 2975 quaeri
1274 2913 1366 2975 posse
1396 2891 1500 2956 uideo.

202 3001 346 3078 Quorum
379 3001 629 3086 orthographiae
656 3000 836 3065 Beruenses
868 3004 1005 3086 primam
1039 3006 1072 3067 et
1103 3001 1233 3065 tertiam
1266 3002 1331 3064 iam
1365 3001 1501 3067 edendas

201 3134 402 3197 curaueram,
425 3133 498 3176 cum
521 3111 556 3176 in
570 3110 709 3175 Thuroti
723 3110 856 3194 librum,
878 3112 913 3177 in
936 3134 999 3196 quo
1015 3112 1079 3177 ista
1093 3112 1259 3194 proposita
1273 3113 1363 3193 sunt,
1385 3110 1500 3194 incidi3

199 3244 305 3306 neque
337 3227 447 3288 tamen
480 3221 589 3305 omisi,
623 3219 710 3304 quod
737 3219 874 3286 Thuroti
906 3223 1032 3287 librum·
1058 3241 1172 3306 parum
1204 3220 1405 3306 diuulgatum
1433 3243 1500 3285 esse

199 3331 339 3398 sciebam
370 3337 404 3397 et
437 3333 514 3416 quia
547 3330 709 3396 codicibus
737 3330 953 3396 Bernensihus
986 3353 1077 3396 suam
1109 3351 1238 3396 manere
1270 3330 1500 3415 proprietatem

201 3441 365 3527 uidebam,
387 3442 576 3528 praesertim
599 3463 672 3506 cum
695 3439 826 3507 adiectis
849 3441 996 3526 glossarii
1018 3440 1130 3526 magni
1145 3442 1301 3525 excerptis
1316 3442 1418 3504 totam
1433 3461 1500 3504 rem

199 3553 315 3619 melius
336 3552 491 3618 illustrari
511 3572 606 3638 posse
629 3549 935 3615 animaduertissem.
978 3551 1190 3617 Differentiae
1214 3556 1321 3616 autem
1344 3551 1500 3614 sermonis
1570 3619 1571 3622 ,

199 3684 394 3749 quamquam
426 3663 599 3726 maximam
635 3664 759 3745 partem
796 3661 1039 3727 collectionibus
1072 3685 1092 3726 a
1125 3660 1325 3725 Gothofredo
1359 3660 1499 3724 Areualo

199 3772 330 3838 Handio
345 3772 439 3837 editis
454 3772 677 3854 continentur,
700 3772 742 3835 oh
757 3771 918 3856 insignem
934 3772 1054 3837 ordinis
1070 3770 1301 3856 inparilitatem
1316 3770 1499 3834 uerborum-

199 3905 261 3967 que
289 3883 491 3969 singulorum
519 3881 752 3947 dissonantiam
780 3885 814 3945 et
839 3903 926 3945 noua
952 3882 1060 3966 aliqua
1094 3880 1312 3945 additamenta
1345 3877 1499 3945 hactenus

198 3994 381 4078 incognita,
415 4015 480 4076 quo
514 3995 647 4075 rectius,
682 3990 785 4075 qualis
818 3989 932 4054 fuisset
958 3994 1103 4057 omnium
1130 3989 1245 4054 harum
1274 3986 1498 4052 collectionum

198 4103 273 4168 fons
287 4104 481 4185 communis,
503 4102 642 4185 perspici
657 4105 780 4183 posset,
804 4099 862 4163 has
877 4121 1002 4184 quoque
1018 4098 1218 4185 recipiendas
1234 4120 1301 4162 esse
1316 4100 1403 4160 ratus
1419 4119 1497 4163 sum.

284 4211 372 4287 Quae
387 4233 464 4276 uero
480 4212 561 4274 mihi
576 4209 753 4293 praefanda
767 4208 911 4292 fuerant,
927 4213 1010 4276 eain
1026 4218 1092 4277 tres
1107 4211 1216 4292 partes
1231 4205 1342 4286 diuisi,
1365 4227 1498 4287 quarum

198 4324 268 4407 illa,
290 4344 372 4406 quae
387 4320 528 4385 medium
543 4320 651 4384 locum
667 4319 806 4402 obtinet,
831 4319 930 4402 ipsius
944 4320 1018 4385 libri
1034 4317 1157 4403 singuli
1172 4317 1326 4377 tractatus
1342 4316 1499 4380 examina-

197 4434 333 4514 buntur,
367 4436 525 4515 quatenus
558 4451 617 4513 pro
651 4451 758 4494 rerum
786 4428 930 4494 nouitate
957 4445 1167 4509 mearumque
1194 4422 1313 4486 uirium
1339 4424 1498 4506 paucitate

199 4543 256 4608 tali
293 4542 428 4609 consilio
465 4540 543 4605 satis
580 4539 649 4607 fieri
685 4560 778 4622 posse
816 4537 992 4603 uidebatur.
1057 4536 1189 4602 Primae
1225 4532 1308 4612 parti
1344 4533 1498 4599 librorum
