3420 5378
218 318 260 382 66
733 318 801 370 ans
820 317 994 369 uuouuua

218 530 250 583 ul
271 522 367 590 Nero:
393 520 550 601 aliquando
573 521 648 582 duae
670 524 786 602 speeies
808 522 962 592 accidunt,
987 522 1044 582 boc
1067 528 1113 583 εει
1135 539 1301 600 cognomen
1324 538 1518 601 praenomen,

217 632 250 685 ul
278 624 385 686 Sexlus
412 624 547 686 lioscius.
596 623 761 703 Aliquando
790 631 851 684 ires
878 626 1006 704 species,
1042 633 1073 686 ut
1100 623 1222 685 Publius
1250 621 1396 702 Virgilius
1421 623 1518 690 Maro:

218 726 377 807 aliquando
405 733 544 803 quattuor
565 729 696 805 species,
727 735 760 787 ni
782 724 902 787 Publius
925 724 1081 788 Cornelius
1104 726 1204 804 Scipio
1225 725 1397 787 Africanus.
1443 724 1520 786 Haec

219 829 297 889 enim
326 835 464 907 quattuor
493 829 610 888 nomina
639 846 715 888 unus
743 827 831 888 homo
861 826 964 889 babuit
991 828 1068 889 idesi
1090 827 1201 907 Scipio.
1246 827 1333 889 Scias
1362 833 1464 887 lamen
1490 827 1519 886 in

219 930 274 991 bac
307 932 450 991 uarietate
485 930 673 1008 propriorum
708 931 877 999 nominum,
912 928 1006 1008 quod,
1042 930 1067 989 si
1094 928 1160 990 aliis
1188 927 1351 1008 speciebus
1381 928 1543 997 camenas

216 1031 295 1093 idest
317 1032 512 1112 praenomine
535 1033 654 1092 nomine
677 1033 848 1109 agnomine,
873 1050 1033 1110 numquam
1049 1032 1226 1110 cognomine
1242 1028 1374 1097 carebit,
1398 1037 1433 1090 nt
1454 1036 1523 1090 anni

217 1135 337 1214 propria
361 1134 480 1194 nomina
504 1134 649 1194 monlium
674 1141 703 1193 el
724 1134 879 1194 lluminnm
904 1142 933 1193 ει
956 1134 1106 1194 ciuitatum
1124 1140 1154 1193 el
1169 1131 1329 1193 mullorum
1354 1131 1521 1200 bominum,

217 1253 293 1313 quae
323 1254 381 1296 non
410 1230 525 1295 habent
551 1237 607 1297 nisi
634 1238 841 1314 cognominata
869 1234 1029 1303 uocabula,
1059 1241 1092 1294 ut
1116 1233 1208 1295 Roma
1231 1233 1384 1295 Caucasus
1406 1231 1522 1294 Tiberis

218 1337 309 1400 Dauid
327 1337 468 1399 Salomon
485 1345 514 1397 ει
529 1344 643 1404 celera:
668 1345 697 1397 ει
712 1336 790 1397 aliud
813 1338 889 1398 scias
910 1338 941 1396 in
964 1336 1019 1397 bac
1042 1338 1184 1397 uarielale
1206 1337 1400 1416 propriorum
1424 1336 1520 1396 nomi·

218 1457 304 1515 num,
335 1438 429 1519 quod,
458 1440 484 1499 si
512 1457 589 1500 unies
618 1437 707 1499 borno
731 1437 797 1516 pilus
820 1457 908 1516 qnam
932 1445 1070 1515 urralluor
1092 1436 1236 1499 uocabula
1259 1434 1416 1506 nahmen,
1446 1449 1554 1516 qrraelr

190 1541 360 1610 -diximus,
394 1559 577 1620 praenomen
612 1559 719 1601 nomen
755 1558 920 1620 cognomen
953 1556 1115 1618 agnomen,
1151 1547 1183 1599 nl
1214 1537 1336 1599 Publius
1367 1536 1523 1598 Cornelius

217 1644 317 1723 Scipio
345 1643 501 1704 Aleicanus
530 1642 728 1703 Numantinus
757 1641 937 1704 Aemilianus
967 1641 1049 1717 (baec
1079 1642 1158 1701 enim
1188 1659 1241 1702 sex
1267 1641 1390 1702 nomina
1420 1638 1522 1719 Scipio

217 1744 297 1806 solus
331 1743 459 1823 babuit),
494 1743 545 1806 sed
576 1754 673 1806 lamen
703 1763 763 1806 non
790 1742 1004 1822 multiplicatur
1032 1760 1175 1803 numerus
1201 1743 1371 1822 specierum
1400 1747 1523 1820 praeter

216 1854 369 1925 quattuor,
400 1844 451 1908 sed
481 1847 630 1924 agnomini
655 1845 864 1925 adplicabilur,
894 1845 950 1904 lroc
974 1852 1019 1905 εει
1041 1844 1078 1905 ab
1101 1854 1181 1913 actu,
1212 1852 1245 1904 ut
1266 1843 1472 1905 Numanlinns
1494 1850 1524 1905 ct

217 1948 396 2010 Aemilianus
419 1948 515 2008 eliciens
539 1956 584 2009 εει
606 1948 719 2028 Scipio,
744 1967 779 2008 eo
802 1945 879 2027 quod
904 1945 1090 2007 Numaniiam
1115 1956 1144 2007 ει
1165 1946 1320 2006 Aemiliam
1350 1944 1553 2024 provinciae

218 2051 297 2111 euicit.
342 2050 375 2110 ln
404 2048 450 2109 bis
477 2067 549 2128 ergo
572 2057 711 2129 qaralluor
733 2047 906 2127 speciebus,
937 2065 1011 2125 quas
1033 2049 1173 2119 diximus,
1203 2064 1388 2127 praenomen
1413 2064 1521 2108 nomen

220 2169 386 2229 cognomen
407 2169 569 2228 agnomen,
593 2150 837 2228 interrogandum
859 2157 917 2218 εει,
942 2158 1039 2210 ulrum
1057 2150 1130 2211 baec
1145 2150 1265 2211 nomina
1281 2149 1439 2229 primitius
1455 2155 1538 2210 sunl.

218 2261 269 2313 nul
284 2251 450 2313 diriualina.
481 2253 551 2313 Sine
568 2252 658 2313 dubio
674 2252 830 2313 ‹lirinaliua
848 2259 917 2313 suni
932 2271 947 2311 a
964 2250 1065 2312 uerbis
1080 2270 1242 2331 praenosco
1259 2268 1353 2312 nosco
1372 2267 1521 2330 cognosco

218 2370 360 2431 agnosco,
390 2353 445 2413 boc
476 2361 521 2413 εει
548 2352 585 2412 ab
607 2354 755 2414 inliuiliuo
783 2354 884 2414 lutino
907 2361 1083 2431 praenolum
1106 2355 1151 2414 ire
1174 2362 1274 2414 nolum
1298 2353 1343 2414 ire
1368 2354 1519 2432 cognitum

217 2456 263 2516 ire
285 2457 416 2534 agnitum
439 2457 497 2517 ire:
523 2454 637 2516 abiecta
659 2457 704 2516 ire
727 2461 757 2515 ei
777 2463 889 2516 mutata
914 2462 974 2515 lum
991 2453 1101 2534 syllaba
1117 2456 1147 2515 in
1164 2474 1232 2515 men
1254 2455 1369 2515 iaciunl
1391 2462 1552 2534 praeno-¹⁰

218 2575 293 2618 men·
308 2574 415 2619 nomen
437 2576 603 2636 cognomen
627 2575 783 2635 agnomen.
821 2556 862 2617 De
878 2556 924 2617 bis
947 2575 1019 2635 ergo
1042 2565 1178 2637 quattuor
1201 2554 1361 2637 speciebus
1383 2558 1519 2637 proprio·

216 2678 283 2721 rum
308 2661 459 2722 nominum
483 2660 700 2720 Priscianus
730 2659 867 2737 exposuit
894 2658 1009 2718 dicens:
1038 2658 1255 2719 lunenimus
1285 2674 1376 2736 ergo
1406 2657 1519 2719 mulla

216 2761 252 2822 in
283 2761 340 2822 bis
367 2768 545 2839 quattuor
568 2759 770 2841 speciebus
792 2762 1034 2839 propriorum
1058 2760 1244 2821 nominum
1268 2759 1433 2820 inuicem
1455 2778 1519 2840 pro

217 2882 255 2923 se
277 2865 399 2942 posita
424 2871 459 2924 ει
481 2883 573 2944 qnae
595 2865 633 2925 in
655 2861 741 2922 aliis
763 2862 940 2942 personis
963 2870 1046 2922 suni
1068 2862 1330 2942 praenomina,
1362 2859 1457 2922 baec
1484 2862 1518 2921 in

218 2963 303 3025 aliis
331 2964 414 3026 loco
443 2968 630 3026 nominum
659 2965 915 3043 accipiuntur,
948 2971 985 3024 ut
1008 2962 1176 3023 ‘Tullius
1205 2961 1432 3023 Seruilius’:
1462 2961 1551 3023 bic²⁵

218 3064 404 3127 ‘Tullius’
429 3054 655 3147 praenomen
685 3073 756 3133 esi:
788 3065 933 3145 qnando
956 3074 1077 3126 aulem
1102 3064 1244 3125 elicitur
1266 3065 1413 3126 blancus
1434 3060 1518 3125 Tul·

217 3166 304 3241 lius,
328 3168 475 3229 Marcus
498 3186 725 3248 praenomen
749 3175 817 3235 εει,
843 3166 1098 3229 Tulliusnero
1120 3183 1249 3227 nornen
1273 3171 1342 3236 est:
1359 3160 1375 3249 ΙΙ
1391 3165 1412 3227 l.
1428 3161 1487 3227 81·
1502 3157 1514 3247 ll

218 3276 252 3329 nl
279 3269 315 3328 in
344 3269 432 3331 aliis
465 3270 545 3331 loco
574 3270 833 3349 cognominum
865 3268 1023 3329 aliorum
1053 3269 1250 3345 agnomina
1278 3274 1377 3328 sunl.
1429 3265 1518 3328 Prae·

218 3387 326 3431 nornen
350 3379 408 3440 εει,
433 3371 511 3450 quod
536 3372 728 3451 praeponitur
744 3369 792 3431 uel
807 3370 990 3431 dillerenliae
1013 3386 1114 3438 causa,
1140 3368 1188 3429 arel
1211 3368 1290 3445 quod
1313 3386 1349 3428 eo
1373 3377 1517 3449 tempore,

217 3489 275 3548 qno
298 3472 426 3534 Sabinos
447 3473 573 3534 liomani
602 3472 826 3552 adscripserunt
854 3473 981 3539 ciuitati,
1011 3470 1046 3531 ad
1076 3469 1307 3532 confirmandam
1331 3471 1550 3531 coniunctio-³⁰

217 3591 285 3634 nem
314 3576 433 3635 nomina
463 3573 581 3635 illorum
611 3575 673 3633 suis
696 3572 863 3635 nominibus
884 3573 1108 3652 praeponebant
1131 3580 1160 3634 ei
1181 3573 1311 3633 inuicem
1335 3569 1440 3633 Sebini
1461 3570 1519 3632 llo·

217 3694 373 3737 manorum
404 3677 521 3736 nomina
549 3675 606 3736 sibi
629 3674 861 3756 praeponebant.
905 3674 949 3734 Ex
971 3674 1021 3733 illo
1044 3682 1178 3755 tempore
1202 3672 1390 3734 consuetudo
1412 3675 1518 3743 tenuit,

216 3786 249 3838 nl
284 3796 371 3839 nemo
399 3776 550 3839 Romanus
584 3779 624 3838 sit
655 3777 767 3859 absque
801 3777 1004 3856 praenomine.
1056 3778 1170 3838 Nomen
1205 3783 1250 3836 εει
1277 3775 1404 3854 proprie
1431 3776 1519 3838 nnius

217 3881 376 3959 cuiusque,
402 3887 433 3940 ut
452 3879 559 3941 Paulus
582 3887 611 3940 ει
634 3887 746 3953 celera,
771 3895 935 3957 cognomen
959 3886 1056 3940 aulem
1079 3879 1265 3957 cognationis
1288 3894 1464 3947 commune,
1488 3882 1521 3937 nl

216 3981 316 4061 Scipio
339 3979 467 4040 lamiliae
491 3982 554 4041 eins
576 3998 741 4058 cognomen
764 3978 829 4039 luil.
868 3979 918 4039 Sic
939 3988 968 4040 ει
983 3980 1139 4041 Cornelius
1155 3989 1183 4041 ει
1198 3977 1367 4041 Marcellus.
1408 3978 1551 4039 Omnasae

217 4085 295 4142 enim
320 4082 356 4143 ab
380 4082 445 4159 illo,
470 4084 519 4159 qui
542 4083 656 4162 primus
679 4080 835 4142 Cornelius
857 4081 926 4150 luit,
951 4082 1008 4141 boc
1030 4101 1138 4142 nomen
1162 4081 1340 4143 babuerunt.

288 4404 443 4455 laceednnt
512 4405 616 4468 bqnod
639 4399 671 4470 si]
695 4406 752 4455 An:
776 4405 844 4468 qnod
867 4406 934 4456 elsi?
1014 4407 1151 4457 inomina
1169 4400 1304 4470 montium]
1330 4406 1517 4457 nominancium

218 4473 298 4538 liqui
349 4488 441 4523 caucos
511 4475 543 4522 12
560 4473 694 4523 emilianus
765 4476 796 4524 13
813 4473 963 4540 multiplicat
980 4489 1111 4524 numerum
1182 4475 1213 4523 15
1232 4475 1396 4523 nnmnnsiam
1416 4486 1442 4525 et
1458 4475 1518 4526 emi·

219 4541 279 4591 liam
349 4542 380 4591 18
400 4556 416 4590 a
435 4542 518 4591 uerbis
536 4555 663 4607 prenosco
739 4543 770 4591 19
792 4555 927 4606 prenorum
1013 4544 1046 4592 20
1064 4542 1161 4591 adiecta
1179 4558 1207 4590 re
1225 4543 1261 4590 ire
1278 4551 1303 4590 ει
1322 4554 1450 4592 mutarum
1467 4542 1519 4607 spl-

217 4609 275 4659 lnbn
338 4612 370 4659 21
390 4625 481 4660 nomen
500 4626 547 4660 orn.
617 4612 650 4660 22
668 4605 824 4673 Priscianus]
845 4610 904 4674 Ip.
923 4611 1047 4664 snall.
1117 4612 1150 4659 24
1169 4610 1322 4675 pronomina
1393 4612 1428 4662 28
1447 4627 1520 4677 prae·

216 4679 320 4726 nornine
337 4677 405 4740 quod
457 4692 612 4743 praenomen
631 4675 681 4743 est]
700 4678 830 4730 Priscian.
850 4677 875 4740 I,
892 4694 920 4741 p·
938 4680 1030 4740 57,13
1097 4680 1131 4727 29
1148 4676 1290 4727 differentis
1360 4680 1394 4729 30
1412 4682 1519 4728 sarriano

215 4747 247 4793 31
266 4746 369 4795 suanini
437 4748 471 4795 33
490 4744 587 4794 Nomen
607 4748 654 4805 est]
673 4746 707 4807 es.
728 4746 855 4797 Priscian.
873 4745 898 4809 I,
910 4762 937 4810 p.
950 4748 991 4805 58,
1006 4748 1036 4794 4:
1056 4746 1186 4795 Prisciani
1202 4746 1281 4795 uerbo
1299 4746 1340 4796 ln'c
1358 4748 1413 4797 illie
1430 4749 1520 4798 leuiter

215 4818 311 4863 malain
327 4821 394 4863 aunt.
