3420 5378
207 266 321 314 mlv
608 250 658 303 DE
677 251 798 305 LIBRIS
816 251 1081 304 BERNENSIBVS.

205 453 279 499 sunt.
324 443 450 500 Discerne
476 444 564 501 adhuc
593 444 698 500 melius.
741 444 806 499 Nam
835 444 943 517 qnando
972 446 1046 500 ueris
1068 442 1300 517 disputationibus
1323 443 1428 517 aliquid
1456 446 1520 503 dis·

205 528 322 598 seritur,
352 526 493 602 disciplina
522 529 583 585 crit.
628 528 697 596 Quid
727 529 799 584 iuter
829 530 934 584 artem?
977 526 1089 595 Quando
1119 545 1185 584 noro
1215 529 1364 585 uerisimiIe
1393 529 1452 607 (·li)
1485 550 1520 589 ac

204 611 340 687 opinabile
369 613 472 688 aliquid
501 622 650 685 tractatur,
681 629 779 670 nomen
807 613 874 670 artis
903 612 1020 669 habehit.
1065 614 1171 669 Artium
1201 630 1301 688 genera
1331 624 1400 689 quot
1422 620 1520 673 sunt?

203 699 265 754 Tria
289 696 377 772 (tren).
420 697 512 766 Quae?
547 699 636 754 dalmi
666 706 788 770 tantum,
816 701 941 773 corporIs
965 706 1084 770 tantum,
1112 699 1194 754 animi
1216 698 1297 756 simul
1320 708 1347 755 et
1369 704 1520 775 corporis.

203 782 272 849 Quid
289 791 331 839 cst
347 784 427 839 animi
445 785 568 840 tantum?
595 783 703 840 Poetica
720 782 822 839 musIca
843 783 1013 840 arithmetica
1036 782 1128 856 (aret-l
1151 783 1333 840 astronomica
1355 787 1518 857 gramatice

204 867 340 925 rhetorica
356 865 452 943 (reth-l
470 869 539 925 iuris
562 868 674 925 scicntia
698 868 880 942 philosophia.
924 867 993 935 Quid
1016 877 1059 925 est
1081 870 1207 943 corporis
1230 868 1352 926 tantuml
1374 867 1518 929 Iaculatio

202 952 289 1009 saltus
314 952 441 1026 (solatus)
465 954 557 1010 oneris
579 962 720 1026 gestamen
744 952 885 1009 uelocitas.
930 954 1003 1023 Quae
1025 953 1107 1010 animi
1131 952 1179 1025 (·e)
1202 962 1229 1010 et
1251 953 1394 1028 conponis?
1424 953 1519 1013 Ruris

202 1038 293 1095 cultus
323 1039 442 1113 palestra
472 1039 603 1095 mediolan
632 1037 682 1110 (cs.
705 1037 831 1094 Maximi
858 1038 997 1095 Victorini
1017 1056 1046 1110 p.
1072 1041 1144 1094 1937
1166 1038 1212 1110 Ρ.)
1240 1038 1383 1096 Gramatici
1415 1039 1518 1099 cilicia

202 1133 271 1197 quot
300 1125 382 1181 siunt?
426 1122 571 1191 Quattuor.
616 1121 706 1190 Quae?
743 1124 835 1179 Lectio
871 1124 1007 1180 enarratio
1038 1123 1191 1180 emendatio
1220 1124 1349 1181 iudiciuin
1379 1132 1432 1180 ctc.
1465 1125 1515 1199 cf.

208 1208 344 1265 Victoria.
367 1210 387 1266 l.
410 1211 430 1265 l.
452 1215 480 1265 et
503 1208 587 1265 Clam.
613 1207 687 1265 Scot.
708 1226 739 1280 p.
764 1212 809 1279 13,
834 1212 873 1264 32
893 1223 952 1281 seq.
976 1211 1057 1281 opud
1077 1209 1220 1265 Keilium:
1255 1208 1448 1267 saracenus
1474 1211 1513 1268 ad

200 1310 330 1350 sensuum
358 1295 550 1351 necessitatem
637 1292 677 1351 35
701 1295 781 1350 unius
808 1293 985 1351 discretionis
1007 1293 1177 1368 explanati03
1206 1312 1232 1368 p.
1257 1293 1312 1365 14,
1337 1293 1353 1349 1
1378 1310 1514 1354 errorum

200 1379 272 1453 apnd
294 1387 392 1453 poetas
415 1389 442 1436 ct
464 1379 653 1437 ilementorum
676 1378 845 1453 reprehensi.
875 1410 915 1419 -
945 1379 1082 1450 Sequitur
1112 1378 1250 1435 Victorini
1276 1381 1356 1435 locus
1377 1396 1406 1450 p.
1432 1383 1515 1438 1938

200 1465 236 1520 de
258 1466 377 1521 lectione
396 1467 484 1521 -de
507 1466 648 1520 latinitate
668 1482 697 1536 p.
717 1467 797 1530 1939,
815 1468 843 1535 3,
867 1467 908 1520 ita
931 1466 1072 1537 scriptus:
1095 1465 1190 1520 Partes
1212 1464 1339 1521 lectionis
1362 1462 1413 1538 (es)
1436 1475 1513 1538 quot

200 1550 282 1606 sunt?
325 1548 467 1618 Quattuor.
513 1546 606 1616 Quae?
641 1550 777 1606 Accentus
800 1548 930 1607 discretio
954 1558 1006 1606 cto.
1073 1566 1099 1623 p.
1125 1548 1223 1620 1938,
1248 1549 1288 1607 10
1309 1551 1512 1623 pronuntiandi
1572 1572 1578 1577 ·

202 1634 239 1690 11
264 1636 394 1710 perplana
461 1634 500 1690 12
528 1634 718 1691 Pronuntiatio
749 1634 813 1708 quid
841 1635 901 1691 est?
945 1634 1097 1691 Secundum
1125 1651 1256 1708 personas
1280 1630 1327 1708 (a)
1351 1649 1513 1691 accommo-

199 1721 261 1776 data
285 1719 460 1777 distinctione
482 1719 642 1776 similitudo.
681 1718 823 1787 Quomodo
848 1721 899 1777 hoc
921 1719 968 1776 Iitl
1005 1719 1069 1775 Cum
1092 1727 1138 1776 aut
1162 1720 1235 1774 senis
1260 1727 1510 1792 temperamentum

202 1804 240 1860 17
258 1805 432 1862 ostendamus
455 1822 545 1862 mores
568 1804 732 1878 habitusque
755 1805 930 1878 exprimimus
986 1803 1027 1862 20
1049 1803 1266 1862 iniocundiorcm
1289 1804 1399 1861 dicendi
1421 1805 1512 1863 ratio·

199 1906 261 1946 neni
285 1888 424 1947 artificalis
446 1889 531 1947 bosus
552 1899 579 1946 et
601 1891 628 1946 in
651 1888 838 1946 delectabilem
860 1888 960 1961 (indii-l
983 1889 1098 1946 lerinam
1121 1888 1229 1945 auditus
1252 1905 1404 1945 conuersus
1426 1906 1512 1965 aspe-

200 1976 291 2030 ritatis
320 1975 445 2031 uitandac
473 1977 559 2047 gratia
589 1973 708 2048 (gratie).
752 1974 883 2030 Oiilinitio
913 1974 978 2048 quid
1006 1975 1067 2030 esti
1112 1973 1204 2031 Oratio
1236 1975 1268 2030 dc
1298 1991 1351 2048 qua
1380 1975 1511 2047 queritur

200 2068 294 2133 aperte
317 2059 447 2116 discribet
469 2069 497 2116 et
518 2060 691 2118 determinat.
736 2060 771 2114 Oa
788 2058 948 2133 exemplum.
979 2058 1066 2115 Homo
1090 2067 1132 2115 cst
1155 2059 1251 2116 anImal
1275 2057 1408 2115 rationale
1430 2075 1511 2117 mor·

202 2143 255 2200 talc
282 2143 359 2217 (ele)
387 2147 459 2201 risus
487 2162 579 2219 capax.
624 2145 755 2200 Latinitas
791 2146 853 2217 qnid
883 2145 944 2200 esti
988 2143 1150 2200 Obseruatio
1182 2147 1342 2218 incorrupta
1372 2143 1509 2217 loquendi

199 2229 348 2286 secundum
377 2230 522 2287 Romanam
556 2229 686 2302 linguam.
730 2227 802 2296 Quot
835 2229 922 2285 modis
956 2228 1105 2303 (quomodo
1136 2229 1189 2302 dis)
1222 2229 1349 2287 constat?
1393 2228 1509 2287 Tribus.

199 2313 321 2381 Quibus?
351 2315 464 2371 Ratione
488 2315 653 2372 auctoritate
675 2312 771 2385 (autt-)
794 2313 999 2371 consuetudine.
1045 2315 1119 2384 Quae
1141 2314 1171 2371 iit
1194 2312 1251 2389 (sit)
1274 2314 1399 2372 ratione?
1431 2313 1512 2382 Quae

199 2399 348 2456 seeundum
371 2402 470 2457 artium
495 2408 628 2456 tractores
651 2399 799 2473 profertur.
844 2397 917 2466 Quae
933 2400 1115 2457 auctoritate?
1144 2397 1217 2466 Quae
1240 2408 1363 2457 ueterum
1387 2399 1511 2457 lectione

200 2484 343 2558 probatur.
388 2483 461 2552 Quae
476 2484 693 2540 consuetudine?
721 2480 795 2549 Quae
818 2484 845 2539 in
867 2483 910 2540 his
933 2484 1042 2557 uerbis,
1066 2501 1136 2559 quae
1157 2481 1239 2562 e(ae)
1263 2486 1351 2542 medio
1374 2484 1510 2559 loquendi

202 2586 254 2627 usu
277 2568 378 2644 placita
402 2569 544 2642 adsumpta
566 2577 647 2639 sunt,
671 2577 807 2625 uersatur.

285 2687 376 2758 Quem
409 2686 531 2761 quidem
565 2686 664 2746 locum
692 2687 757 2745 ideo
786 2690 878 2745 tolum
907 2684 1071 2762 descripsi,
1107 2687 1266 2760 quianon
1295 2703 1336 2746 ex
1365 2686 1510 2749 Maximo

206 2791 357 2851 Victorino
387 2791 453 2865 ipso
482 2790 560 2849 ortis
587 2795 696 2850 auctor
716 2788 792 2849 boec
809 2790 935 2866 petiisse
955 2788 1088 2862 uidetur,
1118 2789 1173 2848 sed
1198 2804 1238 2849 esc
1265 2790 1322 2849 toli
1346 2790 1396 2847 uel
1416 2789 1513 2849 simili

199 2890 495 2965 castiorisque,
527 2908 588 2965 qua
609 2893 770 2967 praeditus
792 2891 961 2951 Audacia
982 2888 1124 2951 Scauri
1144 2891 1316 2950 Palladii
1337 2891 1509 2952 nominihus

200 2994 365 3067 inscriptus
396 2990 545 3067 (INCIPIT
578 2990 735 3052 nunnus
765 2991 813 3051 OE
848 2991 979 3052 sonunt
1008 2992 1057 3052 ET
1087 2990 1259 3052 PALLAOII
1288 2990 1412 3050 Ltnnts
1442 2990 1508 3052 EX·

201 3091 346 3153 CEIIPTd
375 3091 449 3153 PER
481 3090 845 3153 INTERROGATIONEM
878 3092 927 3152 ET
961 3090 1252 3151 RESPONSIONEM
1287 3072 1420 3152 SCRIITT
1456 3091 1508 3153 OE

199 3193 346 3254 NOMINE
373 3193 486 3254 AIITIS
512 3194 520 3257 Ξ
553 3188 860 3254 INTERPRETATIO
888 3195 943 3254 Ars
973 3192 1044 3273 quid
1068 3201 1113 3253 est
1136 3191 1203 3272 etc.)
1232 3196 1264 3253 iu
1293 3194 1398 3254 codice
1425 3193 1507 3253 Ber-

200 3299 287 3357 uensi
301 3303 358 3356 336
379 3314 461 3358 suec.
478 3297 530 3356 [a
550 3298 600 3356 net
621 3296 699 3355 odeo
718 3295 799 3355 VIII
811 3297 925 3372 icquar
942 3295 972 3369 f.
990 3292 1024 3354 θ’
1038 3302 1067 3354 et
1084 3301 1152 3353 10⁰:
1174 3312 1269 3371 neque
1291 3298 1369 3356 enim
1392 3297 1507 3356 solum-

178 3399 289 3465 .modo
311 3401 414 3459 eadem
437 3403 469 3459 in
492 3406 620 3473 atroque
641 3396 720 3458 libro
743 3405 875 3475 apparet
896 3400 976 3458 ratio
998 3399 1230 3472 interrogantium
1254 3399 1308 3458 seat
1323 3400 1508 3474 plerumque

202 3504 322 3563 omnino
344 3504 424 3561 inter
446 3517 510 3561 sese
531 3503 729 3569 consentiunt,
753 3517 931 3576 quemquam
955 3517 1016 3560 uon
1039 3501 1155 3575 desunt,
1180 3501 1285 3575 quibus
1299 3516 1319 3559 a
1333 3517 1366 3560 se
1388 3500 1504 3559 descre-

199 3612 282 3682 pent.
328 3603 406 3661 Nom
428 3603 505 3662 baec
526 3603 669 3676 lequntnr
691 3603 723 3661 in
744 3602 822 3663 libro
844 3603 997 3662 Beruensi
1018 3608 1092 3661 330:

285 3703 350 3764 lai.
377 3707 471 3763 Partes
500 3706 711 3763 declinationum
736 3703 809 3778 quod
838 3707 919 3761 sunt?
963 3704 1099 3772 Quattuor
1122 3707 1191 3762 idest
1219 3718 1348 3764 accentus
1370 3706 1502 3762 discretio

199 3794 387 3868 pronuntiatio
410 3790 570 3847 modulatIo.
615 3784 683 3848 INT.
708 3793 844 3846 docentus
866 3791 929 3864 qnid
954 3791 1012 3847 est?
1056 3791 1274 3866 VniuscuInsque
1297 3791 1415 3865 syllabae
1437 3806 1502 3864 pro·

200 3877 340 3936 nuntiandi
373 3876 498 3950 qualitas.
543 3870 613 3934 INi'.
643 3877 772 3933 biscrctio
801 3876 865 3948 quid
894 3877 952 3932 estl
996 3872 1028 3934 ia.
1058 3877 1237 3933 (lorilusarum
1271 3876 1501 3949 significationum

200 3963 330 4038 perplana
358 3961 531 4035 significatio,
575 3954 644 4019 INT.
674 3961 863 4018 Pronuntiatio
898 3961 962 4035 quid
992 3962 1051 4020 est?
1096 3957 1127 4018 ia.
1156 3961 1328 4036 Scriptorum
1352 3960 1501 4018 secundum

200 4064 333 4124 personas
361 4047 549 4104 acommodata
578 4047 754 4104 distinctione
783 4043 931 4100 similitudo
960 4055 990 4102 ut
1018 4054 1082 4119 puta
1112 4064 1172 4103 cnm
1202 4055 1249 4102 ant
1271 4047 1345 4102 senis
1369 4054 1501 4119 tempora-

205 4141 326 4190 mentum
349 4141 396 4188 aut
421 4130 433 4209 ll
452 4134 469 4188 l.
488 4133 546 4190 10⁸
563 4125 575 4209 ll
607 4132 713 4187 iuuenis
743 4132 910 4203 proteruitas
938 4140 983 4187 aut
1012 4132 1110 4187 IemInc
1138 4129 1280 4186 intirniitas
1308 4139 1355 4186 ant
1385 4128 1502 4203 qualitas

207 4221 340 4291 cuiusque
363 4217 494 4291 cuiusque
518 4214 578 4289 (sic)
604 4232 719 4289 persona
752 4215 942 4288 distmguenda
979 4225 1021 4272 ost
1049 4224 1076 4271 et
1104 4233 1194 4271 mores
1226 4216 1359 4288 cuiusque
1393 4215 1502 4270 babitus

202 4301 377 4377 exprimendi.
425 4296 490 4358 Ilii.
516 4284 662 4356 traditatis
692 4300 755 4373 quid
783 4301 843 4356 est?
886 4296 918 4357 ft.
942 4302 1097 4357 Continuati
1127 4316 1265 4356 sermones
1288 4300 1502 4356 iuiocundiorenr

203 4387 309 4444 dIcendi
344 4386 477 4442 rationem
512 4383 659 4441 artificialis
692 4385 777 4441 Ocius
812 4384 1025 4444 irnlelcctahilorn
1061 4386 1169 4442 auditus
1203 4385 1316 4440 formam
1350 4400 1502 4442 conuersus

201 4474 355 4546 asperitatis
378 4471 461 4527 uitam
478 4471 509 4526 dc
525 4471 637 4543 gratiae.
680 4480 727 4526 DE
743 4480 965 4527 LATINITATE.
1003 4466 1074 4528 INT.
1098 4469 1240 4526 Latinitas.
1285 4464 1314 4527 it.
1339 4469 1500 4525 Obscrnatio

201 4560 359 4631 incorrupta
387 4556 531 4630 eloquendi
561 4556 708 4613 seeundum
736 4557 877 4613 romanum
906 4558 1035 4631 lingnam.
1079 4550 1146 4612 INT.
1177 4554 1249 4622 Quot
1276 4555 1364 4610 modis
1393 4561 1500 4611 constat

200 4641 339 4697 Iatioitasl
368 4636 396 4698 ir.
419 4641 525 4698 Tribus.
568 4636 639 4698 ΙΝῨ.
663 4641 785 4709 Quibus?
812 4640 842 4699 It.
865 4643 976 4698 Ratione
1000 4641 1163 4698 auctoritate
1186 4640 1390 4697 consuetudine.
1434 4634 1501 4694 IN'I.

203 4726 314 4782 Itationc
344 4728 496 4802 qnatenus?
546 4721 577 4783 it.
606 4727 758 4784 Secnndum
793 4726 891 4783 artium
921 4727 1074 4782 traditores.
1120 4719 1190 4783 lui.
1220 4724 1288 4793 Quid
1317 4723 1501 4783 auctoritato?
