3420 5378
207 289 267 353 128
724 291 794 343 aits
812 292 996 344 attonsus.

205 478 333 539 lluctus'.
364 478 438 538 ltem
455 478 680 539 Priscianus
695 478 779 540 dicit:
803 480 921 539 ‘omncs
942 487 1041 540 autem
1065 480 1291 551 declinationes,
1313 482 1396 545 idest
1417 484 1516 563 prima

205 580 335 641 secunda
364 588 467 658 quarta
495 581 610 660 quinta,
640 580 811 660 producunt
833 588 993 641 extremam
1017 581 1158 661 syllabam
1187 584 1337 661 genetiui,
1369 591 1404 645 ut
1425 583 1517 645 buius

204 691 311 760 poetae
327 680 414 741 huius
430 681 508 742 docti
532 681 619 743 buius
643 700 747 743 manus
769 682 857 742 buius
873 681 952 742 diei’.
993 681 1065 743 item
1088 684 1330 746 animaduertere
1353 683 1514 753 debemus,

206 791 238 842 ut
265 781 423 860 Sergius
451 783 540 852 dicit,
571 783 649 860 quod
678 784 806 845 maiores
837 785 931 843 nostri
959 789 1062 845 omnia·
1088 788 1209 848 nomina
1231 794 1359 866 quartae
1382 784 1515 848 declina·

207 886 294 945 tinnis
316 884 465 946 secundae
489 883 650 959 iaciebant,
674 892 707 945 ut
728 884 837 945 ‘buius
858 885 958 946 ilucti’
982 892 1012 946 et
1035 884 1140 948 ‘buius
1162 887 1285 948 senati’.
1332 884 1539 948 Valerinss

207 985 296 1047 dicit:
320 986 389 1047 boc
411 987 535 1047 senati
557 985 772 1047 consultum
796 987 901 1066 prius
924 988 1062 1049 lactum
1085 995 1150 1047 est.
1194 987 1267 1048 ltem
1288 988 1517 1049 Priscianus

207 1088 291 1150 dicit:
316 1090 430 1148 ‘fructi’
454 1107 510 1166 pro
532 1087 682 1157 ‘tructus',
706 1089 845 1165 ‘quaesti'
868 1107 923 1167 pro
945 1088 1120 1168 ‘quaestus',
1143 1087 1289 1149 ‘aduenti’
1307 1108 1367 1168 pro
1389 1088 1516 1151 ‘aduen-

206 1193 269 1250 tus’
294 1197 412 1250 ueteres
435 1189 587 1259 dicebant,
611 1189 731 1249 ‘senati’
746 1208 802 1269 pro
818 1190 972 1259 ‘senatus’,
997 1191 1103 1252 ‘uersi’
1119 1208 1175 1269 pro
1189 1188 1333 1252 ‘uersus'.
1372 1188 1517 1251 Teren-

209 1291 283 1351 tius
306 1289 393 1350 dicit:

537 1391 636 1454 Nihil
660 1393 786 1452 ornati
808 1389 903 1452 nibil
926 1390 1091 1461 tumulti,
1528 1417 1550 1455 a

207 1512 261 1574 pro
284 1494 430 1554 ‘ornatus'
453 1499 483 1552 et
505 1487 695 1560 ‘tumultus’;
719 1492 813 1553 idem:

249 1595 448 1675 Numquam
470 1594 628 1655 animum
651 1596 798 1673 quaesti
821 1597 942 1673 gratia
966 1595 1007 1655 ad
1032 1593 1350 1657 malasuddncum
1371 1602 1517 1674 partes:

207 1695 299 1757 idem:

249 1797 396 1858 Patrem
419 1804 458 1858 ut
481 1797 736 1867 extimescam,
760 1794 824 1858 ubi
848 1798 929 1858 eius
952 1796 1106 1859 aduenti
1129 1798 1232 1859 uenit
1253 1799 1290 1857 iu
1312 1804 1491 1859 mentem.

208 1899 402 1960 Salustius
423 1897 508 1957 dicit:
538 1899 659 1958 senati
683 1897 873 1958 decretum
897 1898 956 1968 lit,
980 1901 1080 1959 sicut
1102 1895 1169 1959 ille
1191 1906 1405 1963 censuerat.
1443 1898 1551 1964 ltemts

209 2000 431 2062 Priscianus
453 1998 490 2059 de
513 2006 616 2076 quarta
640 1997 840 2060 destinatione
864 2000 901 2060 in
924 2001 1065 2060 minore
1088 2007 1169 2061 arte
1191 2000 1231 2060 ita
1255 2001 1452 2078 pronuntiat:
1481 1998 1518 2061 ln

210 2121 251 2163 us
279 2108 492 2179 correptam
515 2119 530 2159 s
553 2098 612 2160 uel
635 2108 648 2161 t
670 2099 729 2160 uel
751 2118 769 2159 x
793 2100 1109 2162 antecedentibus
1137 2102 1168 2161 si
1196 2100 1273 2161 sint
1301 2117 1432 2161 rerum
1463 2102 1519 2161 iu·

209 2201 466 2283 corporalium
491 2199 688 2270 uocabula,
712 2211 796 2262 sunt
818 2201 1023 2264 masculina
1047 2210 1082 2264 et
1104 2208 1258 2282 quartae
1281 2199 1518 2263 declinatio·

210 2307 285 2375 nis,
316 2313 353 2364 ut
384 2302 443 2362 bic
475 2303 578 2364 risus
608 2301 671 2362 bic
701 2321 789 2364 usus
821 2303 933 2363 buius
965 2321 1056 2365 usus
1089 2304 1149 2364 bic
1182 2301 1372 2364 tumultus
1405 2301 1520 2365 butus

211 2404 393 2466 tumultus
422 2403 482 2464 bic
510 2412 628 2465 metus
656 2403 768 2466 buius
796 2413 918 2466 metus
948 2405 1009 2466 bic
1041 2404 1151 2465 luxus
1179 2403 1289 2465 buius
1315 2401 1432 2467 luxus
1460 2403 1551 2469 bles

211 2525 323 2568 sexus
360 2504 469 2566 buius
505 2523 623 2566 sexus.
675 2505 867 2567 Similiter
904 2514 1058 2586 quartae
1095 2504 1378 2567 declinationis
1415 2514 1517 2575 sunt,

211 2625 305 2686 quae
334 2625 377 2667 ex
406 2604 463 2667 bis
493 2615 774 2685 conponuntur,
809 2617 847 2668 ut
876 2615 1029 2670 senatus
1057 2627 1073 2668 a
1101 2606 1256 2667 senibus
1283 2615 1376 2669 natu
1403 2606 1519 2669 buius

211 2717 367 2772 senatus
390 2716 539 2787 atquae
568 2706 862 2786 cognominatim
884 2709 940 2769 liis
963 2708 1124 2789 prolatis
1153 2709 1227 2771 lixa
1256 2715 1359 2780 sunt,
1390 2718 1431 2770 ut
1460 2708 1518 2770 bic

212 2812 456 2889 magistratus
477 2802 498 2891 ἡ
521 2797 623 2890 ἀρχὴ
646 2806 714 2870 καὶ
737 2803 755 2870 ὁ
778 2803 915 2892 ἄρχων
943 2811 1053 2871 huius
1081 2810 1340 2888 magistratus,
1371 2808 1434 2871 bic
1457 2827 1517 2870 ex·

213 2905 582 2992 ercitusootpnrds
604 2905 672 2972 καὶ
693 2903 714 2994 ἡ
736 2910 943 2992 γυμνασία
966 2912 1075 2973 buius
1098 2913 1304 2981 exercitus,
1320 2908 1548 2977 bicsaltuss

211 3007 232 3094 ἡ
258 3009 435 3094 πήδησις
457 3010 524 3072 καὶ
546 3006 566 3093 ἡ
590 3008 696 3093 νάπη
720 3012 831 3074 liuius
859 3013 986 3074 saltus.
1031 3013 1202 3074 Eiusdem
1225 3019 1433 3092 praeterea
1455 3013 1517 3075 de·

214 3114 442 3175 clinationis
474 3122 558 3175 stant
589 3132 680 3191 quae
703 3133 781 3177 cum
804 3117 880 3176 sint
901 3114 995 3184 lixa,
1030 3116 1067 3175 in
1095 3122 1154 3176 tus
1182 3112 1363 3174 desinunt
1391 3113 1516 3195 aliqua

214 3222 449 3277 consonante
477 3216 513 3276 in
543 3216 666 3276 eadent
694 3214 837 3295 syllaba
854 3213 865 3298 ΙΙ
882 3214 932 3276 iol.
953 3211 1062 3298 lllill
1082 3224 1169 3277 ante
1193 3223 1203 3274 t
1226 3215 1367 3294 posita,
1398 3223 1438 3277 ut
1459 3213 1517 3275 bio

215 3316 359 3377 iluctus
382 3314 493 3378 buius
515 3315 673 3386 iluctus,
702 3317 760 3377 bic
788 3325 946 3394 questus
968 3315 1078 3378 liuius
1100 3323 1272 3395 questus,
1300 3315 1363 3376 bic
1394 3317 1516 3378 rictus

215 3419 324 3479 liuius
351 3419 480 3479 rictus.
528 3417 724 3498 Excipitur
757 3418 880 3479 lectus
908 3410 929 3497 ἡ
964 3417 1085 3499 κλίνη
1117 3416 1225 3488 lecti;
1257 3435 1339 3478 nam
1372 3427 1548 3485 mustus„

215 3520 308 3581 iacit
330 3528 463 3581 musta.
509 3518 696 3580 Similiter
725 3528 881 3598 quartae
908 3517 1184 3581 declinationis
1205 3526 1309 3589 sunt,
1331 3537 1428 3598 quae
1450 3537 1516 3599 per

215 3639 416 3703 syncopam
440 3639 456 3680 a
479 3638 591 3699 supra
615 3620 727 3682 dietis
748 3617 1055 3699 incorporalibus
1077 3618 1340 3698 proteruntur,
1367 3627 1406 3681 ut
1427 3637 1517 3700 por·

216 3730 317 3784 tatus
340 3729 485 3801 portus,
509 3728 654 3782 artatus
676 3729 798 3789 artus;
822 3722 912 3780 item
935 3723 1082 3783 arcitus
1104 3721 1147 3783 ab
1171 3741 1281 3784 arceo
1304 3739 1435 3792 artus;
1464 3723 1517 3783 sic

217 3856 445 3867 ——-——

287 3944 299 3990 1
319 3942 465 3992 Priscianus
500 3940 575 4002 Queat
592 3943 633 3993 bic
644 3944 798 4023 potissimum
811 3941 941 3991 Ρνὶεείαιιὶ
956 3943 1036 3993 locum
1054 3949 1145 3992 (ructor
1162 3943 1395 4005 inculcantem
1406 3942 1516 3995 ὶιιυοιὶο,

216 4007 385 4075 dseregius]
409 4010 443 4073 cs.
477 4006 572 4075 Sergii]
597 4010 711 4075 Expleta.
734 4012 761 4059 in
781 4011 873 4058 Donat.
892 4009 909 4058 I
924 4027 953 4075 p.
972 4014 1035 4072 515,
1056 4013 1090 4061 at
1109 4011 1148 4059 Κ·
1185 4011 1293 4060 maiores
1322 4010 1407 4059 nostri
1431 4011 1517 4059 omnis

218 4079 322 4127 nomina
340 4089 445 4139 quartae
463 4077 639 4129 declinationis
658 4078 785 4127 secundae
803 4077 941 4133 iaciebant,
961 4077 1038 4127 huius
1057 4079 1126 4127 llucti
1145 4077 1221 4127 buius
1234 4077 1314 4127 ornati
1328 4077 1408 4127 buius
1420 4078 1517 4134 senati;

218 4146 294 4196 bodie
317 4159 421 4207 quartae
443 4158 503 4194 sum
525 4157 622 4194 tacitum
645 4145 836 4203 declinationis,
860 4144 935 4193 tutius
959 4145 1051 4194 sstrctus
1074 4145 1150 4195 liuius
1173 4156 1277 4195 ornatus
1299 4144 1378 4194 buius
1402 4156 1516 4195 senatus

218 4217 234 4264 5
252 4209 383 4280 Valerius]
404 4214 463 4262 Hoc
481 4217 620 4278 exemplum
638 4215 708 4277 apud
724 4221 824 4263 ceteros
840 4216 1019 4276 grammaticos
1036 4229 1086 4263 non
1104 4219 1186 4265 extat.
1256 4215 1272 4264 e
1284 4212 1353 4277 prior
1408 4212 1518 4262 Priscia-

219 4278 368 4345 uus]ct.1
384 4299 411 4346 p.
430 4284 490 4342 257,
509 4285 551 4332 21
571 4285 622 4338 23,·
642 4284 702 4342 258,
723 4284 748 4334 3.
769 4285 785 4329 7
853 4282 968 4341 tqnesti
988 4294 1035 4345 pro
1053 4292 1159 4343 questus
1211 4280 1329 4330 aduentis
1400 4280 1518 4330 ennea

218 4364 265 4415 pro
284 4360 390 4399 satiatus
451 4347 596 4414 terrentius]
616 4350 650 4411 cs,
669 4348 752 4399 pree
772 4348 830 4413 [ρ.
850 4351 909 4410 257,
923 4351 957 4397 20
1027 4351 1055 4397 ll
1076 4344 1154 4414 idem]
1173 4350 1209 4426 es
1223 4347 1519 4425 I'rt'ee.1p.258,1.d

220 4419 251 4466 12
269 4418 354 4479 questi
406 4417 439 4466 ad
457 4417 523 4466 ninia
541 4431 636 4482 pnr,tes
655 4434 701 4467 om
720 4417 845 4466 adducam
863 4415 929 4464 idest
947 4427 1043 4481 partem
1065 4430 1091 4463 ut
1108 4416 1243 4467 caestimes
1261 4412 1293 4465 esi
1362 4417 1397 4465 14
1414 4415 1518 4466 adnecti

218 4487 342 4534 memoria
361 4486 430 4534 uenit
500 4489 531 4537 15
549 4483 688 4550 Salustius]
708 4485 743 4548 cf.
755 4485 838 4534 Prisc.
859 4483 875 4532 I
891 4499 919 4547 p.
930 4487 1017 4547 258,6
1068 4486 1102 4533 sit
1152 4494 1287 4533 consuerat
1356 4483 1391 4532 te
1409 4482 1519 4533 Priscia-

220 4549 280 4618 nus]
302 4555 341 4602 lle
359 4555 456 4603 nomine
475 4562 557 4618 clep
560 4557 646 4617 ,444
666 4556 700 4602 26
718 4553 752 4605 Κ.
834 4553 865 4601 17
884 4567 910 4600 es
930 4553 997 4601 treta
1053 4551 1282 4617 incorporabilibus
1352 4552 1387 4601 tn
1405 4551 1519 4601 tumulus

218 4623 252 4670 24
270 4617 431 4674 ΚΕΑΡΧωΝ
506 4625 539 4672 25
540 4572 743 4677 ρΦΕΤΡιιΤω(
763 4617 803 4671 ΚΕ
824 4613 992 4671 ΓΥ)-(Νιιιὶιι
1077 4622 1110 4671 26
1129 4617 1258 4671 ΗΙΤΗΑΗ
1277 4635 1306 4667 ee
1378 4616 1518 4675 ΚΕῐιΑΠΗ

219 4689 276 4737 28
271 4705 297 4738 ιιι
315 4690 386 4738 edem
455 4693 488 4739 23
506 4686 625 4753 questus]
645 4700 745 4738 caestus
764 4689 847 4740 Prisc.
865 4689 937 4753 apud
953 4688 1106 4753 lt'et'tt'mnp,
1125 4690 1186 4752 444,
1200 4690 1235 4738 35
1304 4688 1336 4737 at
1355 4684 1419 4737 tecit
1487 4690 1520 4739 32

221 4756 374 4821 sinagopam
427 4768 543 4822 portatur
612 4761 644 4807 33
663 4758 722 4803 item
740 4757 830 4805 artitus
