3420 5378
725 204 765 213 -
810 180 873 226 VIll
917 202 957 211 —-

199 359 375 417 ceterarum
390 373 517 435 quoque
531 350 699 417 Heluetiae
714 351 842 415 urbium
856 349 1067 416 bibliothecas
1087 348 1166 432 adii,
1189 349 1499 436 sangallensem

199 462 286 545 dico,
308 461 594 545 Basileensem,
617 460 908 526 Geneuensem:
936 482 1011 525 nam
1026 460 1112 524 illius
1128 461 1272 544 claustri,
1293 462 1344 525 cui
1361 464 1497 547 Ange-

199 573 325 638 lorum
346 571 458 636 Mons
479 593 599 637 nomen
621 575 684 653 est,
712 570 864 635 Frowino
892 570 970 635 duce
998 571 1125 635 saeculo
1151 570 1338 636 duodecimo
1361 572 1500 655 conditi,

199 704 272 748 cum
291 681 376 747 Galli
392 680 520 746 Morelii
542 679 755 746 Einsidlensis
776 679 907 746 schedas
929 680 1200 766 bibliographicas
1222 681 1397 746 liberaliter
1419 704 1499 747 oon-

199 815 302 859 cessss
328 796 532 879 perscrutans
561 812 629 854 non
656 790 719 854 nisi
746 812 847 855 unum
874 792 993 856 librum
1014 792 1208 856 inuenissem
1231 796 1373 857 extremo
1396 793 1498 859 medii

198 904 269 967 aeui
291 904 355 968 fine
376 901 589 986 perscriptum
604 899 698 985 (plut.
714 899 776 984 VI,
795 901 851 965 27:
879 901 960 966 liber
975 902 1222 986 grammaticalis
1238 901 1375 967 Georius
1391 903 1499 971 dicus

200 1034 280 1078 saec.
303 1011 397 1098 XV),
425 1032 497 1075 meo
525 1011 594 1074 iure
619 1010 742 1076 nullam
763 1011 922 1076 rationem
943 1011 1050 1076 habui.
1095 1010 1156 1076 Sed
1179 1013 1257 1077 haec
1278 1017 1407 1098 postero
1429 1015 1498 1080 for-

198 1123 292 1188 tassis
318 1126 478 1206 tempore,
507 1143 580 1185 cum
607 1143 674 1185 non
701 1122 811 1186 uiuere
839 1121 959 1204 solum,
986 1121 1041 1185 sed
1068 1123 1265 1208 peregrinari
1293 1146 1420 1208 quoque
1443 1125 1498 1191 lit

199 1239 339 1298 terarum
362 1252 458 1295 causa
478 1252 536 1314 per
557 1253 705 1296 nummos
726 1231 867 1315 licuerit,
891 1231 1033 1315 expediri
1056 1235 1216 1316 poterunt.
1255 1233 1404 1298 Ceterum
1419 1235 1498 1301 libri

199 1341 419 1427 Sangallensie
439 1363 516 1425 prae
538 1342 651 1407 ceteris
672 1342 809 1406 maxime
832 1342 1063 1425 memorabilis,
1090 1364 1153 1426 quo
1176 1342 1324 1409 Dosithei
1347 1343 1498 1428 Magistri

199 1455 370 1536 praccepta
396 1453 618 1535 continentur,
645 1452 708 1517 hoc
737 1453 808 1536 ipso
836 1474 922 1517 anno
950 1452 1098 1536 princeps
1126 1474 1208 1536 quae
1236 1458 1370 1518 uocatur
1395 1453 1497 1522 editio

200 1561 306 1627 Keilio
329 1567 458 1628 auctore
480 1562 572 1628 Halis
597 1561 727 1646 prodiit.

284 1671 353 1737 Nec
367 1673 436 1738 fieri
452 1674 584 1738 omnino
599 1675 740 1757 poterat,
762 1676 800 1737 ut
821 1695 859 1737 ea
880 1673 965 1756 ipsa,
987 1695 1069 1757 quae
1091 1695 1130 1738 ex
1151 1674 1269 1757 tribus,
1292 1697 1371 1758 quas
1392 1678 1497 1741 nomi-

200 1783 291 1866 naui,
327 1782 531 1848 bibliothecis
568 1783 774 1868 collegeram,
815 1783 925 1848 omnia
959 1782 1079 1866 publici
1116 1784 1194 1874 iuris
1230 1783 1384 1870 facerem,
1422 1809 1495 1851 cum

60 1954 63 1960 .
200 1896 398 1958 accrescente
427 1893 463 1956 in
485 1892 551 1958 dies
573 1894 833 1979 apographorum
855 1897 1139 1978 excerptorumque
1162 1894 1305 1977 cumulo,
1334 1917 1375 1960 ne
1404 1897 1495 1961 fasci-

200 2002 346 2067 culorum
374 2003 513 2087 spatium
540 2026 561 2068 a
581 2004 758 2088 bibliopola
784 2004 1008 2070 liberalissimo
1037 2025 1222 2068 concessum
1251 2004 1380 2089 longius
1408 2030 1496 2071 exce-

200 2112 323 2198 derem,
344 2113 504 2179 nonnulla
524 2135 654 2199 prorsus
676 2114 887 2198 relinquenda
908 2118 1029 2198 essent,
1059 2115 1161 2179 multa
1182 2114 1355 2179 artioribus
1378 2117 1495 2182 finibus

200 2223 451 2310 constringenda
471 2224 524 2289 uel
548 2224 744 2289 tenuissimis
771 2225 974 2289 lineamentis
1003 2224 1229 2290 adumbranda.
1274 2224 1401 2310 Itaque,
1431 2250 1495 2311 quo

200 2335 329 2420 longius
355 2335 390 2400 in
419 2355 515 2417 opere
542 2333 739 2401 conficiendo
769 2339 802 2398 et
824 2334 1014 2418 expoliendo
1041 2334 1283 2420 progrediebar,
1311 2357 1348 2400 eo
1377 2337 1450 2420 plus
1477 2359 1496 2402 a

200 2445 337 2530 pristino
366 2444 503 2510 consilio
529 2444 608 2510 alias
635 2444 920 2510 commentationes
950 2467 1017 2510 non
1044 2448 1111 2510 tam
1133 2468 1153 2510 a
1174 2444 1320 2510 codicum
1341 2446 1496 2512 hactenus

200 2555 440 2642 incognitorum
467 2555 519 2619 uel
546 2555 767 2639 neglectorum
789 2556 978 2621 auctoritate
1000 2556 1175 2639 profectas,
1205 2576 1301 2638 quam
1329 2557 1368 2621 ad
1391 2580 1494 2622 emen-

201 2665 306 2732 danda
319 2665 603 2752 grammaticorum
624 2665 703 2730 olim
725 2664 883 2731 editorum
904 2666 1024 2749 scripta
1044 2665 1227 2751 institutes,
1247 2687 1328 2749 quae
1351 2672 1495 2734 ueterum

200 2776 313 2842 studiis
340 2776 556 2863 grammaticis
584 2776 781 2864 explicandis
802 2777 1011 2861 inseruirent,
1039 2775 1266 2861 interponendi
1288 2777 1340 2840 uel
1363 2779 1496 2860 corolla-

201 2887 322 2950 riorum
337 2887 440 2951 instar
454 2887 632 2968 subiciendi
653 2886 852 2970 recedebam,
875 2889 951 2970 quia
969 2910 1010 2953 ne
1025 2886 1233 2955 Cledonianis
1248 2886 1391 2970 quidem,
1414 2911 1496 2971 quae

168 3066 173 3074 ,
202 2995 426 3080 promiseram,
449 2995 563 3060 studiis
584 2995 674 3060 locus
690 2995 940 3087 relinquebatur.
974 2996 1112 3062 Ferebat
1127 2997 1212 3060 enim
1228 2996 1368 3080 animus,
1391 3020 1495 3063 emen-

202 3104 347 3170 dationes
376 3103 523 3171 Oledonii
550 3125 690 3189 gramm·
712 3105 782 3171 Lat.
811 3104 876 3170 uol.
898 3105 929 3170 V
951 3127 983 3189 p.
1006 3105 1067 3170 681
1096 3127 1162 3189 seq.
1185 3107 1365 3189 propositas
1393 3109 1495 3173 causis

201 3216 443 3300 rationibusque
464 3215 592 3280 firmare
598 3264 607 3299 ,
631 3216 717 3298 quod
737 3217 843 3301 ipsum
865 3216 900 3281 in
914 3237 1065 3300 praesens
1080 3214 1291 3280 differendum
1305 3216 1376 3283 fuit.
1414 3217 1496 3283 Item

202 3326 312 3393 omnia
337 3326 394 3392 illa
419 3324 704 3411 praetermittenda
731 3348 798 3392 esse
827 3331 917 3393 ratus
943 3348 1031 3411 sum,
1060 3347 1142 3410 quae
1169 3326 1243 3391 inde
1267 3348 1287 3391 a
1308 3327 1495 3393 duodecimo

201 3438 328 3504 saeculo
350 3459 451 3522 usquc
473 3435 513 3503 ad
535 3435 632 3502 medii
654 3436 726 3502 aeui
747 3438 844 3501 finam
864 3437 1064 3523 grammatici
1079 3437 1357 3524 excogitauerunt,
1380 3438 1496 3521 quibus

201 3571 269 3614 non
290 3547 385 3633 pauci
407 3547 481 3613 libri
503 3571 576 3614 cum
596 3547 652 3613 alii
666 3550 736 3612 tum
750 3546 930 3613 Beruenses
944 3548 1059 3632 repleti
1081 3552 1170 3632 sunt,
1192 3570 1260 3613 non
1282 3569 1346 3631 quo
1369 3548 1497 3614 inutilia

201 3660 264 3725 ista
291 3681 359 3724 esse
387 3659 574 3743 arbitrarer,
602 3658 721 3744 quippe
749 3679 830 3742 quaa
857 3658 897 3723 ad
924 3657 1054 3723 illorum
1079 3661 1261 3743 temporum
1284 3657 1442 3721 sentiendi
1465 3665 1497 3724 et

202 3769 328 3835 dicendi
356 3790 479 3835 morem
505 3769 732 3835 illustrandum
760 3769 837 3834 satis
863 3769 1000 3834 multum
1027 3769 1173 3835 conferre
1201 3766 1408 3850 confiderem,
1442 3769 1496 3833 sed

126 3934 128 3939 .
202 3880 279 3964 quia
304 3879 343 3945 de
370 3879 422 3945 his
444 3877 579 3946 Carolus
600 3879 764 3945 Thurotus
786 3879 941 3944 Parisinis
969 3885 1209 3965 ceterarumque
1232 3876 1356 3943 Galbae
1384 3878 1496 3943 biblio-

202 3989 368 4056 thecarum
390 3990 480 4056 libris
501 3989 686 4076 perquisitis
709 3990 830 4074 optime
852 3990 984 4055 meritus
1005 3992 1160 4076 plurimos
1175 3990 1304 4054 illarum
1318 3986 1496 4053 litterarum

130 4152 134 4159 .
203 4101 310 4167 fontes
323 4102 388 4166 iam
405 4102 530 4167 retexit.
567 4101 737 4166 Praeterea
758 4100 796 4165 de
819 4099 916 4164 medii
938 4101 1008 4165 aeui
1030 4103 1142 4168 studiis
1165 4096 1382 4185 grammaticis
1404 4121 1497 4182 quae-

203 4210 287 4276 renti
316 4232 354 4274 ea
380 4212 584 4295 potissimum
611 4217 779 4278 auctorum
811 4211 931 4295 scripta
961 4214 1091 4277 maximi
1124 4207 1280 4275 momenti
1313 4227 1379 4270 esse
1411 4208 1496 4273 uide·

204 4322 336 4405 bantur,
371 4322 487 4405 quibus
517 4326 662 4390 ueterum
690 4322 972 4411 grammaticorum
998 4325 1169 4407 praecepta
1195 4321 1252 4383 aut
1279 4318 1416 4400 repetita
1442 4325 1497 4384 aut

203 4453 352 4515 expressa
379 4438 484 4518 crant,
512 4432 545 4498 id
572 4434 659 4518 quod
685 4435 724 4500 de
751 4436 964 4499 extremorum
992 4414 1192 4498 saeculorum
1214 4427 1422 4510 scriptoribus
1443 4451 1496 4493 ne-

204 4562 364 4628 quaquam
395 4544 572 4628 praedicari
604 4550 726 4630 potest,
761 4567 834 4611 cum
868 4548 998 4629 excepto
1030 4540 1177 4624 Vergilio
1206 4537 1338 4603 Marone
1367 4539 1496 4621 eiusque
