3420 5378
655 296 864 348 BERNENSIS.
1346 294 1407 358 129

113 478 308 559 laqueatus
335 481 457 549 lacus;
486 479 616 542 uultus
643 501 791 561 qnoque
820 484 899 561 ipsa
924 502 983 542 ros
1007 501 1086 543 esse
1110 482 1263 543 uidetur
1285 500 1300 541 n
1324 481 1408 542 uolo

113 582 244 653 uerbo,
276 584 458 663 quomodo
488 603 504 644 a
537 581 618 643 colo
648 583 779 644 cultus.
824 582 978 663 Excipitur
1007 591 1114 644 uentus
1142 587 1239 652 uenti,
1273 587 1409 663 quamuis

113 685 252 745 uideatur
274 683 331 745 boc
353 703 462 745 nornen
484 684 580 746 simile
603 702 668 745 esse
690 684 886 764 incorporali,
910 683 988 762 quod
1008 685 1128 744 anenio
1151 684 1244 747 uerbo
1267 686 1408 754 nascitur,
1451 753 1454 759 ¹

112 803 147 845 ex
171 803 230 864 quo
258 787 444 865 conpositum
473 785 619 847 aduentus
641 785 771 847 aduenti.
816 785 877 847 Nec
905 805 964 847 nou
996 787 1141 863 excipitur
1163 794 1283 846 sauctus
1304 788 1409 856 sancti,

85 888 250 964 squamuis
273 905 290 947 c
311 887 419 949 babeat
447 894 515 948 ante
544 896 601 948 tus.
647 886 720 948 ltem
749 888 888 948 leminiua
917 890 947 947 iu
980 906 1014 947 us
1047 896 1215 965 correptam
1245 887 1409 949 desinentia

112 997 235 1068 quartae
258 987 463 1050 declinationis
486 997 568 1059 suut,
593 997 626 1050 ut
647 988 721 1050 baec
743 1007 847 1049 manus
870 988 958 1048 buius
980 1006 1103 1058 manus,
1127 988 1201 1051 baec
1217 1007 1319 1060 nurus,
1336 989 1410 1049 baec

112 1108 233 1159 socrus,
264 1089 336 1151 baec
364 1093 513 1169 porticus,
545 1089 619 1151 baec
648 1109 724 1151 anus
746 1098 776 1151 et
797 1099 906 1151 cetera.
951 1089 1103 1168 Excipitur
1131 1089 1204 1150 baec
1232 1089 1315 1152 aluus
1342 1090 1409 1158 alui,

112 1190 220 1252 bumus
242 1191 339 1261 humi,
364 1199 393 1251 et
415 1192 488 1251 baec
510 1191 617 1253 domus
639 1191 729 1253 buius
751 1191 831 1251 domi
853 1191 900 1252 uel
925 1191 1014 1252 buius
1037 1190 1157 1260 domus,
1182 1199 1211 1252 et
1233 1190 1306 1253 baec
1328 1191 1410 1253 colus

112 1293 201 1354 buius
223 1292 280 1353 coli
302 1291 349 1354 uel
372 1292 459 1353 buius
481 1291 573 1353 colus.
611 1293 673 1354 ntia
696 1311 770 1354 uero
793 1295 911 1354 nomina
934 1295 964 1354 in
988 1312 1022 1354 us
1045 1299 1212 1372 correptam
1235 1292 1410 1360 desinentia,

74 1407 100 1447 1⁰
112 1394 175 1455 siue
197 1393 360 1455 masculina
383 1396 447 1455 siue
469 1394 610 1455 leminina
633 1395 759 1463 luerint,
788 1395 935 1455 secundae
959 1393 1166 1455 declinationis
1188 1403 1271 1455 suut:
1296 1412 1410 1454 mascu-

111 1493 185 1564 lina,
217 1504 251 1556 ut
272 1495 322 1556 bic
345 1495 441 1556 bonus
463 1495 551 1556 buius
575 1495 659 1564 boni,
688 1496 738 1557 bie
765 1496 907 1556 humerus
934 1495 1022 1556 buius
1050 1495 1181 1564 humeri,
1211 1494 1260 1554 bic
1288 1513 1410 1556 somnus

111 1593 200 1659 buius
222 1597 319 1658 somni
342 1606 372 1658 et
394 1600 493 1657 omnia
522 1596 635 1657 adiecta
664 1596 785 1657 mobilia
807 1599 838 1657 in
861 1615 895 1657 us
918 1596 1084 1659 desinentia
1110 1639 1279 1657 ......
1303 1596 1328 1654 si
1350 1597 1410 1657 siut

111 1700 230 1778 propria
253 1697 302 1760 uel
324 1702 513 1775 appellutiuu
529 1698 642 1759 Graeca
664 1700 694 1758 in
711 1715 744 1758 os
764 1698 841 1777 apud
858 1698 987 1760 Graecos
1010 1698 1174 1759 desinentia
1197 1696 1245 1760 uel
1268 1696 1408 1759 arborum

112 1801 246 1869 nomina,
270 1799 419 1862 secundae
441 1809 510 1860 sunt
531 1798 752 1868 declinationis;
781 1801 917 1879 propria,
948 1809 980 1862 ut
1002 1800 1076 1862 baec
1098 1799 1194 1878 Tyrus
1216 1798 1305 1860 buius
1328 1799 1408 1879 Tyri,

73 1899 185 1962 obsec
208 1900 321 1980 Cyprus
344 1901 433 1962 buius
455 1901 554 1980 Cypri,
579 1904 768 1978 appetentius
790 1902 911 1972 Graeca,
936 1908 969 1962 ut
991 1901 1065 1961 baec
1087 1907 1187 1961 arctus
1210 1902 1298 1970 arcti;
1322 1901 1409 1963 arbo·

110 2021 177 2064 rum
194 2004 332 2071 nomina,
356 2013 388 2062 ut
410 2003 483 2063 baec
505 2020 668 2082 cupressus
684 2005 834 2082 cupressi,
858 2005 943 2083 pirus
958 2003 1029 2082 piri,
1052 2000 1176 2062 arbutus
1192 2001 1301 2072 arbuti,
1324 2002 1409 2065 alnus

111 2103 181 2165 alui.
227 2103 380 2183 Excipitur
403 2122 496 2164 uuum
520 2121 629 2165 nomen
658 2105 833 2164 lemiuinum
861 2105 1032 2183 proprium,
1057 2102 1136 2183 quod
1160 2105 1298 2181 quamuis
1321 2107 1352 2165 in
1375 2123 1410 2164 us

111 2214 280 2284 correptam
308 2205 431 2276 desinit,
456 2215 553 2267 tamen
576 2207 681 2267 tertiae
708 2203 913 2267 declinationis
942 2213 1002 2274 est,
1030 2212 1064 2266 ut
1092 2203 1164 2265 haec
1193 2207 1292 2269 Venus
1322 2207 1410 2267 buius

111 2307 251 2375 Veneris,
274 2305 343 2368 ideo
366 2326 414 2378 nc,
436 2309 462 2369 si
485 2307 584 2369 Venus
607 2309 680 2368 Veni
702 2305 910 2376 declinaretur,
934 2306 1149 2367 dubitationem
1172 2307 1297 2369 baberet
1318 2325 1410 2386 gene-

72 2408 191 2468 nunus
220 2425 288 2468 cum
317 2409 412 2470 uerbo
440 2411 618 2488 imperatiuo
648 2411 725 2470 ueni.
776 2408 809 2468 lu
837 2426 872 2469 us
905 2417 1002 2469 autem
1037 2408 1211 2487 productam
1245 2408 1408 2470 desinentia

111 2510 232 2570 uomina
260 2510 400 2571 leminina
429 2513 494 2572 sine
522 2509 614 2571 dubio
643 2512 747 2572 tertiae
775 2509 982 2571 declinationis
1009 2518 1093 2580 suut,
1126 2519 1157 2571 nt
1178 2509 1251 2570 baec
1280 2513 1410 2571 seruitus

111 2610 198 2671 buius
226 2612 393 2672 seruitutis:
423 2613 465 2673 sic
494 2620 631 2673 senectus
659 2614 799 2673 inuentus
826 2609 912 2672 tellus
940 2610 1036 2690 palus.
1079 2611 1191 2673 Neutra
1219 2629 1292 2671 uero
1320 2612 1350 2672 in
1374 2630 1410 2672 us

110 2711 276 2773 desinentia
306 2731 357 2773 seu
385 2712 560 2790 productam
590 2732 642 2775 scu
672 2720 839 2792 correptam
869 2713 973 2773 tertiae
1002 2711 1208 2773 declinationis
1236 2721 1306 2772 suut
1328 2719 1358 2771 et
1378 2713 1409 2772 iu

110 2815 154 2874 ris
182 2815 343 2874 terminant
369 2815 525 2892 genetiuo,
554 2822 588 2875 ut
614 2817 661 2875 ius
689 2815 777 2885 iuris,
807 2814 874 2893 plus
896 2813 1003 2893 pluris,
1034 2814 1129 2874 mains
1152 2808 1287 2880 maioris,
1311 2813 1410 2873 miuus

71 2928 98 2970 aa
111 2916 253 2989 minoris,
283 2932 392 2994 corpus
414 2918 565 2995 corporis,
595 2916 711 2992 pondus
732 2916 888 2995 ponderis,
918 2924 1023 2995 pectus
1044 2916 1189 2994 pectoris,
1214 2931 1322 2975 munus
1344 2933 1409 2974 mu-

111 3017 203 3078 neris.
239 3015 434 3097 Excipiuutur
457 3016 513 3078 boc
536 3015 657 3095 pelagus
679 3015 788 3095 pelagi,
813 3016 892 3093 quod
916 3015 1062 3077 Graecum
1086 3024 1175 3077 estet
1195 3017 1410 3096 interpretatur

109 3117 306 3199 profundum,
336 3126 366 3178 et
392 3117 450 3178 boc
472 3117 580 3196 uulgus
603 3116 699 3195 uulgi,
728 3116 807 3193 quod
832 3124 862 3177 et
884 3116 1078 3178 masculinum
1102 3126 1161 3186 est,
1190 3124 1220 3178 et
1249 3119 1330 3178 uirus
1352 3120 1410 3180 uiri

15 3210 20 3219 ’
111 3227 142 3280 et
168 3237 225 3297 pus
252 3217 471 3281 indeclinabile.
517 3218 690 3281 Communia
720 3236 792 3278 uero
822 3220 913 3278 trium
944 3235 1086 3296 generum
1115 3221 1146 3280 in
1176 3238 1211 3280 us
1240 3231 1408 3301 correptam

111 3320 277 3382 desinentia
298 3324 404 3383 tertiae
426 3319 633 3381 declinationis
660 3328 743 3394 suut,
773 3328 806 3381 ut
828 3319 878 3380 bie
898 3327 928 3379 et
949 3319 1023 3380 haec
1047 3329 1076 3380 ct
1098 3318 1154 3381 boc
1179 3329 1265 3382 uetus
1287 3323 1408 3389 ueteris,

70 3422 160 3501 puta
181 3431 212 3484 et
233 3423 307 3484 baec
330 3431 360 3483 et
380 3422 437 3483 boc
464 3422 554 3500 Ligus
582 3421 716 3500 Liguris,
745 3421 823 3501 quod
848 3429 893 3482 est
913 3422 1039 3500 gentile,
1070 3429 1100 3482 et
1122 3420 1180 3482 duo
1203 3425 1322 3482 nomina
1346 3441 1408 3483 mo·

110 3523 261 3604 uospllaba
285 3526 453 3585 communia
477 3524 603 3584 duorum
625 3541 786 3601 generum,
815 3541 891 3602 quae
919 3521 1126 3602 producuntur
1149 3524 1346 3594 nominatim,
1377 3532 1410 3584 ut

109 3626 159 3686 bic
181 3633 211 3686 et
233 3626 307 3686 baec
328 3644 380 3687 sus
404 3626 481 3695 suis,
504 3624 554 3685 bic
578 3633 608 3702 ct
629 3624 703 3685 baec
724 3643 797 3704 grus
819 3625 917 3700 gruis:
947 3642 1014 3685 nam
1038 3641 1104 3685 mus
1126 3625 1221 3685 muris
1244 3625 1408 3705 epicoenon

110 3737 171 3797 est,
200 3726 278 3806 quod
302 3745 318 3787 a
341 3727 455 3788 Graeco
482 3724 547 3806 μῦς
575 3727 699 3786 mutauit
726 3746 749 3786 v
771 3727 802 3786 in
826 3744 844 3785 u
867 3724 995 3802 longam.
1040 3725 1159 3787 Nullum
1188 3728 1268 3787 enim
1300 3745 1408 3787 nomeu

110 3827 248 3891 Latinum
277 3828 474 3890 masculinum
502 3829 534 3887 in
559 3847 592 3888 us
614 3827 788 3907 productam
812 3827 931 3887 desinit.
977 3827 1089 3888 Graeca
1116 3829 1208 3907 igitur
1229 3830 1259 3889 in
1282 3847 1317 3889 us
1338 3846 1408 3907 pro·

71 3941 98 3982 ³⁵
110 3929 229 3991 ductam
253 3930 416 3991 desinentia
441 3928 518 4009 apud
542 3930 672 3990 Graecos
693 3929 723 3989 iu
747 3926 804 4000 dog
832 3930 1020 3990 terminantia
1048 3933 1218 4008 genetiuum
1236 3927 1247 4012 ΙΙ
1263 3931 1284 3992 1.
1302 3927 1376 3989 111b
1393 3927 1406 4011 ll

179 4150 324 4201 llaceatur
376 4164 442 4198 auu
462 4148 539 4198 uerbo
591 4147 714 4198 taenio
767 4148 860 4198 bitem
878 4145 1013 4214 feminina]
1032 4150 1067 4212 as.
1087 4149 1169 4199 Prisc.
1188 4166 1215 4214 p.
1236 4152 1341 4210 445,2θ
1393 4151 1408 4199 6

110 4233 198 4268 murus
268 4216 366 4268 'itlius
435 4215 532 4266 9colis
585 4215 642 4264 Alio
660 4230 721 4267 uero
740 4213 855 4281 uomina]
874 4216 910 4279 ef.
928 4217 1013 4266 Probe.
1032 4220 1050 4265 l.
1068 4221 1085 4271 l.
1101 4234 1128 4281 p.
1148 4219 1242 4272 aar
1312 4220 1340 4266 11
1361 4217 1409 4267 bu·

109 4283 208 4350 merus]
227 4285 351 4335 Homerus
370 4285 453 4334 Prisc.
472 4286 544 4348 opud
559 4283 668 4333 Keiliaan
685 4300 711 4348 p.
731 4286 827 4346 ΗΜ
907 4286 938 4333 11
957 4285 983 4332 iu
1002 4299 1032 4333 us
1050 4281 1205 4350 desinentia]
1224 4285 1259 4348 es.
1280 4285 1362 4334 Prisc.
1378 4302 1407 4350 p.

111 4355 172 4417 445,
182 4355 227 4403 15:
247 4354 316 4403 lons
334 4363 477 4418 correptam
495 4351 636 4401 desinentia
655 4350 777 4400 leminina
796 4352 818 4400 si
836 4352 888 4400 sint
906 4352 1011 4417 propria
1029 4351 1069 4401 uel
1088 4351 1244 4418 appellntiua
1255 4350 1350 4402 Graeco
1363 4364 1409 4402 etc.

111 4422 143 4470 13
160 4421 320 4486 appellntiuu
337 4437 385 4471 om.
455 4435 545 4485 grecus
634 4420 664 4468 lb
682 4420 768 4482 ciprus
786 4418 863 4468 buius
881 4421 953 4484 cypri
975 4435 1066 4483 grecus
1089 4431 1118 4469 ut
1134 4419 1197 4469 haec
1214 4432 1299 4469 arctus
1377 4421 1409 4470 16

109 4488 231 4539 arbustus
249 4489 347 4538 arbusti
418 4490 449 4539 19
467 4501 526 4537 uam
539 4488 561 4536 si
574 4487 662 4535 Venus
673 4483 750 4550 Veni]
770 4487 804 4549 cs.
817 4487 937 4539 Prienl
953 4504 981 4551 p.
992 4490 1051 4547 2⁶9,
1062 4490 1094 4537 21
1163 4490 1197 4538 10
1215 4489 1243 4537 lu
1261 4503 1291 4536 us
1310 4485 1406 4552 nutem]

109 4557 145 4618 cf.
163 4557 248 4610 Prisc.
266 4559 299 4608 de
317 4558 415 4607 nomae
434 4564 481 4607 etc.
499 4572 525 4620 p.
545 4557 605 4616 145,
627 4557 661 4603 36
762 4556 795 4603 11
814 4553 909 4603 Neutra
928 4551 1001 4622 uero]
1021 4555 1055 4618 cs.
1074 4555 1159 4608 Prisc.
1179 4559 1194 4605 l.
1214 4559 1229 4605 l.
1246 4573 1274 4619 p.
1293 4558 1354 4619 445,
1374 4557 1408 4605 tr

109 4626 143 4674 14
160 4625 245 4675 minus
263 4626 348 4674 minus
367 4625 475 4673 minoris
542 4621 674 4686 adpingi
742 4622 775 4671 18
794 4633 818 4672 et
836 4622 895 4688 plus
948 4621 1098 4672 Communia
1116 4620 1190 4688 uero]
1210 4624 1245 4687 cs.
1263 4624 1408 4676 eruent.

109 4693 144 4741 28
212 4691 246 4743 30
263 4693 353 4758 liguris
423 4694 455 4742 31
474 4690 557 4756 epicos
577 4705 628 4739 uou
697 4692 731 4740 33
748 4689 797 4739 mis
850 4692 983 4740 rnutouiti
1036 4687 1140 4756 nomen]
1161 4692 1306 4755 uumerallll
1376 4692 1409 4741 34

110 4759 205 4809 Graeca
224 4758 314 4828 igitur]
335 4761 419 4810 Prisc.
439 4765 456 4810 l.
475 4762 491 4811 l.
513 4762 550 4808 33

135 4858 231 4900 (inan.
243 4868 296 4899 nas.
309 4859 392 4900 suern.
1190 4846 1206 4897 9
