3420 5378
560 313 599 363 1n
618 311 702 365 non.
721 311 848 362 aaran
866 310 1045 362 naronun.
1393 307 1455 372 241

162 499 287 563 naues
309 499 449 561 dicuntur
471 500 587 561 animae
602 507 797 562 mortuoram
820 498 868 561 uel
892 499 932 560 dii
954 498 1130 561 infernales:
1155 500 1302 559 ‘manum’
1318 495 1457 557 dicebaut

163 601 278 681 antiqui
301 600 426 671 bonum,
451 601 520 662 inde
542 602 653 663 ‘mane’
676 604 771 682 prima
795 621 863 682 pars
885 600 960 671 diei,
983 601 1053 662 hinc
1075 601 1163 662 etiam
1186 618 1240 681 per
1254 597 1457 660 catantiIrasin

162 705 183 763 i·
207 721 262 782 per
285 704 467 764 contrarium
490 704 628 764 ‘manes’
652 703 800 773 dicuntur,
831 722 865 764 eo
888 702 966 784 quod
990 721 1050 764 non
1072 708 1140 763 sunt
1162 701 1242 762 boni.
1287 700 1459 772 Quirites

163 805 303 866 dicuntur
327 805 451 866 Romani
472 823 488 865 a
512 804 636 876 Quirino
658 806 678 864 i·
702 823 717 866 a
742 789 882 872 Romulo,
912 807 963 882 qui
987 805 1101 882 etipse
1130 801 1238 865 dicitur
1260 820 1276 862 a
1299 803 1414 882 ‘quiri’
1437 803 1457 861 i·

137 906 264 976 abacta,
295 923 382 986 quam
406 923 525 983 semper
546 907 578 966 in
600 925 689 968 manu
717 906 870 987 portabat;
900 907 1029 984 ‘quiris’
1053 906 1131 966 enirn
1160 903 1258 983 lingua
1280 904 1458 966 Sabinorum

162 1006 245 1068 basta
270 1016 403 1069 uocatur.
448 1006 520 1067 Pax
549 1006 740 1086 singulariter
767 1006 941 1069 declinatur.
987 1007 1060 1068 Nam
1084 1009 1109 1068 si
1132 1006 1276 1067 diuiditur
1298 1025 1369 1086 pax,
1399 1005 1458 1065 alis·

163 1108 264 1169 cordia
288 1112 354 1170 erit.
399 1108 473 1169 Lux
496 1108 642 1179 similiter,
661 1128 727 1170 nam
750 1112 774 1170 si
798 1109 957 1178 diuidatur,
981 1107 1124 1170 tenebrae
1145 1126 1266 1186 semper
1287 1106 1457 1170 manebunt.

162 1209 227 1271 Lux
250 1208 358 1271 dicitur
380 1229 395 1271 a
420 1209 545 1278 luendo,
569 1212 589 1270 i·
613 1231 628 1272 a
651 1202 821 1290 purgando,
846 1229 881 1272 eo
904 1209 983 1290 quod
1005 1216 1111 1292 purgat
1132 1209 1300 1279 tenebras.
1328 1208 1457 1270 llalen·
1473 1227 1522 1274 are,
1536 1228 1561 1266 ar

164 1310 230 1373 dac
253 1311 391 1373 dicuntur
421 1310 575 1390 pluraliter
597 1331 613 1373 a
637 1313 740 1374 ‘kalo'
764 1314 784 1371 i·
809 1330 894 1373 noco.
939 1312 1012 1372 Nam
1041 1312 1180 1373 sacerdos
1207 1312 1319 1373 Romae
1342 1312 1459 1390 Capito-

125 1411 236 1472 mlinm
262 1409 383 1495 ll163ll
407 1413 571 1475 ascendens
594 1421 637 1474 tot
659 1413 774 1475 uicibus
803 1413 962 1488 clamabat,
991 1421 1064 1492 quot
1092 1413 1156 1474 dies
1184 1412 1336 1475 restabant
1365 1431 1460 1492 usque

162 1512 199 1575 ad
227 1512 294 1573 idus
320 1517 340 1574 i·
372 1513 548 1577 diuisionem
578 1518 704 1587 mensis,
735 1524 764 1576 et
791 1515 921 1577 dicebat:
963 1514 1047 1589 ‘kalo
1076 1513 1175 1575 lalo’:
1209 1515 1276 1576 ideo
1306 1513 1460 1595 pluraliter

162 1613 361 1676 declinantur.
407 1616 601 1678 Nundinae
630 1618 770 1678 dicuntur
794 1618 989 1678 mercationes
1012 1637 1027 1678 a
1051 1617 1144 1678 uerbo
1166 1616 1330 1678 ‘nundinor
1352 1616 1458 1678 nundi-

163 1718 256 1779 naris’
278 1717 298 1776 i·
322 1735 439 1778 mercor
468 1720 623 1788 mercaris,
657 1727 690 1792 et,
717 1721 784 1798 quia
817 1717 952 1800 pluribus
986 1717 1091 1779 diebus
1123 1717 1363 1789 celebrabantur,
1391 1718 1459 1779 ideo

162 1836 283 1896 semper
310 1817 464 1898 pluraliter
493 1821 666 1885 eileruntur.
718 1820 851 1881 Feriae
885 1820 1022 1881 dicuntur
1050 1839 1067 1880 a
1096 1819 1198 1890 lando,
1229 1822 1297 1901 quia
1327 1819 1400 1881 deris
1429 1822 1457 1879 in

125 1904 315 1980 mercatione
345 1920 447 1982 mundi
475 1922 561 1981 dixit:
592 1924 659 1983 ‘liat
682 1923 758 1986 liat'.
804 1921 873 1982 ldeo
903 1920 1057 2002 pluraliter
1085 1922 1358 1991 dicunturieriae,
1388 1922 1459 1983 licet

161 2018 285 2081 abusiue
319 2020 435 2082 dicatur
467 2024 579 2102 ‘prima
608 2025 700 2084 ieria’
730 2023 877 2084 ‘secunda
906 2023 1009 2087 ieria'.
1060 2020 1283 2102 Quadrigae‚
1318 2023 1458 2084 dicuntur

162 2120 271 2200 quibus
301 2131 440 2202 quattuor
472 2126 540 2200 equi
575 2123 765 2204 copulantur,
794 2124 881 2204 bigae
916 2143 988 2185 uero
1012 2122 1130 2212 'quibus
1163 2123 1231 2188 duo.
1282 2125 1455 2204 Nuptiae,

160 2221 319 2303 pluraliter
342 2223 543 2294 declinantur,
573 2244 608 2285 eo
637 2225 781 2305 quodibi
803 2225 862 2286 duo
884 2225 1071 2304 copulantur.
1117 2226 1273 2306 Scopae,
1303 2226 1457 2306 pluraliter

159 2322 312 2394 dicuntur,
336 2343 372 2386 eo
386 2326 464 2403 quod
481 2345 517 2386 ex
534 2326 632 2388 multis
648 2329 742 2406 uirgis
764 2334 915 2388 constant:
940 2328 1087 2407 ‘scopare’
1112 2326 1238 2389 dicimus
1253 2329 1455 2407 pauimentum

121 2443 296 2492 aonerrere.
331 2423 525 2500 †Scalineou
553 2428 655 2489 dicunt
683 2430 789 2491 Graeci
819 2428 987 2507 gradatum,
1022 2428 1091 2488 inde
1120 2427 1241 2489 scalae
1264 2449 1279 2490 a
1302 2428 1454 2509 gradibus,

161 2544 198 2589 eo
221 2527 299 2606 quod
324 2547 359 2588 ex
375 2527 475 2590 multis
493 2529 580 2608 lignis
602 2537 747 2597 constant.
792 2529 877 2599 l‘uS,
902 2529 1110 2591 indeclinabile
1132 2538 1191 2598 est,
1215 2531 1332 2609 qnando
1354 2539 1456 2611 putre·
1470 2549 1520 2598 ean,
1534 2552 1558 2589 aa

160 2628 261 2690 dinem
291 2629 338 2690 nel
367 2633 590 2710 corruptionem
619 2635 754 2712 corporis
775 2633 931 2710 significat.
977 2631 1103 2699 Virus,
1133 2629 1241 2692 dicitur
1270 2649 1456 2692 uenenuma

160 2731 192 2791 ui
214 2737 244 2790 et
267 2739 312 2791 est
333 2730 553 2794 indeclinabile.
599 2735 749 2804 lurum,
773 2735 883 2794 dicitur
905 2733 942 2793 ab
965 2750 1036 2793 aura
1059 2733 1111 2792 i·a
1133 2733 1308 2812 splendore:
1334 2732 1404 2794 inde
1428 2741 1457 2793 et

159 2850 269 2895 aurora
291 2833 400 2893 dicitur
422 2836 518 2912 prima
542 2852 611 2915 pars
633 2835 703 2900 diei.
747 2839 964 2913 Argentum,
988 2833 1102 2894 Graece
1125 2835 1261 2913 argyrion
1285 2834 1457 2898 dicitur.-

120 2933 233 2996 aclea
257 2942 286 2995 ct
308 2933 384 2995 aliua
413 2935 536 2997 arbores
563 2944 646 3005 sunt;
676 2937 773 2997 oleum
798 2946 826 2997 et
849 2934 962 2999 oliuum
985 2935 1063 2996 idern
1087 2943 1157 2996 suut
1177 2937 1198 2994 i·
1222 2934 1329 3015 liquor.
1374 2935 1457 2995 Tri·

160 3036 287 3123 ticum,
311 3036 419 3098 dicitur
441 3056 456 3097 a
480 3039 614 3102 terendo.
657 3038 834 3108 Ordcum,
858 3037 965 3098 dicitur
987 3055 1082 3116 genus
1105 3038 1201 3101 larris.
1245 3039 1367 3107 Arma,
1391 3036 1557 3116 plu-aroma

160 3135 263 3200 raliter
278 3138 472 3208 declinantur,
490 3141 556 3219 quia
573 3140 662 3201 multa
678 3141 863 3218 significaat;
880 3139 985 3199 ‘arma'
1002 3141 1081 3199 enim
1096 3147 1242 3201 uocantur
1259 3142 1456 3201 instrumenta

159 3238 251 3301 boum
275 3247 304 3301 et
326 3241 480 3318 pistorum.
526 3242 650 3303 Nostros
673 3243 760 3302 etiam
783 3241 875 3301 libros
897 3259 978 3302 arma
1003 3256 1153 3302 uocanrus.
1199 3240 1270 3301 lude
1293 3242 1455 3301 armarium

159 3340 269 3402 dicitur
291 3340 387 3410 locus,
417 3341 468 3403 ubi
490 3343 654 3421 spiritualia
677 3361 758 3403 arma
783 3342 962 3405 conduntur.
1008 3342 1168 3410 bloenia,
1198 3343 1336 3403 dicuntur
1359 3344 1456 3403 muni-

102 3442 256 3503 ·aotiones
289 3444 451 3507 ciuitatum.
503 3443 682 3512 Floralia,
717 3446 743 3504 i·
777 3444 849 3504 lesta
876 3444 981 3505 Florae
1014 3444 1101 3512 deae,
1138 3445 1291 3505 ministrae
1320 3443 1453 3512 Veneris,

157 3545 244 3605 cuius
271 3544 344 3606 lesta
374 3544 485 3605 uernali
514 3554 647 3625 tempore
676 3544 881 3615 celebrabant,
916 3544 1032 3623 qrrando
1056 3545 1150 3605 liores
1244 3552 1273 3604 et
1300 3544 1456 3625 pluraliter

158 3643 354 3715 declinantur,
384 3649 452 3725 quia
480 3646 581 3708 inultis
604 3646 720 3707 uicibus
742 3647 868 3716 fiebant,
897 3649 917 3706 i·
943 3648 972 3706 in
997 3645 1109 3707 uernali
1132 3655 1276 3726 tempore.
1296 3677 1301 3685 ·
1322 3645 1454 3706 Satur·

157 3745 259 3808 ualia
287 3748 307 3806 i·
338 3746 411 3807 lesia
439 3748 562 3808 Saturni
591 3757 620 3809 et
648 3747 802 3826 pluraliter
832 3748 1034 3818 declinantur,
1064 3751 1132 3826 quia
1164 3766 1342 3827 unoquoque
1377 3766 1455 3808 anuo

157 3848 278 3912 liebant.
323 3847 526 3920 ‘vulcanalia’,
549 3853 569 3914 i.
593 3850 666 3910 iesta
682 3850 802 3910 Vulcani
826 3858 855 3910 et
877 3850 984 3910 dicitur
1008 3849 1154 3911 Vulcanus
1177 3849 1250 3911 deus
1272 3850 1349 3927 ignis
1371 3848 1455 3928 quasi

157 4001 392 4010 ——--—-.--—....

157 4103 256 4153 sauciat
273 4103 342 4166 (cod.
361 4104 480 4166 sanctiet)
503 4120 598 4170 corpus
621 4105 638 4158 i.
657 4104 790 4153 confirmet
813 4105 916 4163 (Graeca
939 4105 995 4155 cod.
1018 4102 1100 4154 Bern.
1120 4106 1172 4154 386
1191 4103 1212 4165 s.
1232 4101 1267 4152 db
1289 4119 1370 4168 marg.
1389 4104 1453 4154 eina

157 4169 271 4236 Sanguis
289 4171 422 4236 singulare
441 4185 492 4233 est,
511 4173 629 4234 quamuis
648 4172 764 4237 legamus
783 4173 961 4236 ‘sanguinum’
974 4184 999 4222 et
1010 4172 1216 4237 ‘sanguinibus’,
1234 4171 1303 4234 quod
1320 4171 1453 4236 inproprie

157 4250 205 4290 est.
234 4236 347 4305 Sanguis
364 4240 457 4290 dicitur
474 4255 490 4289 a
508 4241 647 4290 sanciendo
666 4241 682 4289 i.
701 4238 903 4290 acondrmaudo
922 4254 952 4289 eo
970 4240 1040 4301 qarod
1057 4241 1166 4290 sanctiet
1184 4240 1200 4292 i.
1220 4237 1353 4289 confirmet
1370 4238 1453 4288 homi-

157 4321 216 4358 nem
233 4307 274 4356 uel
292 4308 400 4373 sanguis
418 4308 510 4359 dicitnr
528 4324 543 4358 a
561 4309 687 4358 serenitate
705 4322 735 4358 eo
754 4308 824 4369 quod
842 4309 954 4358 strauiter
971 4307 1122 4369 sanciatur.)

226 4412 242 4460 b
259 4405 357 4458 ¹”mann
427 4411 441 4460 7
460 4410 583 4515 similpper·,
600 4425 733 4475 suprascr.
748 4409 911 4474 singulariter
923 4410 1063 4460 declinatur
1132 4411 1164 4459 10
1176 4407 1309 4469 clamabat,
1321 4423 1453 4474 suprascr.

550 4486 575 4515 u!
1359 4498 1361 4502 ·

157 4528 216 4580 kalo
234 4529 292 4578 kalo
392 4531 422 4579 11
442 4529 475 4579 nd
493 4528 619 4588 Q
637 4528 697 4592 (sic)
802 4531 834 4579 13
852 4538 877 4579 et
894 4530 1005 4634 qma-
1025 4530 1057 4578 14
1074 4527 1212 4578 elleruntur
1230 4529 1256 4578 in
1272 4544 1352 4594 marp.
1375 4528 1454 4632 dieitluff

156 4648 223 4710 duo,
239 4663 372 4712 suprascr.
391 4648 407 4700 i.
428 4648 467 4696 uir·
485 4657 509 4697 et
526 4647 621 4697 lemine
706 4650 739 4699 20
757 4648 826 4712 greci
912 4650 945 4699 23
969 4662 1060 4697 aurora
1146 4649 1180 4697 24
1197 4663 1271 4713 grece
1289 4647 1403 4711 argirion

156 4717 190 4768 2⁶
208 4717 226 4770 i.
244 4711 340 4782 liquor]
359 4718 386 4766 in
402 4731 496 4781 uturp:
517 4718 603 4766 omnia
622 4717 725 4766 nomina
744 4731 809 4779 alnae
827 4716 859 4764 ad
878 4730 1022 4765 mensurum
1041 4715 1116 4765 etad
1134 4717 1237 4780 pondus
1255 4716 1382 4780 pertinent
1400 4713 1454 4763 siu-

156 4783 279 4850 gulariter
296 4783 455 4834 declinentur
523 4786 556 4836 30
573 4785 707 4835 ministrae
724 4784 874 4848 -quondo
893 4785 981 4835 liores.
993 4821 998 4835 .
1009 4821 1032 4834 ..
1056 4785 1082 4834 in
1099 4800 1180 4849 marg.

181 4875 278 4919 (im.
292 4885 346 4918 nau.
359 4876 442 4918 Sumo.
1217 4870 1248 4919 16
